2047 3179
891 164 973 200 AN.
1006 163 1096 200 1555
1739 159 1812 198 763

869 614 1102 668 ODLIV

246 840 520 879 Fructuosus
542 842 695 879 Andre

295 906 416 944 Patri
437 909 603 954 Ignatio
623 909 675 944 de
698 908 880 955 Loyola.

340 972 500 1019 Ebora,
522 972 564 1009 31
588 973 845 1010 Decembris
864 974 954 1009 1555
975 973 999 1007 ¹.

975 1113 1003 1159 ,Γ

255 1252 418 1294 Gratia
441 1260 486 1293 et
508 1253 715 1294 charitas
736 1253 808 1293 Xft
838 1253 965 1306 jesu,
988 1253 1111 1293 adsit
1132 1264 1317 1304 semper
1338 1252 1486 1292 nobis.
1510 1251 1678 1291 Amen.

257 1324 373 1365 Cum
387 1336 440 1364 ea
459 1336 577 1376 quae
596 1325 914 1376 superioribus
931 1325 1013 1365 4.οῑ
1038 1324 1273 1364 mensibus
1286 1324 1444 1363 diuina
1460 1322 1667 1362 bonitate
1682 1321 1806 1373 apud

176 1406 263 1435 nos
289 1401 423 1446 gesta
455 1402 576 1446 sunt,
610 1396 667 1435 ad
696 1402 753 1446 te,
787 1395 924 1435 Pater
955 1395 1295 1445 colendissime,
1327 1400 1377 1434 vt
1405 1393 1709 1433 constitutum
1737 1399 1806 1432 est

178 1467 533 1516 perscriberem,
559 1467 647 1506 hoc
669 1467 783 1506 mihi
802 1467 1030 1518 imprimis
1053 1477 1154 1506 sese
1185 1464 1483 1505 scribendum
1510 1464 1688 1514 obtulit,
1721 1462 1804 1502 Pa-

176 1543 271 1577 tres
293 1537 556 1588 fratresque
579 1549 755 1586 omnes,
780 1544 875 1577 tum
898 1548 1097 1588 magnos
1125 1537 1172 1576 in
1201 1537 1373 1576 uirtute
1403 1536 1558 1576 facere
1589 1544 1805 1585 progres-

180 1620 274 1658 sus,
298 1614 397 1648 tum
419 1609 559 1648 etiam
580 1608 627 1648 in
649 1609 823 1659 regulis
844 1608 1089 1648 seruandis
1110 1608 1156 1647 in
1185 1607 1283 1647 dies
1310 1607 1535 1657 singulos,
1565 1605 1666 1645 Deo
1693 1615 1806 1655 gra-

175 1679 259 1730 tia,
284 1692 374 1720 non
396 1680 695 1720 mediocriter
715 1679 962 1731 proficere;
986 1678 1167 1719 accedit
1188 1690 1241 1718 eo
1265 1677 1517 1728 singularis
1534 1677 1581 1716 in
1596 1675 1804 1727 parendo

176 1751 399 1790 alacritas
421 1757 464 1790 et
486 1751 656 1791 ardens
676 1751 724 1790 in
744 1750 1030 1802 proficiendo
1053 1749 1269 1789 studium.
1293 1749 1397 1788 Hoc
1419 1754 1576 1788 autem
1605 1746 1680 1787 X}
1709 1752 1801 1797 opt.

182 1832 307 1861 max.
346 1822 550 1861 aduentu
585 1822 708 1861 misit
743 1822 792 1861 P.
829 1820 1001 1861 Rector
1035 1820 1048 1838 ²
1079 1820 1161 1859 401·
1187 1820 1233 1859 in
1267 1819 1404 1859 huius
1437 1818 1567 1858 vrbis
1601 1816 1805 1858 xenodo-

174 1892 332 1932 chium
359 1899 410 1932 vt
449 1892 657 1943 aegrotis
693 1892 995 1941 inseruirent3
1026 1891 1086 1930 ibi
1117 1902 1220 1930 cum
1249 1890 1327 1929 alii
1355 1889 1474 1929 febri
1499 1889 1802 1938 iactarentur,

180 1963 259 2003 alii
278 1963 453 2003 morbis
474 1964 578 2003 aliis
607 1963 818 2015 grauiter
849 1962 1198 2012 afflictarentur,
1234 1962 1405 2002 fratres
1434 1959 1581 2000 nostri
1611 1960 1805 2000 lectulos

179 2034 396 2074 omnibus
418 2037 705 2084 sternebant,
730 2034 859 2074 cibos
886 2034 1114 2085 parabant
1142 2039 1185 2072 et
1216 2032 1537 2084 apponebant,
1557 2031 1805 2082 omniaque

174 2105 315 2145 etiam
342 2105 532 2146 sordida
561 2106 818 2145 ministeria
849 2105 1094 2155 diligenter
1125 2104 1335 2152 obibant,
1369 2103 1584 2142 omnibus
1614 2107 1802 2153 praesto

172 2183 320 2226 erant,
346 2188 516 2228 aquam
538 2177 912 2227 comportabant,
936 2187 1075 2226 saepe
1097 2175 1238 2215 etiam
1259 2175 1470 2214 detracto
1488 2173 1628 2224 pallio
1646 2184 1804 2213 rerum

173 2248 551 2295 necessariarum
570 2248 727 2298 gratia
747 2247 877 2286 foras
899 2246 1101 2296 exibant,
1127 2252 1314 2285 caetera
1337 2245 1536 2295 denique
1557 2255 1802 2295 quaecum-

176 2330 264 2370 que
286 2330 403 2370 opus
424 2325 572 2365 erant,
596 2319 700 2370 pari
723 2317 964 2368 diligentia
988 2329 1042 2356 ac
1065 2328 1223 2356 amore
1241 2315 1602 2366 exequebantur.
1623 2314 1694 2354 Ex
1710 2325 1802 2365 quo

173 2401 347 2441 magna
369 2389 470 2430 Deo
494 2396 588 2440 opt.
615 2401 736 2428 max.
763 2390 864 2428 laus
886 2388 1059 2428 tributa
1081 2394 1164 2427 est.

222 2550 232 2570 ¹
272 2550 519 2584 Autographae
536 2549 567 2576 in
583 2549 662 2576 folio
679 2548 814 2582 duplici,
830 2555 883 2574 nn.
899 2547 952 2574 569
966 2552 1000 2574 et
1014 2547 1075 2574 570.
1092 2547 1145 2573 Ex
1160 2548 1286 2574 volum.
1301 2546 1379 2573 anni
1399 2545 1476 2574 1556.

223 2598 236 2617 ⁶.»
275 2598 374 2625 Haud
391 2598 490 2624 facile
507 2597 689 2623 decernere
705 2600 755 2623 est
771 2596 927 2630 quisnam
942 2600 1034 2622 esset
1050 2595 1113 2622 hoc
1130 2599 1281 2628 tempore
1298 2594 1442 2627 Collegii
1460 2592 1642 2620 Eborensis
1664 2593 1803 2620 Rector.

169 2645 229 2673 Ait
246 2646 336 2672 enim
351 2645 494 2672 TssLfflz:
511 2643 554 2670 “O
570 2643 682 2670 Padre
698 2642 863 2670 Melchior
879 2642 1057 2675 Carneiro,
1073 2642 1245 2669 conforme
1261 2641 1394 2669 minhas
1409 2645 1545 2674 comas,
1562 2644 1722 2673 comficou
1743 2647 1803 2668 seu

168 2692 365 2728 Reytorado
380 2700 420 2719 no
437 2700 525 2719 anno
541 2692 579 2718 de
597 2692 674 2723 1551.
690 2696 720 2718 et
738 2691 896 2718 continuo
913 2693 970 2718 ate
986 2698 1003 2717 0
1019 2691 1059 2717 de
1077 2690 1145 2717 1555
1161 2690 1349 2722 exclusivo.
1371 2697 1500 2724 porque
1524 2697 1559 2716 se
1584 2689 1696 2723 partio
1719 2695 1804 2723 pera

167 2739 294 2767 Lisboa
308 2740 410 2767 ainda
426 2747 467 2766 no
482 2747 569 2766 anno
586 2739 624 2765 de
642 2738 710 2765 1554
724 2746 743 2765 a
758 2745 966 2772 prepararse
982 2745 1064 2772 pera
1079 2745 1099 2765 a
1114 2738 1265 2770 missam;
1281 2742 1314 2764 et
1329 2745 1371 2764 no
1387 2738 1426 2764 de
1444 2736 1512 2764 1556
1526 2737 1583 2772 foy
1606 2736 1738 2771 Reytor
1762 2735 1803 2762 de

166 2786 284 2814 Evora
296 2795 314 2813 o
328 2787 362 2814 P.
375 2787 483 2814 Leam
497 2786 674 2820 Euriqucs,
689 2793 784 2813 como
797 2786 1012 2819 lai-gamente
1024 2792 1193 2818 veremos;
1207 2789 1241 2811 et
1253 2792 1326 2811 com
1339 2785 1448 2811 haver
1459 2787 1610 2811 somente
1626 2784 1708 2810 dous
1719 2789 1804 2817 pera

168 2838 239 2861 tres
254 2841 360 2861 annos
376 2841 484 2867 vagos
500 2836 596 2860 entre
613 2841 630 2860 0
646 2833 681 2860 P.
695 2833 860 2860 Melchior
877 2832 1066 2868 Carneyro,
1082 2837 1115 2859 et
1131 2840 1148 2859 o
1166 2832 1276 2859 Padre
1288 2832 1394 2859 Learn
1409 2831 1612 2866 Henriques‚
1629 2830 1715 2858 acho
1728 2837 1801 2857 eom

167 2881 248 2908 tudo
263 2888 326 2916 que
342 2885 437 2908 neste
453 2888 558 2915 pouco
575 2886 687 2915 tempo
702 2881 812 2908 houve
828 2888 880 2908 em
894 2881 1013 2907 Evora
1029 2886 1151 2915 quatro
1167 2880 1346 2914 Reytores.
1363 2888 1424 2914 que
1444 2880 1555 2907 soram
1577 2887 1595 2906 o
1619 2879 1654 2906 P.
1676 2878 1804 2913 Miguel

167 2929 208 2956 de
223 2928 363 2962 Barros,
379 2937 397 2956 o
414 2929 448 2955 Ρ.
465 2929 608 2956 Assonso
624 2929 783 2961 Barreto,
798 2936 815 2956 o
838 2928 873 2956 P.
897 2928 1030 2956 Marcos
1045 2928 1159 2963 Jorge,
1183 2933 1216 2956 et
1239 2936 1257 2956 ο
1284 2930 1317 2955 Ρ.
1343 2928 1500 2956 Cornelio
1524 2927 1675 2960 Comes„
1701 2926 1803 2954 Chro-

171 2976 250 3003 nica
266 2976 309 3003 de
328 2975 545 3010 Compcwlzz'a
561 2977 603 3003 de
618 2976 706 3010 Jesu
723 2984 777 3003 em
795 2976 975 3010 Portugal.
992 2976 1088 3003 Part.
1104 2983 1138 3006 11.
1155 2977 1210 3003 lib.
1227 2985 1259 3008 v.
1276 2984 1349 3010 cap.
1369 2977 1409 3008 lo,
1427 2983 1462 3003 n.
1481 2975 1507 3002 4.
