2047 3179
868 132 953 170 AN.
983 134 1075 170 1555
1719 136 1787 173 711

155 235 445 280 peruagatus
465 230 715 270 multorum
736 230 936 280 animOS,
960 241 1014 270 eo
1045 229 1170 282 quod
1191 242 1283 270 non
1305 230 1622 272 interfuissent
1647 233 1789 272 actio-

152 300 219 348 ni,
243 299 402 340 dolore
420 300 624 341 afficeret
645 313 700 341 ac
722 301 951 341 desiderio
978 301 1221 352 spectandi
1252 301 1536 342 incenderet.
1561 301 1698 343 Vnde
1729 304 1788 343 ob

158 371 466 421 quorumdam
485 384 664 424 preces,
682 372 880 412 Vtilitate
901 371 968 412 rei
984 383 1231 423 perpensa,
1252 384 1344 412 non
1363 373 1499 424 paulo
1518 375 1789 414 accuratius

159 441 249 481 alio
272 442 474 493 quodam
494 442 612 483 festo
635 443 708 483 die
729 442 892 483 eadem
913 442 1158 493 tragoedia
1181 443 1348 483 iterum
1366 449 1434 483 est
1453 443 1674 483 exhibita.
1694 444 1787 484 Ad-

154 511 341 552 fuerunt
361 519 458 554 tum
479 514 728 565 praecipue
749 514 838 554 Viri
858 513 1098 554 nobilitate
1119 524 1175 553 ac
1197 513 1424 564 dignitate
1448 513 1666 561 illustres,
1687 521 1786 555 tum

155 594 215 622 ex
236 584 354 623 aulis
376 584 532 635 regiis,
557 591 655 625 tum
671 597 729 625 ex
746 585 934 625 ciuitate
958 591 1002 624 et
1018 584 1261 624 academia
1281 584 1541 624 viennensi.
1562 584 1724 625 Adfuit
1743 592 1787 626 et

155 652 215 693 ad
235 653 324 693 hoc
345 657 664 705 spectaculum
696 655 901 696 maxima
930 655 1170 695 hominum
1191 655 1436 706 Vtriusque
1466 666 1607 695 sexus
1636 657 1785 696 multi-

153 723 279 774 tudo,
304 736 420 776 quos
440 726 734 766 miserandae
756 726 1121 767 vociferationes
1144 725 1328 765 animae
1350 724 1602 766 damnatae
1634 727 1783 767 cuius-

150 793 259 834 dam
281 794 458 847 Euripi,
482 804 526 836 et
546 797 779 837 horrenda
801 809 856 837 ac
878 796 1082 838 terrifica
1100 796 1257 847 imago
1274 795 1444 836 inferni
1460 796 1621 837 ficticii
1637 808 1786 849 Vsque

150 865 270 906 adeo
292 868 558 918 commouit,
578 874 628 908 vt
649 869 754 908 hinc
774 868 1066 920 propositum
1083 867 1290 908 melioris
1306 868 1433 907 vitae
1449 868 1661 908 nonnulli
1678 879 1785 908 con-

153 938 378 989 ceperint.
404 937 453 978 Id
473 939 630 979 testati
651 945 757 980 sunt
779 945 823 979 et
845 939 946 991 ipsi,
972 939 1082 990 quin
1114 945 1157 979 et
1184 938 1460 990 lachrymae
1488 945 1787 990 erumpentes

152 1014 197 1048 et
217 1009 420 1059 gemitus
441 1009 578 1049 huius
598 1010 665 1050 rei
686 1010 811 1050 haud
831 1010 1080 1050 obscuram
1102 1009 1315 1050 fecerunt
1343 1009 1494 1049 fidem.
1519 1007 1679 1061 Neque
1711 1010 1785 1050 de-

149 1078 338 1120 fuerunt
373 1092 431 1119 ex
466 1080 522 1120 iis
556 1081 899 1132 spectatoribus
934 1081 1076 1121 etiam
1109 1080 1392 1132 praecipuae
1423 1086 1578 1131 notae,
1618 1080 1696 1132 qui
1727 1093 1786 1121 ex

150 1150 560 1191 commiseratione
589 1151 871 1202 animarum,
902 1163 1020 1203 quae
1048 1151 1156 1203 igne
1186 1151 1461 1203 purgatorio
1493 1152 1780 1201 cruciantur,

149 1220 320 1261 Missas
347 1221 447 1261 fieri
475 1229 772 1262 curauerunt.
801 1222 932 1263 Haec
964 1222 1068 1263 ideo
1100 1233 1296 1262 narrare
1325 1222 1532 1262 collibuit
1562 1222 1784 1273 quoniam

148 1298 333 1343 praeter
355 1304 547 1332 causam
568 1293 706 1333 modo
728 1293 902 1333 dictam
923 1305 1017 1333 non
1034 1304 1200 1345 parum
1217 1292 1369 1333 laudis
1386 1299 1524 1344 atque
1543 1292 1782 1333 commodi

146 1363 303 1403 attulit
322 1364 496 1404 nostris
517 1364 690 1404 scholis
711 1376 765 1404 ea
787 1364 977 1416 puerilis
998 1365 1136 1405 actio.

227 1434 298 1474 De
320 1435 623 1475 concionibus
645 1441 913 1476 nostrorum
932 1447 1025 1475 non
1046 1435 1195 1476 habeo
1218 1435 1342 1486 quod
1364 1435 1423 1475 ad
1445 1447 1522 1486 ea,
1547 1446 1666 1486 quae
1699 1446 1778 1475 nu-

145 1516 229 1556 per
251 1505 428 1557 scripta
449 1513 570 1556 sunt,
596 1505 779 1557 addam,
800 1506 889 1546 nisi
911 1506 1035 1558 quod
1056 1518 1115 1547 ex
1131 1507 1306 1546 nostris
1322 1505 1413 1546 duo
1433 1506 1674 1557 coeperint
1690 1506 1780 1546 hoc

147 1587 284 1616 sacro
305 1576 526 1617 Aduentu
547 1577 729 1629 publice
751 1577 1047 1628 concionari,
1078 1588 1193 1629 quos
1214 1576 1654 1617 Reuerendissimus
1674 1577 1780 1628 Epi-

149 1658 321 1698 scopus
342 1648 605 1688 labacensis
628 1647 637 1666 ¹
655 1680 662 1698 ,
686 1654 736 1688 vt
758 1648 949 1689 maioris
967 1655 1122 1688 essent
1145 1648 1268 1699 apud
1284 1649 1509 1699 populum
1527 1648 1780 1688 authorita-

146 1717 221 1768 tis,
259 1718 407 1758 suasit
443 1719 502 1758 ad
540 1719 816 1759 diaconatus
854 1719 1131 1770 dignitatem
1172 1718 1454 1770 promoueri.
1495 1717 1555 1758 Hi
1589 1718 1776 1770 fratres,

145 1789 538 1839 quemadmodum
560 1796 604 1829 et
625 1789 726 1840 alii,
751 1790 916 1841 quibus
948 1791 1173 1830 talentum
1202 1789 1515 1829 concionandi
1548 1788 1778 1830 Dominus

145 1857 275 1899 Deus
305 1860 480 1911 tribuit,
518 1861 680 1901 diebus
715 1860 960 1901 dominicis
997 1873 1051 1901 ac
1087 1860 1218 1901 festis
1252 1860 1448 1900 verbum
1483 1860 1571 1900 Dei
1605 1862 1776 1912 populo

143 1931 490 1971 communicant
512 1943 672 1972 omnes
694 1932 741 1972 in
761 1932 960 1972 diuersis
982 1932 1191 1972 ecclesiis
1212 1931 1349 1971 huius
1371 1931 1592 1982 ciuitatis;
1613 1938 1656 1971 et
1679 1932 1777 1983 qui·

140 2000 251 2040 dam
272 2001 438 2042 horum
460 2002 601 2042 etiam
619 2014 778 2043 coram
799 2002 928 2054 Rege
950 2002 963 2020 ²
987 2010 1030 2042 et
1053 2003 1151 2043 eius
1169 2002 1273 2042 filiis
1295 2003 1342 2042 in
1359 2003 1529 2054 templo
1547 2001 1771 2053 Augusti-

140 2072 355 2112 nensium
375 2073 621 2124 aliquoties
642 2073 911 2113 concionati
932 2080 1054 2123 sunt,
1085 2085 1177 2113 non
1208 2073 1307 2113 sine
1336 2073 1544 2125 ipsorum
1575 2073 1774 2113 admira-

141 2142 268 2182 tione
288 2154 343 2182 ac
366 2143 686 2184 satisfactione
707 2150 757 2184 vt
779 2150 823 2184 et
844 2144 1043 2184 aliorum
1071 2144 1298 2194 omnium,
1328 2144 1417 2183 nisi
1443 2143 1643 2184 fortasse
1676 2144 1771 2195 qui-

143 2211 230 2252 bus
251 2213 466 2254 doctrina
488 2214 720 2255 catholica
747 2214 881 2255 desiit
910 2215 1062 2255 minus
1090 2215 1200 2265 (sse)
1230 2215 1346 2255 bene
1374 2226 1554 2266 sapere.
1590 2214 1773 2255 Primus

143 2283 268 2334 apud
284 2283 460 2335 Regem
478 2285 589 2325 obiit
605 2285 728 2326 istud
744 2297 911 2326 munus
927 2285 983 2326 D.
1004 2286 1234 2326 Martinus
1246 2285 1575 2326 Stiuordianus
1591 2284 1620 2334 ⁵,
1640 2285 1774 2326 cuius

142 2355 323 2405 concio,
347 2361 398 2395 Vt
419 2362 520 2395 erat
541 2356 727 2396 feruens
748 2362 792 2396 et
812 2357 904 2408 pia,
927 2356 1047 2407 Regi
1065 2357 1181 2397 adeo
1203 2356 1462 2408 perplacuit
1481 2363 1531 2396 vt
1550 2368 1656 2396 eum
1672 2368 1773 2397 sae-

141 2425 246 2477 pius
267 2426 430 2465 audire
451 2426 694 2477 cupiuerit.
718 2426 1119 2478 Quemadmodum
1145 2433 1189 2467 et
1209 2427 1385 2467 factum
1415 2432 1497 2467 est.
1530 2425 1770 2468 Successit

142 2496 208 2536 illi
229 2496 276 2536 in
302 2497 420 2536 festo
443 2496 553 2536 Diui
580 2496 805 2548 Stephani
832 2497 880 2537 P.
917 2497 1143 2538 Godanus
1174 2496 1202 2538 ¹².
1231 2497 1427 2549 Reliqui,
1457 2504 1508 2537 vt
1535 2505 1768 2549 putamus,

139 2567 499 2618 subsequentur.

219 2636 421 2678 Fructus
455 2639 621 2679 harum
652 2639 930 2680 concionum
957 2647 1026 2680 est
1054 2640 1237 2680 auctior
1268 2639 1586 2680 confitentium
1614 2651 1770 2680 nume-

244 2796 404 2824 Urbanus
418 2796 560 2824 Weber.

244 2843 459 2871 Ferdinando
474 2844 499 2871 1.

245 2890 331 2917 Vide
346 2898 460 2925 supra,
477 2896 499 2918 t.
514 2898 536 2925 1,
551 2899 627 2926 pag.
645 2892 703 2919 146.

246 2939 277 2965 Ρ.
295 2938 453 2966 Nicolaus
469 2938 661 2967 Goudanus.

192 2796 206 2958 &tatw-
