<?xml version="1.0" encoding="UTF-8"?>
<!DOCTYPE html PUBLIC "-//W3C//DTD XHTML 1.0 Transitional//EN"
    "http://www.w3.org/TR/xhtml1/DTD/xhtml1-transitional.dtd">
<html xmlns="http://www.w3.org/1999/xhtml" xml:lang="en" lang="en">
 <head>
  <title>
</title>
<meta http-equiv="Content-Type" content="text/html;charset=utf-8" />
  <meta name='ocr-system' content='tesseract 3.04.00' />
  <meta name='ocr-capabilities' content='ocr_page ocr_carea ocr_par ocr_line ocrx_word'/>
</head>
<body>
  <div class='ocr_page' id='page_1' title='image "./litteraequadrime15lain_0449.png"; bbox 0 0 2047 3179; ppageno 0'>
   <div class='ocr_carea' id='block_1_1' title="bbox 897 173 1820 211">
    <p class='ocr_par' dir='ltr' id='par_1_1' title="bbox 897 173 1820 211">
     <span class='ocr_line' id='line_1_1' title="bbox 897 173 1820 211; baseline -0.008 -1"><span class='ocrx_word' id='word_1_1' title='bbox 897 173 980 210; x_wconf 78' lang='lat' dir='ltr'>AN.</span> <span class='ocrx_word' id='word_1_2' title='bbox 1013 173 1103 209; x_wconf 73' lang='lat'>1555</span> <span class='ocrx_word' id='word_1_3' title='bbox 1749 174 1820 211; x_wconf 75' lang='grc'>443</span> 
     </span>
    </p>
   </div>
   <div class='ocr_carea' id='block_1_2' title="bbox 184 268 1818 736">
    <p class='ocr_par' dir='ltr' id='par_1_2' title="bbox 184 268 1818 736">
     <span class='ocr_line' id='line_1_2' title="bbox 184 268 1814 321; baseline 0.001 -12"><span class='ocrx_word' id='word_1_4' title='bbox 184 268 310 309; x_wconf 88' lang='lat' dir='ltr'>idem</span> <span class='ocrx_word' id='word_1_5' title='bbox 335 276 556 321; x_wconf 87' lang='lat' dir='ltr'>praestet,</span> <span class='ocrx_word' id='word_1_6' title='bbox 581 276 629 310; x_wconf 92' lang='lat' dir='ltr'>ut</span> <span class='ocrx_word' id='word_1_7' title='bbox 656 269 882 309; x_wconf 87' lang='lat' dir='ltr'>foeliciter</span> <span class='ocrx_word' id='word_1_8' title='bbox 914 280 1103 309; x_wconf 88' lang='lat' dir='ltr'>cursum</span> <span class='ocrx_word' id='word_1_9' title='bbox 1126 276 1169 309; x_wconf 89' lang='lat' dir='ltr'>et</span> <span class='ocrx_word' id='word_1_10' title='bbox 1191 270 1315 309; x_wconf 82' lang='lat' dir='ltr'>uitae</span> <span class='ocrx_word' id='word_1_11' title='bbox 1351 276 1393 309; x_wconf 74' lang='lat' dir='ltr'>ct</span> <span class='ocrx_word' id='word_1_12' title='bbox 1420 270 1644 310; x_wconf 84' lang='lat' dir='ltr'>uirtutum</span> <span class='ocrx_word' id='word_1_13' title='bbox 1667 271 1814 311; x_wconf 86' lang='lat' dir='ltr'>absol-</span> 
     </span>
     <span class='ocr_line' id='line_1_3' title="bbox 187 339 1817 392; baseline 0.001 -12"><span class='ocrx_word' id='word_1_14' title='bbox 187 346 314 389; x_wconf 86' lang='lat' dir='ltr'>uant,</span> <span class='ocrx_word' id='word_1_15' title='bbox 339 341 544 392; x_wconf 77' lang='lat' dir='ltr'>mihique</span> <span class='ocrx_word' id='word_1_16' title='bbox 565 341 690 380; x_wconf 87' lang='lat' dir='ltr'>uires</span> <span class='ocrx_word' id='word_1_17' title='bbox 711 339 946 390; x_wconf 87' lang='lat' dir='ltr'>adhibeat,</span> <span class='ocrx_word' id='word_1_18' title='bbox 970 340 1138 392; x_wconf 88' lang='lat' dir='ltr'>quibus</span> <span class='ocrx_word' id='word_1_19' title='bbox 1160 340 1335 391; x_wconf 89' lang='lat' dir='ltr'>possim</span> <span class='ocrx_word' id='word_1_20' title='bbox 1366 340 1529 380; x_wconf 81' lang='lat' dir='ltr'>Patres</span> <span class='ocrx_word' id='word_1_21' title='bbox 1561 347 1605 380; x_wconf 91' lang='lat' dir='ltr'>et</span> <span class='ocrx_word' id='word_1_22' title='bbox 1626 342 1817 382; x_wconf 84' lang='lat' dir='ltr'>Fratres</span> 
     </span>
     <span class='ocr_line' id='line_1_4' title="bbox 184 410 1817 462; baseline 0.001 -12"><span class='ocrx_word' id='word_1_23' title='bbox 184 410 272 451; x_wconf 87' lang='lat' dir='ltr'>hos</span> <span class='ocrx_word' id='word_1_24' title='bbox 300 412 364 451; x_wconf 86' lang='lat' dir='ltr'>ita</span> <span class='ocrx_word' id='word_1_25' title='bbox 391 418 633 452; x_wconf 88' lang='lat' dir='ltr'>currentes</span> <span class='ocrx_word' id='word_1_26' title='bbox 668 411 860 462; x_wconf 76' lang='lat' dir='ltr'>insequi,</span> <span class='ocrx_word' id='word_1_27' title='bbox 900 423 1047 462; x_wconf 88' lang='lat' dir='ltr'>eaque</span> <span class='ocrx_word' id='word_1_28' title='bbox 1076 417 1334 462; x_wconf 86' lang='lat' dir='ltr'>praestare,</span> <span class='ocrx_word' id='word_1_29' title='bbox 1369 411 1427 450; x_wconf 89' lang='lat' dir='ltr'>ad</span> <span class='ocrx_word' id='word_1_30' title='bbox 1459 423 1578 462; x_wconf 88' lang='lat' dir='ltr'>quae</span> <span class='ocrx_word' id='word_1_31' title='bbox 1613 424 1716 452; x_wconf 84' lang='lat' dir='ltr'>mea</span> <span class='ocrx_word' id='word_1_32' title='bbox 1745 424 1817 452; x_wconf 91' lang='lat' dir='ltr'>me</span> 
     </span>
     <span class='ocr_line' id='line_1_5' title="bbox 187 482 1817 534; baseline 0.001 -12"><span class='ocrx_word' id='word_1_33' title='bbox 187 483 373 522; x_wconf 88' lang='lat' dir='ltr'>uocatio</span> <span class='ocrx_word' id='word_1_34' title='bbox 397 483 587 533; x_wconf 82' lang='lat' dir='ltr'>obligat,</span> <span class='ocrx_word' id='word_1_35' title='bbox 613 494 668 522; x_wconf 89' lang='lat' dir='ltr'>ac</span> <span class='ocrx_word' id='word_1_36' title='bbox 689 489 739 522; x_wconf 93' lang='lat' dir='ltr'>ut</span> <span class='ocrx_word' id='word_1_37' title='bbox 760 493 816 522; x_wconf 91' lang='lat' dir='ltr'>ea</span> <span class='ocrx_word' id='word_1_38' title='bbox 836 482 1023 534; x_wconf 80' lang='lat' dir='ltr'>assequi</span> <span class='ocrx_word' id='word_1_39' title='bbox 1038 483 1240 532; x_wconf 89' lang='lat' dir='ltr'>valeam,</span> <span class='ocrx_word' id='word_1_40' title='bbox 1265 493 1385 533; x_wconf 83' lang='lat' dir='ltr'>quae</span> <span class='ocrx_word' id='word_1_41' title='bbox 1406 488 1454 521; x_wconf 91' lang='lat' dir='ltr'>tu</span> <span class='ocrx_word' id='word_1_42' title='bbox 1476 482 1522 521; x_wconf 89' lang='lat' dir='ltr'>in</span> <span class='ocrx_word' id='word_1_43' title='bbox 1543 482 1635 522; x_wconf 90' lang='lat' dir='ltr'>tuis</span> <span class='ocrx_word' id='word_1_44' title='bbox 1653 483 1817 523; x_wconf 88' lang='lat' dir='ltr'>ouibus</span> 
     </span>
     <span class='ocr_line' id='line_1_6' title="bbox 191 552 1818 604; baseline 0 -12"><span class='ocrx_word' id='word_1_45' title='bbox 191 553 411 593; x_wconf 75' lang='lat' dir='ltr'><strong>ardenter</strong></span> <span class='ocrx_word' id='word_1_46' title='bbox 441 553 712 604; x_wconf 88' lang='lat' dir='ltr'>desyderas,</span> <span class='ocrx_word' id='word_1_47' title='bbox 747 565 909 593; x_wconf 89' lang='lat' dir='ltr'>omnes</span> <span class='ocrx_word' id='word_1_48' title='bbox 944 559 1171 604; x_wconf 85' lang='lat' dir='ltr'>quotquot</span> <span class='ocrx_word' id='word_1_49' title='bbox 1205 564 1366 592; x_wconf 90' lang='lat' dir='ltr'>sumus</span> <span class='ocrx_word' id='word_1_50' title='bbox 1389 553 1448 592; x_wconf 91' lang='lat' dir='ltr'>ad</span> <span class='ocrx_word' id='word_1_51' title='bbox 1482 552 1528 592; x_wconf 90' lang='lat' dir='ltr'>id</span> <span class='ocrx_word' id='word_1_52' title='bbox 1554 553 1707 604; x_wconf 87' lang='lat' dir='ltr'>ipsum</span> <span class='ocrx_word' id='word_1_53' title='bbox 1733 565 1818 593; x_wconf 89' lang='lat' dir='ltr'>nos</span> 
     </span>
     <span class='ocr_line' id='line_1_7' title="bbox 188 623 1818 675; baseline 0 -12"><span class='ocrx_word' id='word_1_54' title='bbox 188 631 296 663; x_wconf 90' lang='lat' dir='ltr'>tuae</span> <span class='ocrx_word' id='word_1_55' title='bbox 317 624 620 664; x_wconf 84' lang='lat' dir='ltr'>Paternitatis</span> <span class='ocrx_word' id='word_1_56' title='bbox 641 623 927 664; x_wconf 87' lang='lat' dir='ltr'>orationibus</span> <span class='ocrx_word' id='word_1_57' title='bbox 960 629 1004 664; x_wconf 91' lang='lat' dir='ltr'>et</span> <span class='ocrx_word' id='word_1_58' title='bbox 1035 623 1279 664; x_wconf 87' lang='lat' dir='ltr'>sacrificiis</span> <span class='ocrx_word' id='word_1_59' title='bbox 1314 624 1711 675; x_wconf 78' lang='lat' dir='ltr'>commendamus,</span> <span class='ocrx_word' id='word_1_60' title='bbox 1745 636 1818 664; x_wconf 88' lang='lat' dir='ltr'>ue-</span> 
     </span>
     <span class='ocr_line' id='line_1_8' title="bbox 187 695 1311 736; baseline 0.001 -2"><span class='ocrx_word' id='word_1_61' title='bbox 187 695 271 734; x_wconf 80' lang='lat' dir='ltr'>luti</span> <span class='ocrx_word' id='word_1_62' title='bbox 299 701 343 734; x_wconf 89' lang='lat' dir='ltr'>te</span> <span class='ocrx_word' id='word_1_63' title='bbox 364 695 521 735; x_wconf 84' lang='lat' dir='ltr'>facere</span> <span class='ocrx_word' id='word_1_64' title='bbox 544 696 660 736; x_wconf 88' lang='lat' dir='ltr'>citra</span> <span class='ocrx_word' id='word_1_65' title='bbox 682 695 1043 736; x_wconf 80' lang='lat' dir='ltr'>haesitationem</span> <span class='ocrx_word' id='word_1_66' title='bbox 1065 696 1311 735; x_wconf 89' lang='lat' dir='ltr'>credimus.</span> 
     </span>
    </p>
   </div>
   <div class='ocr_carea' id='block_1_3' title="bbox 266 765 1736 888">
    <p class='ocr_par' dir='ltr' id='par_1_3' title="bbox 266 765 1736 888">
     <span class='ocr_line' id='line_1_9' title="bbox 268 765 1206 817; baseline 0 -11"><span class='ocrx_word' id='word_1_67' title='bbox 268 766 531 815; x_wconf 84' lang='lat' dir='ltr'>Valentiae,</span> <span class='ocrx_word' id='word_1_68' title='bbox 556 767 773 807; x_wconf 87' lang='lat' dir='ltr'>Calendis</span> <span class='ocrx_word' id='word_1_69' title='bbox 795 765 919 817; x_wconf 87' lang='lat' dir='ltr'>Maii,</span> <span class='ocrx_word' id='word_1_70' title='bbox 945 779 1067 807; x_wconf 89' lang='lat' dir='ltr'>anno</span> <span class='ocrx_word' id='word_1_71' title='bbox 1093 767 1206 807; x_wconf 80' lang='lat' dir='ltr'>looo.</span> 
     </span>
     <span class='ocr_line' id='line_1_10' title="bbox 266 837 1736 888; baseline 0.001 -11"><span class='ocrx_word' id='word_1_72' title='bbox 266 837 394 877; x_wconf 87' lang='lat' dir='ltr'>Tuae</span> <span class='ocrx_word' id='word_1_73' title='bbox 421 837 542 877; x_wconf 62' lang='lat' dir='ltr'>Rdste</span> <span class='ocrx_word' id='word_1_74' title='bbox 572 837 875 878; x_wconf 86' lang='lat' dir='ltr'>Paternitatis</span> <span class='ocrx_word' id='word_1_75' title='bbox 896 849 1064 878; x_wconf 90' lang='lat' dir='ltr'>seruus</span> <span class='ocrx_word' id='word_1_76' title='bbox 1086 838 1441 888; x_wconf 83' lang='lat' dir='ltr'>indignissimus</span> <span class='ocrx_word' id='word_1_77' title='bbox 1464 838 1510 878; x_wconf 89' lang='lat' dir='ltr'>in</span> <span class='ocrx_word' id='word_1_78' title='bbox 1532 837 1736 888; x_wconf 84' lang='lat' dir='ltr'>Christo,</span> 
     </span>
    </p>
   </div>
   <div class='ocr_carea' id='block_1_4' title="bbox 945 980 1605 1022">
    <p class='ocr_par' dir='ltr' id='par_1_4' title="bbox 945 980 1605 1022">
     <span class='ocr_line' id='line_1_11' title="bbox 945 980 1605 1022; baseline -0.002 -1"><span class='ocrx_word' id='word_1_79' title='bbox 945 980 1254 1022; x_wconf 79' lang='lat' dir='ltr'>HIERONYMUS</span> <span class='ocrx_word' id='word_1_80' title='bbox 1284 993 1344 1021; x_wconf 87' lang='lat' dir='ltr'>DE</span> <span class='ocrx_word' id='word_1_81' title='bbox 1374 980 1605 1021; x_wconf 80' lang='lat' dir='ltr'><strong>RIPALDA.</strong></span> 
     </span>
    </p>
   </div>
   <div class='ocr_carea' id='block_1_5' title="bbox 804 1408 1231 1462">
    <p class='ocr_par' dir='ltr' id='par_1_5' title="bbox 804 1408 1231 1462">
     <span class='ocr_line' id='line_1_12' title="bbox 804 1408 1231 1462; baseline -0.002 0"><span class='ocrx_word' id='word_1_82' title='bbox 804 1408 1231 1462; x_wconf 85' lang='lat' dir='ltr'>CCCLXXXII</span> 
     </span>
    </p>
   </div>
   <div class='ocr_carea' id='block_1_6' title="bbox 261 1635 891 1815">
    <p class='ocr_par' dir='ltr' id='par_1_6' title="bbox 261 1635 891 1815">
     <span class='ocr_line' id='line_1_13' title="bbox 261 1635 725 1674; baseline 0.002 -1"><span class='ocrx_word' id='word_1_83' title='bbox 261 1635 483 1673; x_wconf 88' lang='lat' dir='ltr'>Antonius</span> <span class='ocrx_word' id='word_1_84' title='bbox 503 1635 725 1674; x_wconf 86' lang='lat' dir='ltr'>Cordeses</span> 
     </span>
     <span class='ocr_line' id='line_1_14' title="bbox 309 1700 891 1748; baseline 0.003 -11"><span class='ocrx_word' id='word_1_85' title='bbox 309 1701 431 1738; x_wconf 81' lang='lat' dir='ltr'>Patri</span> <span class='ocrx_word' id='word_1_86' title='bbox 449 1700 618 1747; x_wconf 83' lang='lat' dir='ltr'>Ignatio</span> <span class='ocrx_word' id='word_1_87' title='bbox 639 1701 692 1738; x_wconf 88' lang='lat' dir='ltr'>de</span> <span class='ocrx_word' id='word_1_88' title='bbox 707 1701 891 1748; x_wconf 83' lang='lat' dir='ltr'>Loyola.</span> 
     </span>
     <span class='ocr_line' id='line_1_15' title="bbox 355 1765 860 1815; baseline 0 -12"><span class='ocrx_word' id='word_1_89' title='bbox 355 1765 538 1813; x_wconf 80' lang='lat' dir='ltr'>Gandia,</span> <span class='ocrx_word' id='word_1_90' title='bbox 564 1767 579 1803; x_wconf 92' lang='lat'>1</span> <span class='ocrx_word' id='word_1_91' title='bbox 602 1766 706 1815; x_wconf 82' lang='lat' dir='ltr'>Maji</span> <span class='ocrx_word' id='word_1_92' title='bbox 727 1767 817 1805; x_wconf 87' lang='lat'>1555</span> <span class='ocrx_word' id='word_1_93' title='bbox 835 1767 860 1803; x_wconf 91' lang='lat'>¹.</span> 
     </span>
    </p>
   </div>
   <div class='ocr_carea' id='block_1_7' title="bbox 986 1941 1026 2012">
    <p class='ocr_par' dir='ltr' id='par_1_7' title="bbox 986 1941 1026 2012">
     <span class='ocr_line' id='line_1_16' title="bbox 986 1941 1026 2012; baseline 0 -41"><span class='ocrx_word' id='word_1_94' title='bbox 986 1941 1026 2012; x_wconf 67' lang='lat'>†</span> 
     </span>
    </p>
   </div>
   <div class='ocr_carea' id='block_1_8' title="bbox 185 2119 1824 2884">
    <p class='ocr_par' dir='ltr' id='par_1_8' title="bbox 268 2119 1070 2172">
     <span class='ocr_line' id='line_1_17' title="bbox 268 2119 1070 2172; baseline 0.002 -13"><span class='ocrx_word' id='word_1_95' title='bbox 268 2119 381 2171; x_wconf 85' lang='lat' dir='ltr'>Muy</span> <span class='ocrx_word' id='word_1_96' title='bbox 401 2119 503 2160; x_wconf 77' lang='lat' dir='ltr'>R.d0</span> <span class='ocrx_word' id='word_1_97' title='bbox 517 2119 667 2160; x_wconf 84' lang='lat' dir='ltr'>Padre</span> <span class='ocrx_word' id='word_1_98' title='bbox 689 2132 746 2159; x_wconf 92' lang='lat' dir='ltr'>en</span> <span class='ocrx_word' id='word_1_99' title='bbox 765 2119 1070 2172; x_wconf 83' lang='lat' dir='ltr'>JesuchristO.</span> 
     </span>
    </p>

    <p class='ocr_par' dir='ltr' id='par_1_9' title="bbox 191 2185 1822 2315">
     <span class='ocr_line' id='line_1_18' title="bbox 268 2185 1822 2245; baseline 0.002 -14"><span class='ocrx_word' id='word_1_100' title='bbox 268 2192 335 2232; x_wconf 89' lang='lat' dir='ltr'>La</span> <span class='ocrx_word' id='word_1_101' title='bbox 366 2192 551 2242; x_wconf 81' lang='lat' dir='ltr'>gracia,</span> <span class='ocrx_word' id='word_1_102' title='bbox 591 2203 724 2231; x_wconf 87' lang='lat' dir='ltr'>amor</span> <span class='ocrx_word' id='word_1_103' title='bbox 757 2204 788 2242; x_wconf 87' lang='lat' dir='ltr'><strong>y</strong></span> <span class='ocrx_word' id='word_1_104' title='bbox 818 2203 905 2243; x_wconf 82' lang='lat' dir='ltr'>paz</span> <span class='ocrx_word' id='word_1_105' title='bbox 940 2192 995 2232; x_wconf 92' lang='lat' dir='ltr'>de</span> <span class='ocrx_word' id='word_1_106' title='bbox 1029 2193 1288 2245; x_wconf 86' lang='lat' dir='ltr'>Jesucristo</span> <span class='ocrx_word' id='word_1_107' title='bbox 1323 2199 1515 2233; x_wconf 88' lang='lat' dir='ltr'>nuestro</span> <span class='ocrx_word' id='word_1_108' title='bbox 1554 2185 1703 2234; x_wconf 69' lang='lat' dir='ltr'>senor</span> <span class='ocrx_word' id='word_1_109' title='bbox 1744 2206 1822 2234; x_wconf 88' lang='lat' dir='ltr'>sea</span> 
     </span>
     <span class='ocr_line' id='line_1_19' title="bbox 191 2261 1421 2315; baseline 0.002 -13"><span class='ocrx_word' id='word_1_110' title='bbox 191 2263 393 2314; x_wconf 86' lang='lat' dir='ltr'>siempre</span> <span class='ocrx_word' id='word_1_111' title='bbox 417 2274 473 2302; x_wconf 85' lang='lat' dir='ltr'>en</span> <span class='ocrx_word' id='word_1_112' title='bbox 495 2263 534 2302; x_wconf 84' lang='lat' dir='ltr'>el</span> <span class='ocrx_word' id='word_1_113' title='bbox 557 2262 712 2302; x_wconf 83' lang='lat' dir='ltr'>anima</span> <span class='ocrx_word' id='word_1_114' title='bbox 734 2262 789 2302; x_wconf 91' lang='lat' dir='ltr'>de</span> <span class='ocrx_word' id='word_1_115' title='bbox 810 2261 870 2303; x_wconf 88' lang='lat' dir='ltr'>V.</span> <span class='ocrx_word' id='word_1_116' title='bbox 891 2262 939 2302; x_wconf 83' lang='lat' dir='ltr'>P.</span> <span class='ocrx_word' id='word_1_117' title='bbox 963 2276 994 2315; x_wconf 83' lang='lat' dir='ltr'><strong>y</strong></span> <span class='ocrx_word' id='word_1_118' title='bbox 1016 2264 1071 2303; x_wconf 90' lang='lat' dir='ltr'>de</span> <span class='ocrx_word' id='word_1_119' title='bbox 1093 2264 1245 2304; x_wconf 90' lang='lat' dir='ltr'>todos.</span> <span class='ocrx_word' id='word_1_120' title='bbox 1269 2264 1421 2305; x_wconf 85' lang='lat' dir='ltr'>Amen</span> 
     </span>
    </p>

    <p class='ocr_par' dir='ltr' id='par_1_10' title="bbox 185 2333 1824 2529">
     <span class='ocr_line' id='line_1_20' title="bbox 268 2333 1824 2388; baseline 0.002 -15"><span class='ocrx_word' id='word_1_121' title='bbox 268 2334 336 2374; x_wconf 89' lang='lat' dir='ltr'>La</span> <span class='ocrx_word' id='word_1_122' title='bbox 357 2341 574 2385; x_wconf 74' lang='lat' dir='ltr'>presente</span> <span class='ocrx_word' id='word_1_123' title='bbox 596 2345 645 2373; x_wconf 89' lang='lat' dir='ltr'>es</span> <span class='ocrx_word' id='word_1_124' title='bbox 667 2345 781 2385; x_wconf 82' lang='lat' dir='ltr'>para</span> <span class='ocrx_word' id='word_1_125' title='bbox 803 2333 887 2374; x_wconf 86' lang='lat' dir='ltr'>dar</span> <span class='ocrx_word' id='word_1_126' title='bbox 901 2335 1032 2374; x_wconf 89' lang='lat' dir='ltr'>auiso</span> <span class='ocrx_word' id='word_1_127' title='bbox 1056 2335 1154 2376; x_wconf 78' lang='lat' dir='ltr'>aV.</span> <span class='ocrx_word' id='word_1_128' title='bbox 1179 2335 1228 2375; x_wconf 86' lang='grc' dir='ltr'>Ρ.</span> <span class='ocrx_word' id='word_1_129' title='bbox 1254 2336 1310 2376; x_wconf 87' lang='lat' dir='ltr'>de</span> <span class='ocrx_word' id='word_1_130' title='bbox 1331 2337 1374 2376; x_wconf 91' lang='grc'>10</span> <span class='ocrx_word' id='word_1_131' title='bbox 1393 2348 1479 2388; x_wconf 90' lang='lat' dir='ltr'>que</span> <span class='ocrx_word' id='word_1_132' title='bbox 1497 2337 1537 2377; x_wconf 91' lang='lat' dir='ltr'>el</span> <span class='ocrx_word' id='word_1_133' title='bbox 1555 2336 1716 2386; x_wconf 78' lang='lat' dir='ltr'>Senor,</span> <span class='ocrx_word' id='word_1_134' title='bbox 1737 2348 1824 2388; x_wconf 91' lang='lat' dir='ltr'>por</span> 
     </span>
     <span class='ocr_line' id='line_1_21' title="bbox 186 2405 1818 2459; baseline 0.002 -15"><span class='ocrx_word' id='word_1_135' title='bbox 186 2416 241 2444; x_wconf 91' lang='lat' dir='ltr'>su</span> <span class='ocrx_word' id='word_1_136' title='bbox 262 2405 465 2455; x_wconf 78' lang='lat' dir='ltr'>bondad,</span> <span class='ocrx_word' id='word_1_137' title='bbox 490 2408 516 2444; x_wconf 78' lang='lat' dir='ltr'>a</span> <span class='ocrx_word' id='word_1_138' title='bbox 537 2405 690 2455; x_wconf 82' lang='lat' dir='ltr'>gloria</span> <span class='ocrx_word' id='word_1_139' title='bbox 712 2416 829 2456; x_wconf 87' lang='lat' dir='ltr'>suya</span> <span class='ocrx_word' id='word_1_140' title='bbox 851 2405 910 2445; x_wconf 85' lang='lat' dir='ltr'>ha</span> <span class='ocrx_word' id='word_1_141' title='bbox 934 2406 1109 2446; x_wconf 88' lang='lat' dir='ltr'>obrado</span> <span class='ocrx_word' id='word_1_142' title='bbox 1131 2418 1187 2446; x_wconf 91' lang='lat' dir='ltr'>en</span> <span class='ocrx_word' id='word_1_143' title='bbox 1209 2408 1279 2447; x_wconf 91' lang='lat' dir='ltr'>los</span> <span class='ocrx_word' id='word_1_144' title='bbox 1301 2414 1466 2459; x_wconf 83' lang='lat' dir='ltr'>quatro</span> <span class='ocrx_word' id='word_1_145' title='bbox 1488 2420 1639 2448; x_wconf 84' lang='lat' dir='ltr'>meses</span> <span class='ocrx_word' id='word_1_146' title='bbox 1662 2419 1818 2458; x_wconf 88' lang='lat' dir='ltr'>passa-</span> 
     </span>
     <span class='ocr_line' id='line_1_22' title="bbox 185 2476 1709 2529; baseline 0.003 -15"><span class='ocrx_word' id='word_1_147' title='bbox 185 2476 274 2515; x_wconf 86' lang='lat' dir='ltr'>dos</span> <span class='ocrx_word' id='word_1_148' title='bbox 296 2487 353 2515; x_wconf 88' lang='lat' dir='ltr'>en</span> <span class='ocrx_word' id='word_1_149' title='bbox 375 2482 500 2515; x_wconf 90' lang='lat' dir='ltr'>estas</span> <span class='ocrx_word' id='word_1_150' title='bbox 523 2483 681 2526; x_wconf 89' lang='lat' dir='ltr'>partes</span> <span class='ocrx_word' id='word_1_151' title='bbox 703 2487 789 2527; x_wconf 87' lang='lat' dir='ltr'>por</span> <span class='ocrx_word' id='word_1_152' title='bbox 808 2477 878 2516; x_wconf 92' lang='lat' dir='ltr'>los</span> <span class='ocrx_word' id='word_1_153' title='bbox 899 2476 1074 2517; x_wconf 83' lang='lat' dir='ltr'>Padres</span> <span class='ocrx_word' id='word_1_154' title='bbox 1091 2490 1122 2529; x_wconf 81' lang='lat' dir='ltr'><strong>y</strong></span> <span class='ocrx_word' id='word_1_155' title='bbox 1143 2478 1409 2518; x_wconf 89' lang='lat' dir='ltr'>Hermanos</span> <span class='ocrx_word' id='word_1_156' title='bbox 1430 2479 1561 2518; x_wconf 88' lang='lat' dir='ltr'>desta</span> <span class='ocrx_word' id='word_1_157' title='bbox 1583 2490 1709 2519; x_wconf 89' lang='lat' dir='ltr'>casa.</span> 
     </span>
    </p>

    <p class='ocr_par' dir='ltr' id='par_1_11' title="bbox 187 2545 1824 2884">
     <span class='ocr_line' id='line_1_23' title="bbox 267 2545 1821 2600; baseline 0.003 -15"><span class='ocrx_word' id='word_1_158' title='bbox 267 2545 305 2585; x_wconf 91' lang='lat' dir='ltr'>E</span> <span class='ocrx_word' id='word_1_159' title='bbox 325 2546 688 2597; x_wconf 87' lang='lat' dir='ltr'>primeramente</span> <span class='ocrx_word' id='word_1_160' title='bbox 709 2547 753 2586; x_wconf 89' lang='lat' dir='ltr'>la</span> <span class='ocrx_word' id='word_1_161' title='bbox 775 2545 1035 2598; x_wconf 85' lang='lat' dir='ltr'>frequentia</span> <span class='ocrx_word' id='word_1_162' title='bbox 1059 2548 1113 2588; x_wconf 91' lang='lat' dir='ltr'>de</span> <span class='ocrx_word' id='word_1_163' title='bbox 1137 2550 1205 2588; x_wconf 89' lang='lat' dir='ltr'>las</span> <span class='ocrx_word' id='word_1_164' title='bbox 1228 2548 1547 2589; x_wconf 79' lang='lat' dir='ltr'>confessiones</span> <span class='ocrx_word' id='word_1_165' title='bbox 1569 2562 1600 2600; x_wconf 81' lang='lat' dir='ltr'><strong>y</strong></span> <span class='ocrx_word' id='word_1_166' title='bbox 1621 2561 1821 2589; x_wconf 89' lang='lat' dir='ltr'>commu-</span> 
     </span>
     <span class='ocr_line' id='line_1_24' title="bbox 188 2617 1820 2671; baseline 0.003 -16"><span class='ocrx_word' id='word_1_167' title='bbox 188 2617 354 2656; x_wconf 87' lang='lat' dir='ltr'>niones</span> <span class='ocrx_word' id='word_1_168' title='bbox 375 2629 431 2656; x_wconf 92' lang='lat' dir='ltr'>en</span> <span class='ocrx_word' id='word_1_169' title='bbox 453 2623 643 2657; x_wconf 85' lang='lat' dir='ltr'>nuestra</span> <span class='ocrx_word' id='word_1_170' title='bbox 665 2617 847 2668; x_wconf 81' lang='lat' dir='ltr'>yglesia</span> <span class='ocrx_word' id='word_1_171' title='bbox 869 2618 929 2658; x_wconf 90' lang='lat' dir='ltr'>ha</span> <span class='ocrx_word' id='word_1_172' title='bbox 950 2619 1050 2659; x_wconf 90' lang='lat' dir='ltr'>sido</span> <span class='ocrx_word' id='word_1_173' title='bbox 1071 2619 1253 2670; x_wconf 86' lang='lat' dir='ltr'>grande</span> <span class='ocrx_word' id='word_1_174' title='bbox 1274 2632 1359 2671; x_wconf 86' lang='lat' dir='ltr'>por</span> <span class='ocrx_word' id='word_1_175' title='bbox 1380 2621 1425 2660; x_wconf 88' lang='lat' dir='ltr'>la</span> <span class='ocrx_word' id='word_1_176' title='bbox 1446 2620 1633 2660; x_wconf 88' lang='lat' dir='ltr'>bondad</span> <span class='ocrx_word' id='word_1_177' title='bbox 1653 2620 1726 2660; x_wconf 90' lang='lat' dir='ltr'>del</span> <span class='ocrx_word' id='word_1_178' title='bbox 1746 2619 1820 2660; x_wconf 84' lang='lat' dir='ltr'>Se—</span> 
     </span>
     <span class='ocr_line' id='line_1_25' title="bbox 187 2687 1824 2742; baseline 0.003 -16"><span class='ocrx_word' id='word_1_179' title='bbox 187 2692 288 2727; x_wconf 78' lang='lat' dir='ltr'>fior.</span> <span class='ocrx_word' id='word_1_180' title='bbox 313 2687 440 2727; x_wconf 87' lang='lat' dir='ltr'>Hase</span> <span class='ocrx_word' id='word_1_181' title='bbox 462 2687 713 2738; x_wconf 83' lang='lat' dir='ltr'>predicado</span> <span class='ocrx_word' id='word_1_182' title='bbox 735 2689 1130 2730; x_wconf 86' lang='lat' dir='ltr'>ordinariamente</span> <span class='ocrx_word' id='word_1_183' title='bbox 1152 2702 1209 2730; x_wconf 91' lang='lat' dir='ltr'>en</span> <span class='ocrx_word' id='word_1_184' title='bbox 1231 2697 1423 2730; x_wconf 88' lang='lat' dir='ltr'>nuestra</span> <span class='ocrx_word' id='word_1_185' title='bbox 1447 2691 1630 2742; x_wconf 82' lang='lat' dir='ltr'>yglesia</span> <span class='ocrx_word' id='word_1_186' title='bbox 1652 2692 1722 2731; x_wconf 90' lang='lat' dir='ltr'>los</span> <span class='ocrx_word' id='word_1_187' title='bbox 1745 2691 1824 2731; x_wconf 89' lang='lat' dir='ltr'>do—</span> 
     </span>
     <span class='ocr_line' id='line_1_26' title="bbox 188 2757 1821 2813; baseline 0.002 -16"><span class='ocrx_word' id='word_1_188' title='bbox 188 2758 374 2809; x_wconf 83' lang='lat' dir='ltr'>mingos</span> <span class='ocrx_word' id='word_1_189' title='bbox 404 2771 434 2809; x_wconf 86' lang='lat' dir='ltr'>y</span> <span class='ocrx_word' id='word_1_190' title='bbox 466 2757 624 2798; x_wconf 90' lang='lat' dir='ltr'>fiestas</span> <span class='ocrx_word' id='word_1_191' title='bbox 645 2771 702 2798; x_wconf 88' lang='lat' dir='ltr'>en</span> <span class='ocrx_word' id='word_1_192' title='bbox 723 2759 764 2798; x_wconf 92' lang='lat' dir='ltr'>el</span> <span class='ocrx_word' id='word_1_193' title='bbox 784 2759 956 2811; x_wconf 89' lang='lat' dir='ltr'>tiempo</span> <span class='ocrx_word' id='word_1_194' title='bbox 979 2763 1111 2800; x_wconf 79' lang='lat' dir='ltr'>antes</span> <span class='ocrx_word' id='word_1_195' title='bbox 1132 2773 1163 2812; x_wconf 86' lang='lat' dir='ltr'><strong>y</strong></span> <span class='ocrx_word' id='word_1_196' title='bbox 1185 2761 1382 2812; x_wconf 88' lang='lat' dir='ltr'>despues</span> <span class='ocrx_word' id='word_1_197' title='bbox 1404 2761 1460 2802; x_wconf 89' lang='lat' dir='ltr'>de</span> <span class='ocrx_word' id='word_1_198' title='bbox 1481 2762 1525 2801; x_wconf 88' lang='lat' dir='ltr'>la</span> <span class='ocrx_word' id='word_1_199' title='bbox 1556 2773 1821 2813; x_wconf 85' lang='lat' dir='ltr'>quaresma,</span> 
     </span>
     <span class='ocr_line' id='line_1_27' title="bbox 187 2828 1824 2884; baseline 0.003 -16"><span class='ocrx_word' id='word_1_200' title='bbox 187 2841 277 2869; x_wconf 89' lang='lat' dir='ltr'>con</span> <span class='ocrx_word' id='word_1_201' title='bbox 298 2828 467 2869; x_wconf 87' lang='lat' dir='ltr'>mucho</span> <span class='ocrx_word' id='word_1_202' title='bbox 486 2841 715 2870; x_wconf 80' lang='lat' dir='ltr'>concurso</span> <span class='ocrx_word' id='word_1_203' title='bbox 733 2830 789 2870; x_wconf 90' lang='lat' dir='ltr'>de</span> <span class='ocrx_word' id='word_1_204' title='bbox 809 2836 963 2881; x_wconf 87' lang='lat' dir='ltr'>gente.</span> <span class='ocrx_word' id='word_1_205' title='bbox 988 2830 1112 2882; x_wconf 82' lang='lat' dir='ltr'>Digo</span> <span class='ocrx_word' id='word_1_206' title='bbox 1130 2835 1263 2872; x_wconf 74' lang='lat' dir='ltr'>antes</span> <span class='ocrx_word' id='word_1_207' title='bbox 1286 2845 1317 2884; x_wconf 88' lang='lat' dir='ltr'>y</span> <span class='ocrx_word' id='word_1_208' title='bbox 1334 2833 1545 2884; x_wconf 85' lang='lat' dir='ltr'>despues,</span> <span class='ocrx_word' id='word_1_209' title='bbox 1570 2844 1748 2884; x_wconf 88' lang='lat' dir='ltr'>porque</span> <span class='ocrx_word' id='word_1_210' title='bbox 1766 2845 1824 2873; x_wconf 90' lang='lat' dir='ltr'>en</span> 
     </span>
    </p>
   </div>
   <div class='ocr_carea' id='block_1_9' title="bbox 204 2935 466 2939">
    <p class='ocr_par' dir='ltr' id='par_1_12' title="bbox 204 2935 466 2939">
     <span class='ocr_line' id='line_1_28' title="bbox 204 2935 466 2939; baseline 0 0"><span class='ocrx_word' id='word_1_211' title='bbox 204 2935 466 2939; x_wconf 95' lang='lat' dir='ltr'> </span> 
     </span>
    </p>
   </div>
   <div class='ocr_carea' id='block_1_10' title="bbox 243 2988 1442 3025">
    <p class='ocr_par' dir='ltr' id='par_1_13' title="bbox 243 2988 1442 3025">
     <span class='ocr_line' id='line_1_29' title="bbox 243 2988 1442 3025; baseline 0.004 -10"><span class='ocrx_word' id='word_1_212' title='bbox 243 2988 251 3007; x_wconf 88' lang='lat'><strong>¹</strong></span> <span class='ocrx_word' id='word_1_213' title='bbox 293 2988 540 3023; x_wconf 79' lang='lat' dir='ltr'>Autographae</span> <span class='ocrx_word' id='word_1_214' title='bbox 556 2990 680 3024; x_wconf 76' lang='lat' dir='ltr'>duplici</span> <span class='ocrx_word' id='word_1_215' title='bbox 696 2991 786 3025; x_wconf 83' lang='lat' dir='ltr'>folio,</span> <span class='ocrx_word' id='word_1_216' title='bbox 803 2991 911 3025; x_wconf 87' lang='lat' dir='ltr'>primo</span> <span class='ocrx_word' id='word_1_217' title='bbox 927 2999 956 3018; x_wconf 86' lang='lat' dir='ltr'>n.</span> <span class='ocrx_word' id='word_1_218' title='bbox 969 2991 1031 3024; x_wconf 66' lang='lat'>514,</span> <span class='ocrx_word' id='word_1_219' title='bbox 1045 2992 1154 3019; x_wconf 84' lang='lat' dir='ltr'>altero</span> <span class='ocrx_word' id='word_1_220' title='bbox 1170 2999 1235 3019; x_wconf 88' lang='lat' dir='ltr'>non</span> <span class='ocrx_word' id='word_1_221' title='bbox 1252 2996 1442 3021; x_wconf 81' lang='lat' dir='ltr'>numerato.</span> 
     </span>
    </p>
   </div>
  </div>
 </body>
</html>
