2047 3179
827 124 910 161 AN.
941 123 1033 161 1555
1673 123 1743 160 717

103 230 188 274 est,
212 230 254 263 et
275 234 448 274 graece
470 227 514 262 et
535 222 676 262 latine
698 219 971 270 compositis
993 218 1362 269 epigrammatis.
1385 218 1484 269 Quo
1508 219 1649 258 etiam
1668 218 1741 259 die

104 294 442 347 pronunciatae
477 300 582 333 sunt
617 291 997 333 declamationes.
1034 289 1234 337 Thema,
1261 289 1542 328 consultatio
1568 287 1739 339 Dauid,

107 365 217 416 quid
234 364 289 404 de
311 365 472 414 tribus,
496 370 641 415 peste,
664 362 786 402 fame
807 368 947 413 atque
968 360 1173 400 hostium
1202 358 1314 409 fuga
1337 359 1634 410 potissimum
1663 360 1741 399 eli-

108 441 242 486 geret
273 434 298 475 ¹.

186 506 325 546 Domi
343 506 478 546 solita
499 504 724 545 exercitia
743 507 1036 554 exequuntur
1058 511 1219 541 omnes
1238 500 1484 551 diligenter
1515 506 1652 551 atque
1670 501 1745 540 ob-

108 576 355 617 seruandis
374 576 547 627 regulis
568 574 755 615 student
773 573 1036 625 praecipue.
1056 572 1114 612 Et
1135 578 1186 611 Vt
1207 583 1261 611 eo
1284 582 1377 611 vno
1395 570 1532 610 finem
1552 570 1739 620 faciam,

108 647 234 699 quod
255 647 480 698 epistolae
502 647 685 686 initium
706 644 845 695 dedit,
870 643 1036 684 Messis
1054 643 1212 692 multa,
1238 641 1440 693 operarii
1464 642 1613 693 pauci.
1638 642 1739 682 Mit-

106 724 175 759 tat
197 717 428 758 Dominus
451 717 692 769 operarios
715 728 796 768 per
817 716 979 769 Jesum
1001 713 1253 763 Christum,
1278 712 1357 764 qui
1377 719 1421 752 te
1443 712 1577 752 nobis
1600 713 1745 752 omni-

109 789 196 829 bus
218 795 373 828 seruet
394 788 689 838 incolumem,
714 793 852 838 atque
874 785 1001 826 obita
1023 784 1188 825 militia
1211 784 1364 824 ciuem
1382 783 1525 824 faciat
1546 784 1593 823 in
1610 784 1744 823 beata

110 860 189 900 illa
211 858 488 912 Jerusalem.

192 929 356 970 Patres
378 936 421 969 et
439 929 608 969 fratres
625 929 762 969 huius
777 927 970 979 Collegii
988 927 1078 967 tuis
1096 926 1296 978 petimus
1314 925 1602 966 orationibus
1619 925 1747 966 adiu-

110 1001 232 1052 uari,
254 1001 475 1052 priuatim
497 1001 610 1052 ipse,
635 1000 713 1052 qui
729 999 920 1051 reliquis
943 997 1094 1049 magis
1116 996 1305 1048 indigeo
1327 996 1517 1037 Domini
1537 996 1745 1047 benigni-

113 1078 225 1123 tate,
250 1078 302 1112 vt
323 1073 402 1122 qui
424 1072 527 1123 plus
548 1071 743 1122 reliquis
764 1070 975 1110 debeam.

198 1143 372 1184 Datum
393 1140 406 1160 ²
428 1141 688 1193 Cordubae,
713 1141 777 1182 6.0
798 1141 1022 1181 kalendas
1044 1140 1257 1194 Januarii
1278 1139 1416 1180 Anno
1442 1138 1556 1180 1555.

440 1213 619 1254 Inutilis
640 1224 806 1253 servus
830 1210 908 1264 [in]
932 1211 1134 1252 Domino
1152 1210 1180 1249 ⁵.

1173 1354 1201 1400 †
1229 1351 1471 1393 AZEUEDO.
1504 1359 1533 1404 †

194 1462 558 1533 Porxcomission
579 1461 651 1501 del
674 1460 745 1501 ΡΞ·
768 1460 953 1500 Zarate.

197 1710 549 1763 Superscmptio
570 1710 620 1750 in
648 1712 822 1761 quarta
851 1708 1059 1760 pagina:
1087 1671 1186 1760 Jfiss.
1209 1706 1270 1747 At
1305 1717 1417 1758 muy
1452 1705 1553 1746 R.d0
1580 1705 1651 1746 P.e
1691 1717 1748 1746 en

115 1782 200 1822 X.⁰
217 1789 407 1823 nuestro
429 1781 477 1821 P.
500 1781 681 1832 Ignatio
705 1780 760 1820 de
781 1779 975 1830 Loyola,
999 1777 1241 1830 Preposito
1263 1777 1455 1828 general
1477 1776 1532 1817 de
1552 1776 1597 1817 la
1615 1776 1750 1817 Com-

116 1855 263 1904 pania
284 1853 339 1893 de
360 1853 512 1906 Jesus,
537 1864 593 1891 en
614 1850 778 1891 Roma.

199 1924 311 1965 Alia
331 1935 494 1963 manu:
519 1921 633 1962 1556.
658 1920 888 1962 Corduba.
915 1918 1292 1971 Quadrimestres
1312 1916 1363 1957 27
1384 1917 1674 1958 Decembris.

176 2084 186 2104 ¹
227 2084 376 2118 Cumque
392 2084 542 2110 venisset
559 2081 634 2109 Gad
655 2081 697 2108 ad
723 2079 847 2113 David,
871 2079 1049 2106 nunciavit
1068 2079 1098 2105 ei
1122 2078 1247 2105 dicens:
1272 2077 1341 2105 Aut
1364 2080 1496 2111 septem
1517 2077 1615 2104 annis
1639 2076 1755 2105 veniet

119 2132 181 2159 tibi
197 2132 306 2159 fames
322 2132 354 2158 in
370 2136 465 2158 terra
481 2134 551 2157 tua:
569 2132 627 2156 aut
644 2129 753 2155 tribus
776 2126 948 2154 mensibus
968 2126 1080 2160 fugies
1105 2125 1325 2152 adversarios
1347 2129 1434 2155 tuos,
1455 2128 1489 2152 et
1511 2124 1560 2151 illi
1583 2128 1616 2152 te
1641 2132 1755 2159 perse-

121 2182 276 2214 quentur:
293 2182 348 2206 aut
369 2181 462 2205 certe
484 2177 595 2204 tribus
617 2175 735 2202 diebus
750 2175 814 2201 erit
838 2173 1037 2208 pestilentia
1063 2173 1095 2200 in
1118 2176 1214 2199 terra
1230 2176 1298 2199 tua.
1321 2171 1415 2199 Nunc
1440 2178 1522 2206 ergo
1548 2172 1699 2199 delibera
1721 2176 1755 2198 et

120 2226 199 2254 vide
215 2234 313 2260 quem
328 2225 553 2259 respondeam
569 2223 608 2254 ei.
625 2222 682 2256 qui
700 2229 749 2248 me
765 2221 869 2255 misit,
885 2227 1086 2248 sermonem.
1102 2219 1133 2247 ΙΙ
1148 2219 1244 2254 Reg.,
1260 2226 1354 2253 xxxv,
1375 2219 1416 2246 13.

176 2273 190 2293 2
228 2274 386 2300 Alterum
401 2272 591 2305 exemplum
603 2270 707 2297 habet
723 2268 840 2295 Datis.

178 2321 191 2340 ³
227 2321 386 2348 Alterum
409 2321 492 2347 item
515 2318 709 2352 exemplum
732 2317 835 2344 habet
852 2315 1093 2342 Paterm‘tatz‘s
1116 2316 1199 2341 tuae
1221 2314 1258 2341 in
1283 2313 1417 2340 Christo
1442 2312 1531 2348 Jesu
1553 2319 1680 2340 servus
1704 2313 1757 2340 in-

124 2369 267 2402 dignus.
