2047 3179
840 165 920 201 AN.
954 166 1042 202 1555
1679 167 1747 205 561

808 616 1065 671 GDVHI

196 846 405 883 Nicolaus
427 847 636 894 Lanoyus

245 911 362 948 Patri
387 912 553 959 ignatio
569 911 623 948 de
642 910 826 957 Loyola.

292 976 478 1022 Vienna,
497 976 544 1015 28
564 976 755 1023 Augusti
777 976 868 1013 1500
889 975 914 1010 ¹.

881 1146 1012 1192 Jesus

210 1328 327 1369 Cum
346 1339 570 1380 praesens
594 1328 728 1368 huius
751 1328 859 1367 anni
881 1327 1112 1367 secundus
1134 1324 1489 1378 quadrimestris
1518 1327 1577 1366 ad
1603 1328 1757 1367 termi-

129 1411 241 1440 num
274 1411 409 1440 suum
444 1399 539 1438 fere
570 1399 843 1447 decurrerit,
879 1398 998 1438 ratio
1034 1398 1122 1437 mei
1153 1397 1290 1439 officii
1318 1399 1521 1450 postulat
1557 1404 1605 1438 ut
1632 1399 1758 1438 uelut

128 1471 293 1511 messis
311 1472 404 1511 iam
425 1470 706 1521 praeteritae
729 1470 948 1509 collectos
970 1469 1232 1520 manipulos
1255 1482 1314 1510 ex
1334 1481 1450 1520 agro
1472 1469 1757 1509 Germanico

130 1542 211 1583 P.ti
243 1548 350 1582 tuae
370 1541 700 1582 transmittam.
724 1540 814 1581 Sed
834 1541 1012 1580 utinam
1032 1552 1126 1580 non
1143 1551 1231 1591 ego
1266 1542 1392 1580 solus
1414 1541 1460 1580 in
1480 1541 1551 1580 his
1573 1540 1756 1592 prouin-

129 1614 228 1664 ciis,
251 1613 333 1653 sed
354 1614 512 1663 plures
534 1625 557 1652 e
580 1612 787 1663 pluribus
807 1611 924 1651 locis
946 1611 1060 1650 istas
1084 1611 1315 1662 primitias
1337 1611 1524 1662 frugum
1542 1611 1755 1662 spiritua—

128 1685 241 1725 lium
263 1683 577 1724 conueherent
598 1685 644 1722 in
666 1683 835 1722 horrea
856 1688 963 1722 tuae
984 1681 1297 1721 Paternitatis.
1321 1681 1525 1731 Utinam,
1546 1683 1755 1733 inquam,

132 1755 317 1807 plurimi
337 1760 640 1794 cernerentur
675 1764 906 1793 messores
940 1753 985 1792 in
1019 1753 1302 1793 vastissimis
1337 1765 1393 1792 ac
1429 1753 1759 1792 desertissimis

133 1827 260 1866 hisce
281 1826 564 1876 regionibus,
589 1825 667 1876 qui
688 1825 826 1874 longe
841 1824 1026 1874 lateque
1047 1835 1169 1863 nunc
1186 1829 1464 1874 propagata,
1489 1830 1533 1863 et
1554 1824 1760 1874 qnotidie

132 1898 318 1948 longius
344 1897 575 1947 latiusque
607 1895 843 1946 serpentia
878 1894 1128 1934 haeresum
1163 1894 1343 1934 zizania
1375 1894 1584 1945 stirpitus
1612 1895 1760 1935 eradi-

133 1975 309 2019 carent,
341 1974 385 2008 et
419 1979 502 2019 pro
537 1966 775 2006 inutilibus
810 1966 1054 2017 noxiisque
1086 1965 1256 2014 herbis,
1293 1966 1465 2005 bonum
1501 1977 1762 2016 purumque

132 2051 291 2080 semen
313 2038 571 2078 catholicae
593 2036 833 2076 doctrinae
855 2043 1172 2076 consererent.
1193 2035 1239 2076 Si
1259 2037 1429 2087 plures,
1450 2048 1648 2087 quorum
1666 2048 1761 2076 mu-

131 2122 219 2150 nus
239 2111 287 2150 in
308 2109 468 2160 primis
489 2114 558 2148 est
579 2118 774 2159 pascere
796 2107 948 2158 potius
970 2119 1109 2159 quam
1127 2107 1272 2158 pasci,
1292 2107 1586 2147 imitarentur
1610 2119 1762 2147 exem-

133 2182 261 2233 plum
282 2179 670 2221 Christianissimi
706 2177 848 2228 Regis
884 2176 1203 2218 Romanorum
1238 2177 1267 2227 Ξ,
1305 2178 1558 2229 singularis
1581 2179 1764 2229 patroni

134 2252 296 2302 nostri,
321 2261 617 2302 speraremus
645 2249 775 2289 breui
807 2249 1012 2289 futurum
1035 2255 1084 2288 ut
1105 2250 1242 2299 longe
1272 2248 1459 2300 plur‘imi
1489 2260 1590 2288 sese
1612 2249 1761 2289 accin-

135 2330 301 2374 gerent
337 2322 396 2362 ad
426 2321 715 2372 operandum
735 2320 979 2360 nobiscum
1002 2321 1049 2360 in
1076 2320 1165 2360 hac
1188 2326 1284 2359 tam
1318 2320 1486 2359 misere
1518 2320 1766 2360 deuastata

138 2396 281 2435 vinea
303 2392 495 2433 Domini
515 2391 736 2432 Sabaoth.

216 2464 433 2505 Studiosa
455 2463 578 2502 enim
599 2462 815 2502 iuuentus
835 2462 1125 2512 germanica,
1160 2473 1279 2512 quae
1309 2463 1474 2501 saltem
1503 2462 1644 2512 plane
1667 2473 1769 2502 cor-

138 2542 277 2587 rupta
299 2547 392 2574 non
410 2542 479 2573 est
495 2533 744 2573 haereticis
768 2532 1079 2584 opinionibus,
1100 2533 1236 2572 simul
1254 2538 1392 2584 atque
1417 2531 1596 2572 videret
1618 2533 1769 2572 nostri

139 2606 316 2647 ordinis
337 2605 548 2645 homines
570 2616 595 2644 a
617 2604 907 2655 principibus
927 2603 1042 2643 Viris
1064 2603 1241 2654 passim
1263 2604 1309 2642 in
1344 2603 1494 2655 pretio
1525 2603 1701 2653 haberi,
1727 2610 1774 2643 et

136 2672 184 2717 in
205 2676 369 2717 studiis
387 2675 655 2716 melioribus
677 2674 930 2714 liberaliter
951 2673 1207 2724 confoueri,
1232 2674 1341 2714 hinc
1365 2674 1525 2725 procul
1547 2673 1686 2714 dubio
1711 2674 1767 2714 de

137 2748 349 2788 instituto
369 2752 531 2786 nostro
554 2752 598 2785 et
620 2745 806 2785 omnino
829 2745 884 2785 de
921 2745 1184 2785 orthodoxa
1207 2744 1294 2785 fide
1323 2745 1567 2796 syncerius
1591 2746 1775 2785 melius-

193 2884 200 2902 ¹
242 2881 492 2915 Autographae
508 2881 540 2908 in
556 2879 769 2915 quadruplici
785 2880 876 2915 folio,
892 2887 945 2906 nn.
961 2879 1092 2912 268-270;
1110 2887 1230 2907 verum
1246 2879 1278 2907 in
1295 2880 1336 2907 iis
1351 2880 1424 2907 sola
1439 2879 1656 2915 subscriptio,
1669 2888 1689 2908 a
1702 2888 1780 2908 ver·

143 2931 194 2958 bis
215 2929 250 2958 T.
267 2929 308 2956 R.
326 2928 376 2962 P„
389 2933 468 2956 sunt
483 2936 584 2956 manu
602 2928 716 2955 Patris
732 2927 880 2963 Lanoyi.

196 2977 210 2996 Ξ
248 2975 456 3003 Ferdinandi
475 2975 503 3003 Ι,

288 3035 338 3072 Τ.
362 3047 417 3071 ιιι,
1551 3038 1594 3082 36
