2047 3179
236 141 304 179 112
750 144 979 183 LirrERAE
997 155 1358 190 QUADRIMESTRES

226 241 284 281 si.
318 239 436 292 Ipsis
465 240 593 281 feriis
622 240 925 282 Pentecostes
951 242 998 282 in
1026 242 1209 284 duobus
1235 244 1389 296 pagiS,
1420 244 1466 285 in
1494 244 1698 286 dioecesi
1731 245 1873 288 Seno-

227 312 364 353 nensi
386 311 502 362 sitis,
527 312 779 353 conciones
801 313 943 353 habui
965 324 1071 354 cum
1091 314 1245 355 fructu
1269 315 1532 356 animarum
1552 316 1775 368 vberiori,
1795 319 1874 370 qui

230 383 332 423 Deo
360 383 542 423 auctori
570 389 794 434 acceptus
823 382 1017 424 feratur.
1050 383 1337 426 Procurator
1372 387 1608 437 generalis
1635 387 1780 440 Regis
1807 395 1874 430 at-

226 466 320 506 ·que
350 454 612 495 aduocatus
643 453 820 505 Regius
842 454 1109 496 iudicarunt
1127 457 1338 508 auspicia
1369 457 1648 499 concionum
1678 459 1726 499 in
1757 460 1873 500 aede

229 525 341 565 Diui
372 525 572 566 Cosmae
601 525 736 577 (quae
771 531 932 566 nostra
961 532 1031 567 est
1063 528 1301 578 paroecia)
1331 528 1466 568 nobis
1493 528 1710 570 facienda
1749 541 1869 583 esse;

226 596 313 637 sed
334 596 444 637 dum
476 597 682 637 animum
708 596 933 649 Episcopi
960 608 986 637 a
1018 598 1153 638 nobis
1183 599 1520 639 alienissimum
1542 600 1872 653 intelligerent,

232 669 439 709 animum
460 673 599 720 atque
620 667 841 708 affectum
870 669 1166 721 remiserunt,
1197 681 1252 710 ac
1281 670 1420 711 modo
1453 670 1604 712 silent.
1636 671 1775 713 Certe
1797 672 1875 713 do·

230 751 317 780 nec
338 740 548 781 serenior
582 750 698 779 aura
718 739 854 780 nobis
883 739 1120 792 affulgeat,
1144 741 1227 781 vix
1257 752 1366 793 spes
1393 742 1619 783 relucebit
1640 743 1875 784 vberioris

229 812 411 852 fructus
439 817 517 852 aut
545 811 821 852 incrementi
849 810 1113 864 Societatis;
1144 824 1254 853 nam
1282 819 1510 864 quantum
1538 815 1754 867 exemplo
1777 826 1873 856 mo·-

229 888 401 923 uentur
419 888 582 923 nostro
604 881 663 922 ad
683 883 906 934 pietatem
927 889 971 924 et
1000 883 1303 936 perfectionis
1333 884 1554 936 studium,
1585 891 1769 927 tantum
1800 898 1871 927 ca-

228 954 418 995 lumniis
454 954 696 995 hominum
723 954 1019 996 deterrentur
1050 956 1108 996 ab
1134 956 1333 997 instituti
1362 957 1512 998 nostri
1539 958 1744 1010 sequela.
1769 957 1874 999 Non

230 1026 369 1067 veriti
399 1032 505 1066 sunt
533 1025 723 1078 quidam
751 1025 798 1066 in
825 1026 1013 1078 publica
1035 1038 1197 1067 mensa
1225 1026 1485 1068 Sorbonica
1512 1040 1601 1069 nos
1637 1030 1875 1081 appellare

228 1098 365 1149 regni
385 1098 724 1150 exploratoreS,
749 1097 873 1149 quod
893 1099 1103 1139 nonnulli
1124 1104 1281 1139 essent
1313 1100 1542 1150 extranei,
1566 1112 1746 1153 nosque
1768 1113 1875 1142 cen-

227 1182 364 1211 suere
387 1170 565 1210 alienos
587 1169 716 1210 ciues
736 1180 957 1221 grauare‚
982 1169 1106 1221 quod
1128 1171 1454 1222 eleemosynas
1482 1172 1539 1212 ab
1569 1170 1876 1213 offerentibus

226 1242 535 1294 excipiamus.
569 1239 769 1292 Quidam
803 1240 983 1281 Doctor
1017 1241 1064 1281 in
1099 1242 1287 1293 templo,
1325 1242 1372 1281 in
1405 1242 1592 1294 publico
1629 1243 1876 1285 hominum

225 1320 479 1364 conuentu,
504 1312 614 1353 dum
639 1324 698 1353 ex
719 1312 1012 1364 praescripto
1034 1312 1214 1353 Decani
1242 1312 1549 1365 diplomatum
1570 1315 1876 1356 examinatio-

228 1387 276 1427 ni
298 1386 524 1426 interesse
545 1389 812 1436 rogaretur,
837 1394 918 1435 per
945 1383 1172 1424 famulum
1194 1384 1362 1425 domus
1390 1392 1581 1426 nostrae
1607 1387 1878 1438 procaciter

225 1455 664 1498 stomachabundus
686 1455 984 1496 exclamauit:
1015 1455 1130 1496 “Par
1160 1462 1320 1497 nostre
1348 1456 1484 1498 dame
1515 1469 1576 1498 on
1596 1470 1716 1499 vous
1737 1459 1876 1500 debu—

230 1529 320 1570 roit
340 1535 445 1569 tous
467 1528 647 1568 donner
667 1528 708 1567 le
728 1526 839 1578 foet,
865 1532 909 1567 et
931 1527 1124 1568 chasser
1145 1527 1262 1568 dela
1282 1529 1407 1569 ville.
1432 1528 1589 1581 Voyla
1611 1542 1719 1571 mon
1742 1530 1878 1572 aduis

226 1613 320 1653 que
336 1599 381 1652 je
404 1601 649 1652 donneray
671 1598 724 1649 ¹.„

310 1671 437 1713 Idem
459 1683 545 1712 nos
566 1676 706 1712 antea
736 1670 920 1712 adunco
951 1682 1068 1712 naso
1098 1671 1408 1723 suspenderat
1436 1672 1526 1713 hac
1554 1673 1878 1716 subsannatio-

229 1756 303 1785 ne:
331 1743 509 1795 “Voyla
537 1755 628 1783 vne
658 1743 777 1783 belle
805 1742 1039 1794 Religion,
1064 1755 1154 1783 une
1186 1743 1303 1784 belle
1330 1743 1589 1796 Religion„
1615 1744 1787 1787 Mirum
1808 1754 1879 1788 est

227 1821 457 1868 quantum
486 1815 723 1868 patiamur
753 1815 1002 1855 occasione
1029 1815 1246 1866 nominis,
1273 1827 1364 1867 quo
1394 1814 1645 1857 Societatis
1675 1818 1879 1859 nominis

224 1888 340 1941 Jesu
362 1887 669 1939 appellamur,
687 1886 922 1939 plerisque
939 1887 1243 1938 arrogantiae
1260 1887 1306 1928 id
1323 1887 1649 1929 tribuentibus.
1675 1888 1878 1940 Quidam

228 1959 624 2009 nomenclatores,
653 1957 860 2012 Jesuitas
887 1969 973 1998 nos
1003 1958 1261 2009 nominant,
1283 1958 1529 1999 breuitatis
1551 1966 1801 2011 praetextu
1828 1973 1879 2002 se

229 2029 548 2071 defendentes.
571 2029 733 2082 Itaque
759 2028 961 2082 vndique
983 2030 1109 2070 omni
1137 2029 1287 2070 dicaci
1310 2029 1472 2082 lingua
1493 2031 1873 2083 perstringimur.

230 2101 370 2142 Faxit
394 2101 534 2155 Jesus
555 2101 785 2151 Christus,
809 2107 860 2141 vt
889 2101 948 2141 ad
977 2101 1251 2153 obsequium
1273 2101 1460 2142 diuinae
1482 2102 1742 2144 maiestatis
1764 2115 1879 2144 suae

228 2173 443 2214 serenior
463 2184 580 2213 aura
602 2173 737 2213 nobis
758 2172 949 2213 tandem
979 2173 1169 2225 aspiret.
1195 2172 1449 2214 Precamur
1478 2185 1572 2214 vno
1595 2186 1674 2215 ore
1696 2186 1875 2226 omnes,

231 2250 283 2284 vt
310 2244 474 2296 optimi
499 2244 590 2285 Dei
621 2244 890 2296 benignitas
919 2244 1258 2284 Paternitatem
1293 2250 1424 2285 tuam
1450 2245 1584 2286 nobis
1613 2245 1692 2286 diu
1719 2254 1877 2287 seruet

230 2316 529 2367 incolumem,
553 2327 695 2367 quam
716 2316 1034 2368 obsecramus,
1058 2321 1110 2356 vt
1130 2327 1216 2357 nos
1238 2316 1456 2368 precibus
1473 2317 1636 2357 iuuare
1658 2317 1878 2369 dignetur

233 2387 380 2427 variis
402 2387 639 2427 aerumnis
662 2387 881 2439 agitatos.

313 2458 543 2510 Lutetiae,
568 2458 787 2500 Calendis
808 2458 1096 2511 Septembris
1122 2459 1238 2499 1554.

312 2530 385 2570 Ex
405 2530 602 2582 imperio
624 2529 716 2570 Rdi
734 2529 887 2571 Patris
905 2529 1170 2583 Praepositi
1188 2531 1404 2583 Magistri
1422 2531 1667 2573 Paschasii
1683 2532 1876 2574 Broetii.

314 2599 368 2641 R.
382 2600 445 2628 dae
464 2601 511 2642 P.
536 2608 643 2642 tuae
665 2602 1115 2654 obsequentissimus
1137 2603 1274 2655 filius,

1098 2744 1346 2787 ROBERTUS
1378 2746 1715 2789 CLAYssons.

290 2929 301 2950 ¹
339 2929 405 2957 Per
420 2930 457 2958 B.
474 2929 654 2965 Virginem
670 2934 844 2965 oporteret
860 2938 921 2958 vos
936 2938 1051 2959 omnes
1072 2932 1219 2967 flagellis
1241 2932 1385 2969 caedere
1407 2936 1440 2960 et
1463 2940 1504 2960 ex
1525 2934 1608 2961 urbe
1631 2934 1767 2969 ejicere:
1791 2934 1878 2963 hacc

231 2981 287 3005 cst
303 2985 378 3006 mea
393 2978 565 3006 sententia
580 2985 682 3013 quarn
698 2979 831 3006 laturus
845 2986 930 3007 sum.
948 2979 1133 3014 POLAxcus,
1148 2981 1170 3008 l.
1186 2987 1228 3015 c.,
1242 2987 1321 3015 pag.
1337 2980 1401 3015 324,
1424 2988 1456 3009 n.
1472 2980 1534 3008 692.
