2047 3179
865 153 945 190 AN.
978 153 1068 189 15³5ss
1716 157 1787 192 (³07

234 249 284 290 Id
305 250 489 299 mirare,
523 250 676 299 Pater,
699 250 865 300 magis;
888 256 1114 300 quotquot
1135 250 1232 290 fere
1255 256 1590 291 conuertuntur
1622 252 1781 292 eodem

158 321 317 361 statim
345 332 435 372 quo
462 333 548 361 nos
582 322 697 362 alios
732 321 1040 361 conuertendi
1073 321 1275 371 flagrare
1304 321 1557 371 desiderio,
1591 323 1707 362 adeo
1736 330 1782 362 ut

159 392 371 432 conuicia
402 404 495 432 non
516 398 723 432 metuant
745 392 859 441 ulla,
883 392 1022 431 modo
1045 403 1154 431 suos
1183 392 1407 432 adiuuare
1439 393 1628 444 possint.
1663 393 1783 443 Quid

127 496 130 501 .
159 462 284 502 miri?
306 461 425 502 Nam
447 463 596 502 uirtus
616 469 685 503 est
701 463 772 503 sui
793 462 1023 503 diffusiua.

238 532 472 573 Antonius
494 536 503 555 ¹
526 540 724 574 uenatus
751 533 954 585 quotidie
975 533 1137 573 sedulo
1169 534 1421 580 animulas,
1451 546 1569 586 quas
1600 534 1785 575 Christo

157 601 435 652 lucrifaciat,
460 610 504 643 et
525 603 650 654 capit
670 603 877 655 quidem:
900 615 985 643 sua
1006 603 1053 643 in
1075 603 1200 643 omni
1221 615 1270 644 re
1292 604 1534 655 diligentia
1556 617 1641 645 nos
1664 606 1786 645 aedi-

159 673 281 713 ficat:
307 685 466 713 rerum
486 685 676 714 suarum
698 675 762 714 ita
783 674 971 725 satagit,
997 680 1047 714 ut
1068 674 1237 726 uolupe
1259 676 1339 715 tibi
1361 676 1481 715 foret
1503 676 1679 723 audire3
1706 678 1783 716 sed

158 744 236 795 qui
256 744 428 784 isthinc
449 744 539 784 huc
562 745 853 785 accurrerint
875 745 946 795 (ut
968 744 1017 785 fit
1040 744 1296 795 interdum)
1320 747 1460 786 etiam
1484 746 1642 787 uidere
1664 755 1789 797 pote-

161 820 268 854 runt
291 825 340 854 re
363 814 478 865 ipsa.

241 885 508 925 Antoninus
529 891 556 934 ²,
590 898 672 926 seu
707 898 907 938 coquum
931 893 1064 937 agat,
1085 898 1167 926 seu
1197 893 1575 938 praeceptorem,
1613 899 1694 928 seu
1724 888 1790 928 fa-

159 957 308 1006 brum,
347 968 428 996 seu
463 956 714 1006 medicum,
752 969 833 997 seu
863 957 1102 998 asinorum
1139 964 1363 1008 actorem,
1394 970 1578 1010 semper
1614 965 1683 999 est
1717 960 1790 999 sui

160 1027 434 1077 simillimUS,
459 1028 547 1067 hoc
575 1037 657 1077 est,
683 1028 916 1079 perfectae
938 1029 1230 1069 obedientiae
1252 1029 1515 1079 studiosus,
1540 1035 1589 1069 ut
1616 1030 1789 1070 iumen-

161 1105 258 1137 tum
279 1098 409 1137 dicas
431 1109 532 1137 esse
554 1099 689 1149 quale
712 1099 895 1138 deceret
919 1099 1069 1139 omnis
1088 1099 1389 1150 perfectionis
1406 1100 1736 1151 professorem.

240 1168 291 1209 In
313 1175 510 1219 utraque
532 1180 643 1208 uero
664 1169 824 1209 schola
846 1170 1066 1210 sementis
1089 1170 1276 1221 quidem
1306 1171 1486 1221 habita,
1511 1171 1593 1212 sed
1625 1173 1790 1212 messis

161 1240 370 1279 nondum
391 1239 594 1279 aduenit.
617 1239 906 1294 Expectatur
928 1241 974 1280 in
995 1242 1219 1292 patientia
1246 1242 1327 1282 sed
1350 1242 1525 1293 optima
1553 1254 1648 1294 spe.
1675 1241 1791 1283 Sunt

168 1323 192 1350 e
224 1309 527 1361 doctioribuS,
559 1310 637 1361 qui
666 1310 965 1362 Despauterii
998 1312 1198 1364 primam
1229 1313 1576 1365 secundamque
1611 1320 1793 1365 partem

165 1381 280 1421 satis
301 1381 444 1433 probe
466 1381 681 1431 calleant,
706 1382 786 1422 sed
807 1382 1132 1424 inexercitatio
1153 1383 1265 1424 facit
1286 1392 1335 1424 ut
1356 1396 1450 1425 non
1471 1383 1515 1424 id
1537 1391 1790 1436 praestent,

162 1452 284 1504 quod
304 1453 528 1502 nonnulli,
552 1452 704 1492 minus
724 1452 968 1494 foelicibus
990 1453 1306 1495 fundamentis
1323 1454 1484 1506 jactis,
1509 1467 1792 1507 exequeren—

163 1529 237 1563 tur
260 1523 409 1563 facile.

243 1593 338 1634 Nos
361 1595 630 1633 consolatur
658 1593 781 1645 quod
808 1594 899 1634 dici
928 1597 1046 1636 solet
1075 1597 1331 1638 iuuentutis
1362 1598 1707 1638 moderatorem
1738 1599 1792 1638 si-

163 1666 319 1705 milem
341 1665 594 1715 agricolae.
620 1664 775 1704 Prima
803 1663 1056 1716 graecismi
1083 1668 1346 1708 rudimenta
1375 1669 1607 1721 capimus,
1631 1676 1794 1720 postea

166 1736 316 1787 magis
337 1736 459 1776 serio
482 1736 765 1787 graecaturi.
789 1735 1021 1779 Numerus
1042 1740 1208 1780 horum
1229 1741 1351 1780 idem
1373 1748 1459 1790 est,
1482 1741 1564 1780 sed
1586 1752 1705 1781 unus
1722 1752 1795 1780 ac-

166 1808 319 1857 cessit,
343 1814 386 1848 et
409 1809 593 1859 quidem
616 1811 724 1850 olim
745 1811 794 1851 P.
819 1810 1054 1851 Desiderii
1076 1810 1089 1829 ⁵
1117 1811 1387 1862 discipulus.
1419 1812 1679 1852 Duodecim
1709 1812 1794 1852 ele-

166 1879 421 1918 mentarios
456 1881 752 1921 exercuimus
781 1882 871 1921 iarn
899 1882 1056 1921 multis
1084 1882 1451 1922 hebdomadibus
1480 1883 1525 1922 in
1556 1883 1648 1933 his,
1678 1893 1799 1934 quae

165 1948 528 2000 Despauterium
547 1951 775 1992 audituris
787 1952 877 1992 sint
893 1964 1033 2004 quam
1045 1953 1328 1993 necessaria.
1349 1952 1399 1993 ln
1417 1953 1627 1993 inferiori
1646 1954 1797 1993 classe

165 2020 296 2060 multi
316 2020 373 2060 ad
391 2021 666 2061 latinitatem
682 2029 1041 2074 praeparantur.
1063 2022 1110 2063 Si
1129 2024 1283 2064 omnia
1302 2030 1616 2076 prosequutus
1629 2035 1798 2073 essem,

166 2101 284 2141 quae
319 2098 600 2141 occurrunt,
638 2094 845 2144 apertius
880 2094 1063 2134 uideres
1097 2106 1190 2134 non
1225 2096 1414 2135 omnino
1450 2107 1622 2135 uanam
1655 2095 1798 2135 fuisse

166 2172 312 2211 spem,
343 2173 482 2212 quam
511 2163 601 2202 alio
635 2164 966 2215 quadrimestri
995 2165 1349 2205 nunciabamus.
1383 2165 1472 2206 Sed
1503 2167 1798 2218 superiorum

168 2232 298 2271 obliti
323 2232 380 2272 ad
402 2234 639 2273 anteriora
661 2235 766 2284 tuis,
789 2234 842 2275 R.
867 2235 935 2284 P„
958 2235 1065 2275 freti
1087 2236 1379 2277 orationibus
1396 2237 1799 2288 sanctissimisque

167 2302 426 2354 sacrificiiS,
450 2304 615 2354 quibus
636 2317 722 2345 nos
749 2305 977 2357 imprimis
1004 2307 1411 2358 commendamus,
1443 2314 1792 2349 conuertamur.

167 2372 304 2424 Vale,
326 2373 380 2414 R.
404 2373 453 2415 P.

250 2444 441 2495 Tyburi,
465 2457 524 2485 ex
543 2453 705 2487 nostro
728 2447 953 2500 Collegio,
982 2449 1082 2489 1555
1103 2449 1294 2490 Calend.
1318 2448 1618 2500 Septembris.

331 2515 403 2555 Ex
425 2517 751 2558 commissione
772 2517 820 2559 Ρ.
844 2519 1099 2575 Laurentii,

383 2587 736 2638 indignissimus
756 2589 1196 2643 ingratissimusque
1217 2591 1353 2641 filius,

1153 2732 1336 2774 PETRus
1367 2732 1582 2775 SYLuan.

225 2864 235 2885 Ι
278 2865 445 2893 Antonius
459 2865 499 2893 de
514 2865 661 2895 Robore.

225 2913 238 2931 2
277 2912 468 2940 Antoninus
483 2913 523 2940 de
539 2912 705 2940 Henricis.

225 2960 239 2979 ἴ·
276 2959 313 2987 Ρ.
330 2959 497 2988 Desiderii
512 2960 686 2989 Girardin.
