2047 3179
883 124 966 161 AN.
999 125 1089 161 1554
1767 130 1814 165 73

179 220 308 271 dica,
333 232 415 272 per
436 222 480 260 la
517 222 624 272 qual
650 232 759 261 cosa
791 221 933 261 molto
954 221 1093 262 buon'
1131 221 1273 261 odore
1305 222 1424 261 della
1459 222 1751 274 Compagnia
1773 227 1811 265 si

184 302 357 342 sparge
378 303 460 343 per
481 293 525 332 la
543 292 670 332 citta.
691 291 768 332 Ma
790 292 920 332 accit)
942 298 1084 332 metta
1104 292 1208 343 fine,
1232 299 1395 332 vostra
1418 292 1658 334 Paternita
1679 296 1812 346 sapia

181 362 270 402 che
291 374 406 403 sono
427 363 716 414 paratissimi
749 374 833 414 per
868 362 1052 414 pigliar’
1085 363 1421 414 allegramente
1452 364 1562 415 ogni
1596 376 1709 405 cosa
1730 378 1811 417 per

183 434 210 472 l'
235 433 400 473 honor’
426 433 467 472 d'
492 433 620 474 Iddio
642 433 904 474 benedetto.

262 504 436 555 Questo
458 505 518 545 ho
538 506 696 546 uoluto
719 505 817 545 dire
839 505 894 545 de
915 505 947 546 li
977 506 1084 546 miei
1120 506 1166 546 in
1193 505 1346 547 Cristo
1384 506 1693 547 amantissimi
1722 507 1812 547 fra-

182 575 297 615 telli:
323 576 454 616 aecii)
475 583 636 617 vostra
658 576 897 617 Paternita
917 576 1036 617 ueda
1058 579 1215 628 quant’
1241 578 1502 628 allegrezza
1520 584 1564 618 et
1585 589 1814 629 speranza

181 645 347 686 debbia
369 647 553 698 pigiiar’
578 648 624 688 di
644 647 795 700 questi
823 648 925 688 suoi
946 648 1070 689 serui
1102 648 1306 699 indegni.
1339 649 1374 689 Il
1395 649 1480 689 che
1508 648 1694 697 fornito,
1720 661 1814 690 non

182 719 292 758 rest’
316 718 436 758 altro
458 730 506 759 se
527 731 621 759 non
641 719 673 759 il
690 719 900 771 pardono
918 719 974 759 de
994 727 1158 760 vostra
1177 720 1415 760 Paternita
1435 726 1480 760 et
1497 721 1642 761 chela
1657 721 1816 761 diuina

183 790 325 830 bonta
346 790 389 829 ci
410 790 616 841 perdone
636 797 755 831 tutto
777 790 848 830 cit)
870 790 956 831 che
977 802 1060 842 per
1084 792 1127 831 la
1148 798 1309 831 nostra
1332 792 1609 842 negligenza
1627 792 1817 832 habbia-

185 871 261 900 mo
281 861 456 901 lassato
473 861 518 901 di
537 861 656 912 fare,
680 861 926 902 inuocand'
944 870 987 902 et
1003 862 1246 903 bramand'
1268 863 1299 902 il
1317 863 1475 903 diuino
1491 862 1660 914 fauor',
1685 864 1823 903 accici-

185 932 270 972 che
292 931 542 972 faeilment'
563 933 594 973 il
614 944 698 973 suo
720 934 864 973 voler’
900 934 1234 984 eognoseiamo
1255 941 1299 974 et
1321 933 1679 986 perfettamente
1707 943 1818 975 met-

184 1002 309 1043 tiam'
331 1003 379 1042 in
399 1002 570 1044 effetto.
591 1003 763 1044 Nostro
784 1002 970 1055 Signor'
995 1015 1179 1056 sempre
1214 1005 1256 1045 ci
1281 1011 1422 1056 tegna
1453 1017 1541 1046 con
1561 1006 1605 1046 la
1634 1017 1718 1046 sua
1741 1018 1817 1057 po-

184 1079 310 1114 tente
328 1085 466 1114 mano
488 1074 544 1114 de
565 1074 902 1125 misericordia,
926 1082 971 1115 et
993 1087 1042 1115 se
1063 1075 1238 1127 degna‚
1262 1077 1394 1116 accit>
1416 1076 1587 1128 meglio
1608 1077 1649 1117 le
1671 1077 1822 1117 seruii-

186 1145 439 1196 possiam0‚
465 1146 741 1187 coneederci
761 1148 837 1187 un'
862 1147 1046 1198 integra
1064 1147 1217 1188 sanita
1239 1148 1481 1200 spirituale
1498 1154 1542 1189 et
1560 1149 1822 1200 corporale-

264 1215 325 1256 Di
346 1216 548 1257 Modena
571 1229 597 1257 a
618 1217 649 1257 li
670 1217 723 1258 29
740 1217 782 1258 d'
807 1217 1025 1269 Augusto
1051 1217 1167 1259 1554.

268 1286 326 1328 D.
351 1287 411 1328 V.
435 1287 484 1328 P.
516 1299 654 1329 seruo
676 1289 884 1340 minimo,

1141 1433 1343 1474 GIOANNI
1374 1433 1607 1474 VALERIO.

272 1646 394 1686 Loco
434 1645 860 1697 superscrzptz'om's
897 1645 1009 1685 llaec
1045 1646 1095 1686 ιή
1138 1651 1312 1698 quarta
1352 1647 1538 1699 pagina
1573 1647 1831 1698 leguntur:

194 1714 309 1754 1554.
334 1714 436 1755 R.d0
465 1714 517 1755 P.
541 1717 737 1768 Ignatio.
764 1716 976 1757 Modena.
1002 1716 1038 1757 11
1060 1717 1430 1768 Quadrimestro.

270 1787 334 1827 Et
355 1787 451 1827 alia
473 1798 632 1828 manu.
658 1786 717 1828 Di
738 1787 958 1839 Modena,
976 1788 1029 1828 29
1049 1789 1093 1828 di
1119 1788 1300 1840 Agosto
1327 1790 1442 1829 1554.

1477 1934 1530 1985 Q.
1565 1933 1611 1975 s.
