2047 3179
850 151 934 186 AN.
966 149 1056 187 1555
1707 147 1776 184 437

147 253 412 303 complures
432 251 504 291 sui
524 249 743 290 audiendi
777 247 1012 287 studiosos
1045 251 1202 296 posset
1238 245 1283 284 in
1317 245 1454 284 rebus
1492 244 1660 284 diuinis
1682 244 1778 284 suis

150 322 453 363 concionibus
474 321 673 362 erudire,

229 393 358 433 Haec
377 393 548 443 omnia,
568 392 621 432 R.
640 391 707 442 P.,
727 395 856 430 tanta
868 388 1097 428 breuitate
1110 386 1335 438 percurri,
1353 386 1566 425 iudicans
1579 392 1780 425 nontam

151 470 362 505 nostrum
384 475 522 515 quam
543 463 741 503 aliorum
764 471 930 501 munus
951 470 1052 499 esse
1074 458 1130 497 iis
1151 457 1207 497 de
1225 457 1364 497 rebus
1392 463 1435 496 te
1458 455 1653 496 reddere
1685 467 1778 494 cer-

150 536 331 575 tiorem.
356 534 512 585 Quare
534 540 582 574 ut
601 534 658 574 ad
675 533 737 581 id,
755 530 877 582 quod
894 536 1103 570 nostrum
1116 529 1269 580 magis
1286 534 1369 577 est,
1390 537 1655 567 sermonem
1673 538 1779 566 con-

151 612 349 653 vertam,
374 604 536 645 Patres
559 605 694 644 huius
716 601 957 642 Valentini
976 599 1173 649 Collegii
1187 598 1368 639 duobus
1390 597 1683 649 potissimum
1702 597 1782 636 mi-

150 676 355 717 nisteriis
385 682 689 727 occupantur:
720 674 918 713 alterum
954 677 1023 711 est
1055 670 1272 710 assiduus
1307 668 1646 708 audiendarum
1677 679 1780 707 con-

151 748 403 788 fessionum
426 746 775 796 indefessusque
802 744 949 792 labor,
984 743 1182 781 alterum
1211 740 1410 791 diligens
1442 750 1554 779 cura
1586 738 1784 778 docendi

150 829 321 870 pueros
344 817 652 858 christianam
678 815 954 855 doctrinam.
992 812 1062 852 De
1098 811 1471 852 confessionibus
1507 810 1657 861 primo
1680 810 1783 849 loco

152 889 320 939 dicam3
345 889 403 928 ad
425 888 688 928 doctrinam
711 884 891 934 deinde,
923 883 1149 924 adiutrice
1180 882 1339 922 diuina
1361 881 1530 932 gratia,
1564 880 1784 920 deuentu-

153 971 248 1000 rus:
263 960 399 999 tertio
416 960 520 999 loco
534 959 589 997 de
607 956 875 998 domesticis
892 954 1308 995 exercitationibus
1321 964 1472 1004 pauca
1487 952 1783 1002 subiungam.

233 1031 448 1080 Fructus,
473 1030 551 1081 qui
572 1041 631 1069 ex
652 1026 1037 1075 confessionibus,
1063 1036 1181 1076 quas
1202 1024 1355 1064 nostri
1378 1022 1543 1062 Patres
1573 1022 1784 1070 audiunt,

155 1108 389 1151 emanant,
426 1100 647 1140 uberrimi
682 1105 789 1139 sunt
817 1104 955 1149 atque
986 1096 1279 1147 multiplices.
1318 1093 1451 1143 Nam,
1491 1100 1540 1133 ut
1574 1094 1788 1133 omittam

154 1173 486 1224 complurimos
507 1184 565 1211 ex
586 1171 761 1211 eisdem
782 1167 1151 1209 confessionibus
1173 1166 1331 1206 induci
1348 1172 1411 1215 ut,
1437 1165 1476 1205 si
1497 1164 1664 1204 crebro
1682 1176 1786 1215 pec-

156 1250 261 1285 cata
297 1242 507 1283 confiteri
542 1241 795 1293 coeperint,
819 1241 865 1280 in
887 1239 1051 1279 eodem
1070 1239 1193 1277 bono
1219 1243 1384 1288 coepto
1402 1241 1719 1287 perseuerent,
1744 1241 1789 1274 et

154 1308 193 1355 si
215 1327 307 1355 non
331 1314 569 1366 coeperint
591 1313 831 1364 incipiant,
855 1311 999 1350 multa
1023 1321 1081 1349 ex
1111 1307 1483 1349 confessionibus
1515 1306 1788 1346 oboriuntur

154 1386 358 1438 quotidie
379 1385 517 1434 bona,
541 1396 659 1435 quae
680 1384 875 1423 multum
904 1381 1192 1421 audientium
1225 1379 1408 1419 animos
1436 1377 1718 1426 exhilarant,
1751 1377 1790 1416 si

155 1458 232 1509 qui
253 1469 308 1497 ea
330 1456 523 1496 audiunt
550 1456 581 1495 ii
602 1456 708 1503 sint,
733 1454 811 1506 qui
827 1453 1028 1505 gloriam
1047 1452 1236 1492 diuinae
1257 1450 1519 1490 maiestatis
1541 1448 1722 1488 cunctis
1744 1448 1790 1487 in

153 1529 293 1569 rebus
314 1533 554 1579 exoptant,
579 1526 836 1577 eodemque
865 1523 1114 1575 desyderio
1145 1522 1285 1562 tracti
1315 1520 1640 1576 proximorum
1670 1520 1789 1559 salu-

154 1605 249 1640 tem
270 1606 313 1639 et
334 1598 595 1650 profectum
616 1610 642 1637 a
664 1596 764 1637 Deo
791 1597 1058 1647 frequenter
1084 1599 1358 1645 exposcunt:
1392 1598 1450 1642 et,
1484 1598 1533 1631 ut
1559 1591 1654 1631 iarn
1681 1591 1788 1630 inci-

154 1671 295 1723 piam,
314 1671 453 1710 110100
471 1668 659 1721 quidam
671 1674 869 1708 mortem
890 1666 1060 1706 inferre
1078 1665 1164 1705 sibi
1180 1664 1379 1715 parabat
1397 1668 1649 1714 propterea
1669 1662 1792 1713 quod

156 1753 249 1782 non
284 1751 507 1793 prospere
541 1751 691 1791 neque
713 1750 771 1778 ex
805 1738 948 1777 animi
984 1735 1215 1776 sententia
1251 1734 1483 1786 quaedam
1518 1734 1718 1784 negocia
1749 1734 1792 1773 ei

156 1819 496 1861 successerant,
521 1817 570 1851 ut
591 1811 664 1850 uel
685 1810 756 1850 sui
776 1809 966 1849 interitu
988 1813 1118 1847 tanto
1141 1806 1308 1856 dolori,
1343 1817 1479 1857 quem
1509 1816 1568 1845 ex
1598 1805 1790 1845 infortu-

157 1884 234 1924 nio
257 1888 552 1934 conceperat,
582 1881 860 1931 mederetur,
893 1887 937 1920 et
965 1879 1205 1919 minimam
1232 1876 1534 1928 supellectilis
1560 1877 1791 1916 iacturam

159 1955 343 1995 animae
363 1955 506 1994 multo
529 1953 697 1993 maiori
729 1952 911 1992 iactura
939 1955 1286 2001 compensaret.
1319 1948 1533 1999 Quadam
1559 1958 1672 1998 ergo
1702 1947 1789 1997 die,

159 2026 455 2066 commodam
475 2031 640 2064 nactus
663 2023 975 2072 occasionem,
1009 2033 1058 2061 se
1079 2022 1247 2071 laqueo
1271 2019 1531 2070 suspendit.
1555 2017 1646 2058 Sed
1668 2019 1792 2069 pien-

158 2098 365 2138 tissimus
383 2096 511 2136 Deus
532 2095 745 2147 pereunti
772 2093 947 2134 homini
969 2099 1156 2145 praesto
1178 2091 1280 2139 fuit,
1306 2102 1520 2141 eumque,
1545 2090 1651 2129 licet
1679 2090 1792 2129 indi-

160 2179 302 2219 gnum
325 2167 548 2208 beneficio
570 2172 716 2216 tanto,
741 2165 948 2205 seruauit
970 2164 1266 2212 incolumem,
1290 2172 1399 2201 nam
1422 2172 1528 2200 cum
1550 2161 1668 2200 alius
1689 2172 1794 2200 eum

160 2239 369 2289 uidisset,
394 2238 639 2278 confestim
661 2236 880 2286 accurrit,
905 2242 950 2275 et
972 2235 1065 2274 iam
1092 2235 1188 2274 fere
1225 2232 1503 2272 morientem
1535 2244 1559 2271 a
1584 2231 1796 2282 corporis

160 2316 204 2350 et
226 2310 410 2350 animae
432 2315 582 2349 morte
603 2308 740 2348 simul
762 2306 945 2358 eripuit.
970 2305 1060 2346 Sed
1083 2316 1189 2345 cum
1222 2304 1398 2343 factum
1416 2302 1505 2342 hoc
1531 2302 1795 2354 diuulgare-

161 2387 252 2431 tur,
275 2386 407 2420 tanta
428 2380 515 2420 fuit
535 2379 612 2419 hic
647 2379 786 2418 homo
823 2376 1019 2417 affectus
1055 2375 1259 2423 tristitia,
1293 2380 1342 2413 ut
1376 2381 1576 2413 mortem
1610 2380 1797 2425 putaret

161 2451 256 2491 uita
278 2452 417 2502 longe
438 2449 774 2499 iocundiorem,
799 2460 890 2500 qua
911 2447 1129 2499 opinione
1151 2445 1402 2486 falsissima
1419 2444 1654 2496 deceptus,
1673 2444 1797 2496 quod

162 2523 256 2562 iam
272 2522 415 2562 semel
431 2526 762 2570 attentauerat‚
784 2519 969 2560 uolebat
991 2518 1249 2570 perducere
1270 2515 1328 2556 ad
1345 2515 1482 2555 finem
1500 2527 1660 2566 usque.
1681 2515 1798 2555 Cum

164 2593 352 2645 quidam
373 2605 397 2632 e
417 2591 591 2632 nostris
611 2591 822 2642 patribus
849 2591 939 2630 hac
961 2590 1016 2630 de
1039 2601 1089 2629 re
1111 2588 1285 2628 certior
1316 2586 1461 2636 fieret,
1484 2585 1730 2626 confestim
1751 2586 1799 2626 in

164 2663 368 2703 hominis
389 2663 526 2703 huius
547 2662 736 2703 domum
758 2673 807 2701 se
828 2661 1022 2710 confert,
1046 2659 1285 2699 hominem
1313 2657 1577 2709 alloquitur,
1602 2658 1798 2706 solatur,

165 2734 507 2775 confessionem
539 2733 717 2783 suadet,
754 2731 1052 2773 confitentem
1069 2729 1218 2779 audit,
1257 2740 1313 2768 ac
1349 2728 1546 2780 denique
1579 2727 1713 2778 facit,
1750 2733 1800 2767 ut

164 2816 315 2857 neque
327 2804 497 2856 prioris
509 2804 734 2854 iacturae,
752 2814 901 2854 neque
914 2800 1198 2853 ignominiae
1210 2800 1303 2840 iam
1318 2799 1662 2849 recordaretur,
1683 2799 1799 2839 adeo

166 2882 230 2927 ut,
255 2887 362 2916 cum
388 2880 526 2915 antea
560 2874 804 2916 cuiusdam
835 2873 1028 2914 cellulae
1058 2871 1218 2911 limina
1245 2883 1339 2911 non
1370 2871 1533 2911 fuisset
1564 2881 1800 2921 egressus,

166 2958 254 2987 nec
271 2957 553 2998 quemquam
570 2945 743 2997 alloqui
758 2956 871 2996 prae
888 2943 1031 2983 nimio
1049 2941 1227 2993 pudore
1242 2942 1408 2982 fuisset
1425 2952 1581 2990 ausus,
1605 2941 1678 2981 die
1699 2952 1802 2992 pro-
