2047 3179
895 149 977 187 AN.
1008 149 1099 186 1554
1744 151 1810 188 101

177 252 344 287 sancto
376 247 704 288 Eucharistiae
732 245 1053 296 Sacramenm,
1087 245 1288 286 Domino
1320 245 1420 286 Deo
1456 257 1538 285 suo
1571 246 1616 285 in
1648 246 1809 286 viuum

179 317 506 358 holocaustum
527 329 577 358 se
597 323 744 358 totum
765 316 1077 357 consecrauit.
1105 315 1239 356 Nunc
1261 322 1330 356 est
1359 316 1579 356 ostiarius
1600 329 1685 356 nec
1717 328 1808 356 me-

175 388 388 429 diocrem
407 389 541 429 nobis
562 388 776 429 omnibus
799 387 1175 439 expectationem
1197 387 1356 427 mouit.

257 459 513 500 Doctrinae
535 459 819 500 christianae
836 458 1166 510 praelectionis
1188 458 1560 511 concionumque
1578 459 1692 499 ordo
1717 460 1810 500 Do-

177 530 360 570 minicis
374 542 557 582 semper
578 543 632 571 ac
648 529 828 570 festiuis
844 530 1005 570 diebus
1023 529 1252 570 hactenus
1273 535 1488 570 seruatus
1505 536 1587 570 est.
1612 529 1805 571 Necnon

179 601 225 641 in
248 601 350 641 aliis
371 608 416 642 et
438 602 484 642 in
505 603 619 643 vrbe
646 608 689 642 et
720 607 854 642 extra
879 602 1039 641 vrbem
1072 601 1187 641 locis
1208 601 1418 641 nonnulli
1446 613 1505 641 ex
1531 601 1705 641 nostris
1732 602 1813 641 ali-

177 672 360 723 quoties
393 673 658 713 concionati
683 678 810 723 sunt;
840 683 932 712 non
959 679 1112 712 tamen
1150 671 1286 711 toties
1307 671 1490 723 quoties
1511 672 1808 723 petebantur,

178 743 304 794 quod
326 743 540 783 omnibus
560 755 654 784 non
674 743 835 783 liceret
856 754 938 794 per
961 743 1247 794 paucitatem
1269 742 1557 783 satisfacere.

262 813 314 854 In
335 814 644 855 confessionis
677 813 1050 865 frequentatione
1086 824 1287 864 magnus
1315 813 1521 854 cernitur
1551 825 1607 854 ac
1635 815 1810 865 perspi-

179 896 298 925 cuus
318 885 569 937 profectus.
595 885 691 926 Nec
714 896 919 937 vnquam
947 885 1175 926 hactenus
1202 890 1358 925 tantus
1387 885 1470 925 fuit
1492 884 1813 925 confitentium

179 967 415 997 numerus.
451 956 539 1007 Qui
574 962 731 997 tantus
765 962 857 1007 est,
895 963 944 997 ut
981 966 1231 1007 cogamur,
1265 963 1461 1007 vrgente
1489 955 1813 996 confitentium

181 1026 489 1077 multitudine,
523 1039 624 1077 eos,
649 1028 727 1079 qui
756 1026 934 1079 jamdiu
954 1033 1150 1079 peccata
1178 1026 1384 1067 fatentur
1413 1034 1457 1067 et
1488 1039 1685 1078 quorum
1708 1039 1817 1068 con-

182 1098 382 1138 stantiae
404 1098 603 1150 fidimus,
628 1098 717 1139 alio
740 1105 935 1149 peccata
953 1097 1163 1139 fassuros
1185 1099 1519 1150 transmittere,
1544 1110 1601 1138 ne
1619 1110 1714 1149 eos,
1739 1099 1818 1150 qui

182 1181 305 1210 nunc
327 1169 528 1221 primum
550 1176 767 1211 sanctum
783 1170 871 1210 hoc
889 1169 1198 1210 confessionis
1219 1175 1567 1210 sacramentum
1589 1170 1819 1221 incipiunt

178 1240 492 1292 frequentare,
517 1242 706 1282 tristitia
727 1253 783 1282 ac
804 1252 1016 1281 moerore
1052 1240 1324 1281 afficiamus.
1348 1241 1528 1282 Tantus
1564 1247 1723 1281 tamen
1745 1248 1817 1281 est

182 1312 239 1352 ad
263 1312 605 1353 confessionem
622 1312 955 1353 confluentium
972 1323 1243 1363 concursuS,
1268 1319 1318 1352 ut
1336 1312 1433 1353 fere
1451 1323 1706 1364 nunquam,
1726 1312 1820 1353 die-

181 1383 271 1423 bus
287 1383 581 1435 potissimum
598 1384 792 1434 festinis,
818 1384 1030 1424 omnibus
1047 1383 1321 1424 satisfacere
1345 1384 1590 1435 possimus.
1615 1384 1816 1424 Nonnul-

183 1456 255 1495 lae
273 1455 413 1495 etiam
427 1455 745 1496 confessiones
755 1456 1002 1507 generales
1019 1455 1093 1499 (ex
1106 1455 1272 1506 quibus
1288 1466 1461 1506 magna
1476 1455 1565 1495 Dei
1582 1456 1820 1496 emanauit

118 1540 121 1543 >
183 1526 300 1576 laus)
321 1525 474 1566 factae
497 1532 624 1567 sunt:
648 1538 706 1567 ex
728 1526 906 1567 duobus
931 1525 979 1566 in
998 1525 1087 1566 hac
1105 1526 1220 1566 vrbe
1241 1526 1343 1566 sitis
1361 1526 1633 1567 monialium
1650 1538 1817 1567 coeno-

181 1597 268 1637 biis
291 1597 351 1647 (in
372 1598 538 1649 quibus
560 1597 877 1649 superioribus
912 1597 1073 1638 diebus
1110 1598 1168 1637 ob
1200 1605 1469 1638 nostrorum
1496 1598 1689 1638 Patrum
1719 1606 1821 1638 tum

179 1668 453 1718 conciones,
487 1675 584 1709 tum
619 1669 834 1719 consilia,
872 1675 970 1709 tum
999 1669 1141 1709 etiam
1168 1669 1224 1709 de
1252 1669 1390 1709 rebus
1417 1670 1705 1721 spiritalibus
1730 1671 1822 1710 col-

181 1740 460 1790 locutiones,
503 1752 676 1791 magna
716 1751 899 1781 morum
943 1741 989 1780 in
1034 1741 1198 1781 melius
1247 1741 1573 1789 commutati0‚
1616 1753 1819 1792 magnus

176 1812 490 1863 quarumdam
510 1812 804 1863 potissimum
820 1811 906 1852 fuit
927 1811 986 1851 ad
1002 1811 1263 1852 orationem
1282 1812 1710 1864 perfectionemque
1731 1812 1820 1852 fer-

181 1882 289 1933 uor)
326 1895 353 1923 a
387 1894 545 1923 mense
575 1881 685 1934 Maji
719 1882 1022 1922 vehementer
1055 1882 1284 1923 hactenus
1319 1895 1374 1923 ac
1407 1883 1594 1935 saepius
1629 1896 1655 1923 a
1677 1884 1817 1923 nobis

177 1954 521 1995 contenderunt
552 1961 601 1994 ut
629 1954 695 1994 eis
717 1965 744 1993 a
765 1953 1140 1994 confessionibus
1174 1965 1397 1995 essemus.
1434 1954 1678 2007 Tantoque
1709 1961 1820 1995 sunt

180 2024 316 2076 liujus
336 2026 405 2066 rei
431 2025 664 2066 desiderio
692 2036 942 2075 accensae,
978 2034 1028 2068 ut
1062 2026 1314 2066 nonnullae
1343 2038 1401 2066 ex
1428 2026 1562 2077 ipsis,
1592 2027 1730 2077 copia
1760 2026 1822 2066 ad

180 2096 226 2137 id
245 2097 515 2149 impetrata,
539 2097 786 2148 ipsaemet,
811 2097 1081 2139 exorandae
1102 2096 1239 2149 hujus
1261 2096 1329 2136 rei
1349 2097 1526 2148 gratia,
1551 2096 1611 2137 ad
1632 2108 1719 2137 nos
1736 2109 1814 2136 ve-

179 2168 347 2208 nerint:
372 2168 485 2208 illud
501 2174 631 2208 tanta
648 2169 985 2209 lachrimarum
1001 2168 1239 2209 affluentia
1251 2180 1307 2208 ac
1327 2167 1574 2208 deuotione
1598 2168 1816 2208 obiicien-

179 2245 249 2278 tes
273 2240 350 2288 (ne
393 2239 573 2280 scilicet
612 2240 853 2291 religionis
885 2246 1057 2291 status,
1090 2239 1527 2280 indumentorumue
1566 2240 1820 2279 monacho-

181 2321 285 2350 rum
305 2322 471 2361 causa,
501 2317 632 2351 tanto
654 2311 953 2362 priuarentur
982 2311 1127 2359 bono,
1157 2316 1318 2351 nostra
1347 2310 1566 2351 videlicet
1585 2309 1817 2361 doctrina,

183 2379 410 2433 hujusque
434 2380 727 2422 Sacramenti
747 2382 1142 2434 frequentatione,
1167 2393 1257 2433 quo
1282 2382 1359 2422 vel
1385 2381 1530 2433 ipsius
1548 2381 1819 2433 plebeculae

178 2452 346 2492 uetulis
366 2453 509 2493 libere
530 2453 654 2505 apud
674 2464 761 2493 nos
781 2453 872 2493 frui
892 2453 1076 2503 liceret)
1101 2459 1149 2493 ut
1166 2453 1335 2493 mirum
1352 2453 1400 2493 in
1418 2453 1607 2493 modum
1626 2452 1822 2493 Patrem

181 2530 419 2575 vrgerent3
443 2524 570 2575 quod
591 2524 658 2564 eis
679 2523 818 2565 Pater
848 2524 1113 2576 denegauit.
1137 2523 1364 2575 Nuncque
1392 2524 1534 2564 etiam
1564 2535 1671 2564 cum
1696 2524 1819 2564 idem

181 2594 287 2635 illae
308 2595 590 2636 contendere
612 2606 706 2635 non
728 2601 935 2646 cessent,
959 2595 1059 2646 ipse
1082 2600 1240 2635 tamen
1260 2595 1307 2635 in
1339 2595 1502 2635 eadem
1533 2601 1690 2635 manet
1717 2606 1823 2635 sen·

180 2666 346 2715 tentia,
371 2672 415 2706 et
452 2666 667 2718 quamuis
703 2665 1060 2718 consequendae
1090 2664 1227 2717 hujus
1248 2666 1316 2706 rei
1358 2678 1489 2718 spem
1516 2678 1609 2706 non
1630 2666 1827 2706 omnino

179 2736 427 2787 ademerit,
453 2737 684 2789 protrahit
706 2742 863 2777 tamen
891 2748 1015 2787 eam,
1053 2743 1192 2789 atque
1221 2737 1267 2777 in
1302 2737 1400 2778 dies
1431 2737 1582 2788 magis
1611 2737 1818 2777 distinet·

260 2807 446 2849 Morum
475 2819 648 2859 magna
683 2808 989 2849 communiter
1017 2808 1063 2849 in
1090 2809 1255 2849 melius
1285 2809 1519 2849 restitutio
1550 2809 1614 2860 fit,
1648 2809 1818 2860 aliique

180 2880 301 2920 alios
322 2880 537 2926 inuicem,
562 2887 659 2920 tum
679 2879 1144 2931 reprehensionibus,
1169 2886 1266 2920 tum
1294 2880 1715 2931 cohortationibus,
1739 2880 1819 2919 mi-

180 2960 286 2991 rum
307 2950 353 2991 in
375 2951 565 2991 modum
582 2949 761 3002 juuant.
788 2950 857 2990 Ac
882 2950 1002 2990 inter
1023 2950 1142 2990 alios
1165 2951 1356 3002 quidam
1377 2951 1672 3003 potissimum
1693 2958 1818 3001 sunt,
