2047 3179
255 119 303 157 52
778 119 1003 159 LITTERAE
1018 131 1376 165 QUADRIMESTRES

962 574 1190 629 GOGVI

329 809 375 846 P.
399 808 556 846 Petrus
579 808 794 852 Navarra

377 873 445 911 Ex
464 874 785 912 commissione
806 875 950 912 PatriS
971 875 1151 913 Antonii
1172 874 1224 913 de
1246 873 1467 918 Corduba,

427 939 546 977 Patri
566 939 734 986 Ignatio
755 941 808 977 de
830 941 1011 988 Loyola.

475 1005 696 1051 Corduba,
720 1005 763 1043 15
781 1007 886 1053 julii
907 1006 999 1044 1554
1017 1007 1041 1043 ¹.

1029 1162 1129 1238 117le

346 1358 615 1399 Reuerende
639 1358 893 1399 admodum
914 1358 958 1398 in
983 1358 1170 1399 Christo
1193 1365 1259 1409 p.¹·

342 1429 532 1471 Summa
553 1429 663 1483 Jesu
687 1429 862 1471 Christi
882 1430 1141 1470 seruatoris
1162 1429 1309 1469 nostri
1329 1430 1486 1480 gratia
1516 1435 1561 1470 et
1579 1441 1675 1482 pax
1704 1430 1763 1470 sit
1784 1441 1902 1471 sem-

260 1514 437 1555 perque
458 1508 641 1542 crescat
662 1502 710 1542 in
730 1508 808 1542 tuo
831 1501 1129 1553 omniumque
1151 1500 1382 1542 cordibus.
1409 1501 1574 1542 Amen.

342 1573 453 1614 Post
483 1573 582 1624 illa,
614 1573 670 1613 de
697 1573 865 1625 quibus
897 1573 991 1613 iam
1023 1572 1194 1613 certior
1215 1572 1368 1613 factus
1399 1584 1448 1613 es
1484 1572 1904 1624 quadrimestribus

261 1645 491 1698 proximis
508 1645 668 1695 literis,
689 1656 918 1696 perquam
935 1644 1202 1684 venerande
1220 1650 1367 1696 pater,
1393 1656 1513 1696 quae
1534 1645 1594 1686 ad
1609 1650 1654 1685 te
1671 1644 1907 1686 scribendi

263 1716 311 1756 in
332 1717 709 1768 praesentiarum
732 1727 834 1756 sese
857 1715 1075 1764 offerunt,
1100 1728 1158 1755 ex
1181 1716 1252 1755 his
1281 1727 1400 1767 quae
1422 1715 1551 1757 Deus
1580 1712 1783 1768 optimus
1812 1728 1906 1757 ma-

263 1787 417 1828 ximus
440 1800 522 1839 per
544 1787 630 1828 hos
653 1798 816 1828 seruos
838 1798 947 1827 suos
968 1793 1190 1838 operatus
1222 1793 1311 1837 est,
1343 1793 1451 1828 sunt
1479 1799 1599 1839 quae
1627 1794 1904 1840 sequuntur.

346 1859 655 1911 Occurritque
678 1859 724 1898 in
746 1858 1030 1899 narrationis
1052 1858 1296 1909 vestibulo,
1320 1859 1469 1910 patris
1484 1858 1730 1900 Francisci
1751 1860 1765 1880 ²
1782 1872 1808 1900 a
1826 1871 1905 1900 no·

264 1930 335 1971 bis
369 1931 415 1971 in
452 1930 705 1971 Castellam
740 1929 992 1970 discessus:
1030 1930 1109 1981 qui
1148 1929 1334 1981 quidem
1366 1942 1473 1971 cum
1504 1929 1908 1982 Quadragesimae

264 2002 395 2042 initio
416 2001 595 2052 fuisset,
620 2001 854 2042 maximae
876 2001 1183 2052 plurimorum
1202 2001 1339 2041 huius
1361 2001 1516 2053 oppidi
1540 2002 1711 2042 animis
1730 2002 1908 2042 desola-

266 2074 381 2114 tioni
402 2073 501 2124 suit;
525 2079 594 2124 et,
626 2080 676 2113 vt
705 2078 917 2113 caeteros
940 2072 1176 2123 omittam,
1200 2072 1403 2114 Domino
1433 2073 1601 2126 Joanni
1626 2073 1873 2114 Cordubae
1894 2072 1908 2091 ³

265 2145 463 2197 aliisque
485 2156 624 2197 quam
646 2144 857 2196 plurimis
879 2144 1109 2184 nobilibus
1131 2144 1260 2194 viris,
1284 2156 1370 2185 nec
1393 2157 1487 2185 non
1514 2144 1784 2197 Inquisitori
1811 2144 1907 2186 Vil-

268 2217 338 2256 lar
359 2215 372 2234 ⁴
393 2217 531 2256 simul
563 2221 608 2256 et
637 2214 899 2256 canonicis:
936 2215 1103 2266 quibus
1134 2216 1348 2256 omnibus
1376 2215 1529 2256 Patris
1556 2215 1787 2257 aduentus
1814 2228 1908 2258 non

266 2288 550 2328 mediocrem
571 2286 942 2327 consolationem
963 2286 1204 2337 attulerat,
1229 2286 1374 2327 verba
1396 2299 1558 2327 eorum
1580 2288 1762 2328 animos
1784 2299 1909 2328 com-

266 2364 528 2408 monemur,
553 2369 695 2409 opera
717 2363 873 2397 autem
895 2357 940 2397 in
963 2357 1321 2398 admirationem
1343 2365 1481 2410 atque
1503 2365 1744 2410 stuporem
1760 2358 1904 2399 addu-

266 2435 452 2470 xerant.

347 2500 597 2542 Caeterum
624 2501 870 2540 uulnerum
899 2499 1107 2540 dolorem
1137 2501 1429 2553 aliquantum
1458 2502 1618 2542 leniuit
1649 2513 1780 2553 speS‚
1815 2513 1908 2553 qua

265 2572 482 2623 suspensi
504 2572 632 2612 illum
654 2572 700 2612 in
721 2570 1043 2622 Septembrem
1065 2583 1273 2613 mensem
1296 2579 1561 2625 expectant.
1586 2572 1804 2613 Profecto
1823 2573 1907 2613 ita-

323 2758 331 2777 ¹
372 2757 587 2791 Exemplum.
601 2761 636 2784 ut
655 2757 803 2790 videtur,
821 2752 1070 2791 apographum,
1088 2758 1120 2784 in
1136 2751 1262 2793 duplici
1279 2752 1370 2793 folio,
1386 2766 1442 2786 nn.
1456 2758 1558 2786 3910t
1572 2758 1636 2785 395.

320 2807 333 2826 ι’
372 2806 407 2832 P.
426 2805 603 2832 Francisci
622 2805 661 2831 de
679 2804 793 2839 Borja.

319 2854 332 2874 5
370 2853 508 2881 Decano
523 2853 689 2880 ecclesiae
707 2852 947 2883 Cordubensis,
967 2852 1111 2887 Collegii
1129 2852 1316 2881 Societatis
1334 2853 1521 2881 fundatori.

319 2903 332 2922 ⁴
370 2901 458 2928 Vide
476 2901 602 2928 Cartas
617 2900 659 2927 de
676 2899 746 2927 San
764 2899 920 2933 Ignacz‘o,
936 2905 958 2927 t.
976 2909 997 2927 v
1014 2922 1019 2934 ,
1037 2908 1114 2935 pag.
1131 2901 1184 2928 492
1196 2923 1202 2934 ,
1218 2906 1251 2928 et
1267 2900 1484 2929 SANTwAS'Ez
1499 2923 1505 2935 ,
1523 2901 1688 2928 Historia
1709 2901 1801 2929 dela
1825 2901 1911 2929 Pro-

266 2948 387 2977 vincia
403 2948 446 2975 de
461 2946 674 2979 Andalmz'a,
690 2951 778 2982 part.
794 2948 818 2979 l,
833 2948 886 2976 lib.
902 2955 935 2978 11.
952 2955 1027 2982 cap.
1042 2948 1086 2980 38,
1101 2956 1132 2975 n.
1147 2948 1173 2975 2.
