2047 3179
845 138 928 175 AN.
959 138 1050 175 1555
1694 138 1767 174 719

133 238 390 278 adueniens
412 244 509 277 tum
530 235 754 287 temporis
774 234 1009 286 superior:
1037 233 1189 282 “Mihi,
1222 234 1383 285 inquit,
1415 245 1507 274 non
1538 234 1759 286 loqueris,

132 307 272 348 Pater
293 308 381 348 mi?
396 340 412 357 „
438 314 484 347 at
506 318 617 347 uero
639 306 713 346 ille
734 304 974 357 respondit
996 305 1059 344 ita
1080 305 1214 344 vultu
1244 315 1409 344 sereno
1438 312 1488 344 vt
1517 304 1629 344 nihil
1656 316 1761 356 pas-

133 390 236 419 sum
257 379 472 428 dixisses,
495 378 542 417 in
563 389 653 428 quo
675 383 720 417 et
741 376 887 416 donec
907 375 1137 426 receperit
1159 373 1493 415 Sanctissimae
1515 374 1762 415 Unctionis

134 457 479 490 sacramentum
503 448 699 489 feliciter
728 447 943 499 perstitit.
976 445 1213 497 Exequiae
1235 445 1277 485 ei
1297 452 1340 486 et
1362 445 1609 494 sacrificia,
1633 445 1760 486 fune-

131 520 325 571 briaque
346 520 467 560 iusta
490 520 578 560 rite
600 524 705 558 sunt
726 518 982 570 persoluta,
1005 518 1142 568 prout
1163 522 1207 556 et
1227 516 1325 567 ipse
1346 516 1595 567 praecipis,
1620 522 1664 556 et
1685 516 1760 556 de-

130 591 253 631 bitus
277 602 410 630 amor
430 590 695 641 postulabat
717 601 771 629 ac
792 589 955 640 pietas.

212 661 341 712 Quae
364 661 423 701 ad
444 660 502 700 D.
525 660 683 701 Lucae
706 659 826 700 diem
847 671 932 711 pro
954 658 1120 699 rostris
1141 657 1301 698 habita
1323 664 1391 697 est
1412 658 1576 707 oratio,
1614 658 1758 698 scien-

128 732 300 773 tiarum
340 732 545 772 omnium
584 731 799 772 laudibus
837 735 1122 782 prosequuta
1161 734 1230 769 est
1270 729 1500 769 instituta:
1548 729 1758 769 virorum

130 814 383 844 consessus
405 802 534 843 affuit
556 808 600 842 et
620 802 839 854 frequens
866 807 910 841 et
938 800 1153 841 illustris:
1182 811 1237 840 ea
1264 811 1340 840 res
1357 799 1561 839 maxime
1582 799 1757 851 placuit

129 874 325 915 cunctis.
367 874 438 914 Ex
477 873 600 913 villis
636 872 987 923 confinibusque
1021 871 1135 911 locis
1170 870 1229 911 ad
1262 882 1386 910 noua
1413 870 1530 910 haec
1559 870 1756 921 collegia

130 944 403 985 iamdudum
425 944 646 984 aduenire
669 948 938 995 coeperunt.
961 941 1077 983 Sunt
1100 941 1241 992 igitur
1271 941 1540 982 scholastici
1569 947 1755 981 centum

129 1015 316 1056 circiter
338 1022 382 1055 et
411 1015 626 1065 triginta:
655 1020 754 1054 tum
782 1013 929 1054 literis
959 1019 1004 1053 et
1025 1012 1236 1053 moribus
1258 1013 1397 1063 longe
1423 1013 1608 1063 lateque
1629 1018 1755 1063 patet

127 1086 236 1127 boni
258 1086 610 1126 incrementum.

207 1155 428 1198 Solebant
463 1157 633 1208 quippe
660 1156 779 1196 festo
808 1154 852 1196 S.
882 1154 1064 1195 Nicolai
1095 1166 1153 1195 ex
1187 1154 1253 1195 eis
1287 1154 1559 1206 episcopum
1588 1165 1754 1194 vnum-

125 1227 375 1280 quemlibet
397 1227 646 1279 quotannis
667 1225 858 1277 fingere,
883 1225 1104 1277 quocirca
1124 1225 1247 1265 mille
1268 1224 1573 1265 adstruebant
1594 1224 1755 1276 nequi-

124 1299 229 1340 tias:
254 1299 453 1339 abusum
470 1298 592 1338 hunc
610 1298 886 1349 expulimus,
906 1308 986 1337 eos
1003 1296 1093 1336 huc
1113 1296 1261 1336 cereis
1279 1296 1485 1336 candelis
1502 1295 1753 1336 conuenire

122 1370 350 1410 facientes
373 1369 431 1410 ad
459 1381 558 1409 rem
588 1379 773 1408 sacram
803 1379 1059 1419 precesque
1089 1367 1396 1418 uespertinaS,
1429 1366 1506 1406 ubi
1535 1366 1582 1406 in
1612 1367 1754 1407 hono-

121 1452 222 1482 rem
242 1439 404 1482 Sancti
425 1440 636 1480 carmina
660 1439 838 1491 aliquot
859 1445 965 1479 sunt
986 1438 1199 1478 recitata.

202 1511 349 1552 Porro
372 1511 511 1551 simili
533 1511 714 1550 ratione
735 1515 925 1561 propter
946 1509 1115 1549 festum
1135 1508 1317 1549 Natalis
1338 1508 1512 1549 Christi
1528 1520 1668 1548 versu
1686 1508 1755 1549 eis

124 1583 388 1635 composuit
410 1582 722 1633 instruxitque
743 1592 864 1621 vnus
887 1592 945 1620 ex
965 1579 1348 1632 praeceptoribus
1375 1579 1666 1619 comoediam
1696 1580 1752 1620 de

122 1653 383 1696 Saluatoris
405 1659 523 1703 ortu,
549 1663 667 1704 quae
694 1651 810 1692 adeo
840 1652 1032 1702 elegans
1062 1651 1214 1691 extitit
1247 1661 1302 1690 ac
1331 1650 1515 1690 deuota.
1548 1649 1751 1690 Tantum

120 1725 193 1765 his
214 1732 352 1776 atque
373 1724 418 1764 id
439 1735 588 1775 genus
610 1723 776 1763 studiis
798 1723 1016 1762 iuuentus
1037 1728 1316 1774 prouentum
1336 1721 1465 1761 facit.

200 1795 363 1847 Populi
386 1801 542 1835 autem
564 1800 769 1844 senatus,
793 1793 872 1845 qui
893 1793 1026 1833 nobis
1057 1793 1258 1832 antehac
1284 1792 1496 1843 grauiter
1526 1792 1749 1832 aduersa-

117 1867 270 1917 batur,
295 1866 484 1906 tandem
506 1866 553 1905 vi
577 1864 584 1883 ¹
608 1865 676 1904 rei
697 1864 833 1904 huius
856 1864 903 1904 in
924 1863 1049 1904 uiam
1070 1862 1188 1903 redit
1206 1876 1213 1903 :
1231 1875 1355 1913 nam,
1379 1862 1495 1902 nihil
1515 1862 1650 1903 nobis
1667 1874 1745 1914 pe-

118 1938 343 1988 tentibus,
368 1936 510 1977 tritici
533 1935 841 1988 quantitatem
868 1946 961 1974 non
991 1933 1276 1974 mediocrem
1299 1931 1376 1985 [in]
1400 1934 1746 1985 eleemosynam

119 2015 187 2049 est
208 2009 449 2060 elargitus.

197 2080 458 2121 Conciones
480 2079 642 2118 solitas
666 2077 825 2117 habuit
848 2076 1075 2116 hactenus
1093 2076 1238 2115 multa
1254 2087 1359 2116 cum
1376 2076 1637 2127 frequentia
1654 2075 1745 2116 die-

116 2151 202 2192 bus
223 2151 353 2191 festis
375 2162 430 2190 ac
447 2149 707 2190 Dominicis
723 2148 860 2188 Pater
881 2147 1053 2188 Sancta
1073 2146 1194 2187 Cruz
1210 2146 1334 2198 apud
1350 2157 1458 2186 nos:
1478 2147 1586 2198 quin
1604 2147 1746 2187 etiam

116 2221 335 2262 nundinis
355 2221 456 2261 istis
477 2232 561 2272 pro
583 2218 869 2270 trapeziticis
889 2218 1062 2258 mensis
1083 2218 1153 2258 bis
1176 2217 1481 2257 concionatus
1503 2223 1587 2268 est3
1607 2228 1744 2269 quem

116 2304 222 2332 cum
249 2293 391 2332 semel
425 2291 671 2343 praediues
706 2289 895 2341 quidam
925 2294 1159 2328 mercator
1189 2288 1411 2338 audisset,
1443 2288 1745 2328 facultatibus

116 2363 330 2403 omnibus
366 2362 598 2412 extemplo
632 2360 832 2410 reiectis,
870 2359 916 2399 in
951 2359 1157 2399 Montem
1191 2365 1424 2399 serratum
1455 2359 1518 2409 (ut
1553 2360 1742 2407 uocant)

114 2434 373 2474 monachus
395 2433 457 2473 ibi
477 2432 661 2472 futurus
681 2442 784 2471 sese
805 2430 995 2482 recepit.

193 2505 511 2555 Hieronymus
533 2503 588 2542 de
606 2502 798 2553 Acosta,
817 2501 968 2542 maior
984 2507 1097 2541 natu
1113 2501 1337 2541 fratribus
1354 2507 1555 2552 quatuor
1572 2500 1647 2541 hic
1665 2500 1742 2541 ad-

113 2575 269 2616 missis
297 2581 342 2615 et
372 2575 464 2614 iam
495 2573 758 2613 obedientia
789 2571 1027 2624 dispersiS,
1060 2578 1222 2612 nostra
1252 2572 1479 2612 exercitia
1511 2571 1577 2622 (vt
1608 2571 1667 2612 ad
1696 2578 1743 2612 te

111 2646 325 2697 longiore
356 2645 487 2685 titulo
518 2644 729 2696 proxime
758 2643 1050 2695 scripsimus)
1079 2643 1302 2694 capessit3
1331 2654 1455 2682 nunc
1477 2643 1634 2694 itaque
1655 2653 1741 2682 sua

110 2716 362 2758 vocatione
384 2716 518 2756 enixe
540 2720 735 2766 perstat,
759 2713 867 2754 licet
884 2725 1007 2754 nunc
1024 2714 1248 2765 temporis
1266 2713 1403 2753 valde
1421 2719 1674 2765 occupetur
1693 2714 1740 2754 in

112 2789 183 2839 iis,
208 2788 375 2840 quibus
397 2793 465 2826 est
487 2786 731 2837 obnoxius,
756 2785 939 2837 penitus
961 2784 1274 2825 absoluendis.

162 2903 172 2923 1
217 2902 310 2930 Rasa
325 2902 379 2928 hic
396 2901 530 2932 charta.
548 2904 680 2927 tantum
696 2900 833 2927 litterae
849 2899 1020 2934 particula
1043 2898 1268 2934 conspicitur3
1293 2900 1350 2926 sed
1373 2907 1432 2926 nec
1449 2900 1541 2927 locus
1557 2903 1607 2927 est
1623 2899 1686 2927 nisi
1702 2900 1740 2926 vi

108 2954 168 2979 aut
186 2950 244 2978 alii
260 2949 373 2977 simili.
