2047 3179
288 158 358 195 436
806 160 1032 198 LITTERAE
1053 172 1411 205 QUADRIMESTRES

483 505 765 532 praecedentium
785 504 979 539 Hieronymi
996 505 1036 532 de
1055 505 1201 539 Ripalda
1222 506 1417 533 litterarum
1435 505 1544 533 latina
1570 507 1681 533 versio
1705 508 1726 531 ¹.

1105 737 1110 746 v

1038 754 1171 818 Jesus

360 966 461 1006 ΚΜ
494 967 539 1006 in
561 964 748 1006 Christo
774 964 925 1005 Pater.

361 1036 528 1078 Gratia
550 1044 594 1077 et
615 1048 710 1088 pax
729 1035 921 1076 Domini
937 1036 1087 1076 nostri
1106 1036 1218 1089 Jesu
1239 1035 1415 1077 Christi
1433 1037 1493 1077 sit
1516 1049 1703 1090 semper
1725 1039 1771 1078 in
1792 1039 1927 1079 nobis

281 1108 512 1149 omnibus.
537 1108 706 1148 Amen.

358 1179 529 1220 Noster
551 1179 599 1220 Ρ.
626 1179 806 1220 Doctor
829 1178 1044 1231 Baptista
1073 1179 1313 1231 profectus
1344 1187 1413 1220 est
1448 1180 1763 1232 Complutum,
1794 1186 1844 1221 ut
1865 1181 1928 1222 ibi

278 1251 511 1303 quaedam
545 1256 708 1302 ageret
743 1250 942 1302 negocia
974 1251 1123 1290 nostri
1153 1250 1350 1302 Collegii
1386 1251 1749 1304 Complutensis;
1786 1264 1924 1304 quem

277 1329 409 1363 tanta
447 1323 713 1362 animorum
733 1322 911 1362 laetitia
942 1322 1112 1362 fratres
1148 1322 1271 1362 illius
1302 1322 1500 1374 Collegii
1535 1330 1843 1375 exceperunt,
1876 1332 1925 1365 ut

276 1400 439 1446 aperte
462 1395 758 1435 declararent
782 1394 1082 1445 desyderium
1104 1405 1344 1445 magnum,
1369 1406 1460 1446 quo
1482 1395 1576 1435 iam
1594 1407 1620 1434 a
1642 1396 1787 1435 multo
1812 1401 1924 1436 tem-

277 1478 392 1518 pore
415 1467 474 1506 ad
495 1478 601 1506 eum
623 1477 770 1518 usque
793 1466 916 1506 diem
936 1465 1272 1516 flagrauerant,
1309 1465 1540 1506 aduentus
1576 1467 1690 1507 eius.
1724 1466 1816 1507 Sed
1845 1468 1926 1507 uix

277 1544 574 1589 peruenerat,
608 1549 714 1577 cum
737 1537 796 1577 ad
817 1548 922 1577 eum
945 1537 1030 1587 sui,
1056 1549 1196 1589 quam
1217 1537 1317 1588 ipse
1345 1538 1585 1589 uoluisset,
1616 1538 1924 1578 studiosiores

281 1616 600 1660 accesserunt,
639 1610 716 1661 qui
746 1594 929 1649 summo
965 1609 1118 1649 studio
1155 1608 1475 1660 efflagitarunt
1509 1616 1557 1649 ut
1594 1610 1758 1650 diebus
1793 1610 1923 1650 festis

277 1682 508 1733 proximis
541 1680 814 1721 Natiuitatis
846 1680 1036 1720 Domini
1074 1681 1212 1720 uellet
1250 1680 1374 1731 apud
1405 1692 1455 1720 se
1490 1681 1663 1721 habere
1695 1681 1924 1733 quasdam

279 1753 546 1792 conciones:
572 1764 653 1792 eas
674 1752 852 1802 habuit,
878 1758 937 1802 et,
968 1758 1016 1792 ut
1043 1752 1177 1792 nobis
1199 1752 1278 1804 qui
1305 1751 1615 1792 interfuerant
1642 1752 1735 1792 illic
1757 1764 1925 1793 renun-

278 1824 470 1873 tiarunt,
495 1835 670 1874 magno
699 1823 967 1863 auditorum
996 1823 1225 1875 applausu
1255 1824 1442 1863 fuerunt
1476 1830 1718 1875 exceptae,
1745 1824 1820 1864 cui
1852 1824 1923 1864 rei

278 1896 362 1936 fuit
386 1901 665 1947 argumento
688 1906 890 1946 magnus
911 1906 1133 1935 numerus
1155 1906 1332 1945 eorum,
1357 1896 1435 1946 qui
1457 1906 1565 1935 eum
1586 1895 1792 1935 audituri
1814 1907 1922 1935 con-

276 1967 546 2007 currebant.
570 1966 627 2006 Et
649 1978 756 2007 cum
775 1977 863 2006 nec
886 1972 1070 2006 rectore
1091 1966 1197 2006 illus
1220 1965 1506 2016 academiae,
1531 1978 1618 2006 nec
1645 1965 1921 2007 doctoribus

277 2038 395 2089 aliis,
417 2049 592 2089 magna
613 2037 851 2089 grauitate
873 2037 1000 2088 uiris,
1035 2037 1291 2089 quidquam
1323 2036 1559 2088 denegare
1582 2037 1722 2078 Pater
1743 2044 1918 2089 posset,

276 2116 474 2150 coactus
495 2116 564 2149 est
594 2109 761 2149 horum
796 2109 1014 2160 precibus
1050 2114 1094 2149 et
1128 2120 1271 2149 suasu
1306 2120 1447 2160 saepe
1483 2109 1735 2161 perpaucis
1756 2109 1920 2150 diebus

275 2181 565 2222 concionari.
592 2181 843 2221 Caeterum
864 2181 952 2220 hac
976 2180 1031 2220 de
1053 2193 1103 2220 re
1125 2181 1362 2232 copiosius
1384 2181 1556 2220 certior
1572 2180 1650 2221 fiet
1667 2180 1720 2221 T.
1740 2180 1846 2222 R.da
1869 2180 1919 2221 P.

276 2265 359 2305 per
381 2253 604 2304 epistolas
630 2252 833 2292 fratrum
855 2251 1274 2303 Complutensium‚
1299 2251 1377 2303 qui
1398 2250 1454 2291 de
1481 2263 1546 2303 re,
1577 2263 1719 2304 quam
1745 2252 1835 2304 ipsi
1857 2252 1921 2292 ui-

277 2324 445 2374 derint,
470 2325 644 2364 certius
665 2323 872 2363 scribent
893 2335 1034 2374 quam
1055 2334 1155 2373 nos,
1181 2323 1260 2375 qui
1282 2323 1425 2372 (uelut
1446 2323 1559 2374 dixi)
1581 2329 1769 2375 praeter
1792 2324 1918 2365 audi-

275 2402 375 2436 tum
396 2396 624 2435 habemus
644 2395 773 2435 nihil.
799 2394 942 2435 Venit
964 2394 1130 2435 deinde
1153 2394 1399 2446 Compluto
1422 2393 1645 2445 Concam,
1670 2395 1839 2448 ibique,
1867 2402 1916 2436 ut

274 2467 501 2508 Doctoris
523 2466 771 2518 Vergarae
794 2466 1086 2518 aliorumque
1115 2466 1191 2518 pio
1219 2465 1468 2517 desyderio
1496 2465 1807 2517 satisfaceret,
1841 2468 1919 2507 ali-

276 2538 461 2590 quoties
483 2538 792 2578 concionatus
814 2543 898 2588 est,
924 2536 1115 2588 ejusque
1137 2537 1236 2577 vita
1258 2542 1302 2577 et
1316 2536 1530 2577 doctrina
1553 2536 1617 2587 (ut
1643 2538 1808 2578 eadem
1824 2549 1916 2589 qua

276 2610 411 2661 coepi
431 2610 663 2649 breuitate
685 2620 785 2649 rem
806 2608 1082 2661 prosequar)
1105 2620 1197 2649 non
1220 2608 1375 2648 minus
1408 2614 1574 2659 gratae
1609 2608 1755 2659 fuere,
1775 2621 1918 2661 quam

275 2681 460 2721 fuerant
483 2681 586 2721 aliis
607 2681 654 2720 in
676 2680 807 2731 locis,
831 2682 879 2720 in
906 2680 1073 2732 quibus
1096 2691 1265 2720 munus
1300 2679 1423 2719 idem
1452 2679 1768 2731 praestiterat.
1797 2680 1915 2721 Tan—

277 2753 396 2802 dem,
421 2764 603 2792 summo
626 2758 670 2792 et
690 2752 871 2792 itineris
901 2758 944 2792 et
968 2751 1216 2803 asperrimi
1243 2751 1469 2802 temporis
1502 2751 1690 2802 labore,
1723 2751 1917 2792 Caesar-

277 2829 529 2874 augustam
555 2824 783 2874 peruenit,
809 2823 886 2863 ubi
907 2823 1065 2863 statim
1087 2823 1127 2862 ei
1155 2823 1375 2874 templum
1408 2822 1616 2862 oblatum
1637 2829 1720 2872 est,
1751 2822 1797 2862 in
1824 2834 1915 2874 quo

317 2983 323 3002 ¹
368 2982 615 3016 Autographae
632 2982 756 3015 duplici
776 2981 867 3013 folio,
884 2989 941 3007 nn.
960 2981 1013 3007 462
1028 2986 1058 3008 et
1075 2981 1137 3007 463.
