2047 3179
177 162 250 200 214
699 164 770 201 Lm
790 176 924 201 smmis
942 177 1299 208 ouixouimis‘riffls

862 620 1144 675 GOOXLI

257 847 304 884 P.
326 847 486 886 Petrus
506 848 763 886 Domenech

302 914 425 951 Patri
442 914 613 961 Ignatio
633 914 685 951 de
704 914 888 962 Loyola.

351 979 630 1025 Vallisoleto‚
654 980 670 1016 l
694 980 893 1026 Januarii
915 980 1006 1017 1555
1026 980 1049 1014 ¹.

949 1137 1049 1212 If-ls

265 1331 534 1373 Admodum
555 1332 655 1372 Rde
686 1333 731 1373 in
755 1332 941 1373 Christo
963 1333 1119 1373 Pater.

267 1403 567 1455 Quamquam
589 1405 729 1443 credo
753 1404 875 1455 quod
899 1403 1036 1444 Pater
1064 1404 1349 1445 Franciscus
1370 1404 1384 1424 ²
1405 1410 1450 1444 et
1470 1404 1519 1445 P.
1551 1405 1821 1445 Prouincia-

185 1475 242 1515 lis
263 1473 277 1493 ⁵
296 1474 350 1514 R.
374 1474 425 1515 P.
448 1474 501 1515 T.
527 1475 775 1515 certiorem
797 1475 1007 1515 fecerunt
1029 1476 1085 1516 de
1106 1473 1338 1528 his,'quae
1361 1476 1407 1516 in
1428 1482 1591 1516 nostro
1609 1475 1819 1527 Collegio

184 1552 408 1597 aguntur,
431 1546 733 1587 nihilominus
754 1553 910 1587 tamen
932 1546 1178 1588 inferiores
1195 1548 1323 1599 ipsos
1341 1547 1604 1588 obedientia
1621 1548 1821 1599 compel-

188 1618 239 1657 lit
259 1623 311 1657 vt
332 1618 621 1658 exactiorem
643 1618 872 1658 rationem
894 1618 950 1658 de
972 1619 1188 1658 omnibus
1213 1618 1426 1659 reddant.

265 1689 406 1729 Domi
428 1700 590 1729 omnes
611 1690 728 1730 bene
750 1691 924 1741 valent,
948 1696 992 1731 et
1013 1696 1272 1742 sequuntur
1292 1691 1592 1731 vocationem
1619 1703 1753 1731 suam
1774 1691 1821 1731 in

184 1759 406 1811 Domino,
429 1771 654 1811 magnum
674 1761 955 1812 recipientes
983 1763 1031 1802 in
1059 1762 1158 1802 dies
1185 1762 1334 1802 mutui
1363 1762 1537 1802 amoris
1563 1762 1821 1802 incremen-

185 1837 297 1871 tum.
323 1832 573 1873 Caeterum
593 1833 862 1873 scholastici
885 1833 1072 1885 optime,
1097 1839 1195 1873 tum
1216 1833 1263 1873 in
1284 1833 1479 1885 artibus,
1498 1839 1595 1874 tum
1617 1833 1758 1874 etiam
1775 1833 1822 1873 in

186 1915 323 1943 sacra
345 1904 583 1955 theologia
604 1904 866 1955 proficiunt:
890 1905 1056 1957 reliqui
1077 1911 1299 1945 exercent
1328 1905 1456 1945 vires
1483 1917 1593 1945 suas
1614 1905 1661 1945 in
1682 1905 1822 1945 vinea

186 1974 396 2026 Domini,
433 1987 540 2016 cum
567 1987 805 2027 nunquam
837 1976 956 2017 desit
991 1976 1101 2028 quid
1132 1982 1290 2028 agant.
1330 1977 1471 2017 Breui
1506 1976 1823 2028 perstringam

185 2057 402 2086 sermone
424 2047 581 2098 aliqua
609 2059 786 2097 eorum,
817 2059 937 2099 quae
964 2048 1196 2088 Dominus
1224 2060 1306 2100 per
1334 2049 1419 2088 hos
1446 2048 1631 2088 inutiles
1660 2058 1824 2087 seruos

186 2129 297 2158 suos
317 2118 405 2158 hoc
428 2118 760 2169 quadrimestri
781 2119 1001 2169 dignatus
1023 2128 1094 2159 est
1114 2119 1286 2160 facere.
1311 2118 1512 2160 Suborta
1542 2119 1628 2159 fuit
1655 2119 1824 2158 seditio

186 2189 417 2240 quaedam
434 2201 575 2241 super
597 2196 842 2230 contracto
864 2190 1165 2231 matrimonio
1187 2203 1214 2230 a
1235 2190 1438 2242 quadam
1465 2191 1608 2231 nobili
1637 2189 1820 2230 clande-

186 2261 320 2311 stine,
345 2261 478 2302 cuius
500 2261 586 2301 dos
616 2262 826 2302 valorem
858 2268 1000 2313 auget
1027 2274 1169 2314 supra
1192 2263 1354 2302 decem
1382 2270 1425 2302 et
1460 2268 1565 2302 octo
1593 2262 1719 2302 mille
1747 2274 1824 2301 au-

188 2344 308 2372 reos.
333 2333 420 2373 Vir
452 2339 607 2374 autem
631 2334 746 2385 ipse,
771 2345 973 2385 quocum
996 2334 1690 2383 contraxeratmatrimonium,
1723 2339 1824 2373 erat

188 2403 355 2455 aliquis
385 2404 569 2445 infimae
598 2405 894 2453 conditionis,
933 2405 1068 2457 eique
1102 2417 1188 2445 nec
1216 2406 1261 2445 in
1289 2406 1479 2457 generis
1508 2405 1750 2446 nobilitate
1780 2412 1825 2444 et

191 2475 294 2514 aliis
328 2476 630 2526 qualitatibus
651 2476 839 2516 minime
862 2477 1085 2528 aequalis,
1110 2484 1360 2529 tantasque
1381 2477 1650 2517 inimicitias
1677 2476 1824 2516 inimi-

190 2556 273 2585 cus
293 2547 482 2596 generis
501 2547 693 2586 humani
715 2548 834 2587 inter
856 2548 983 2599 ipsos
1005 2548 1275 2597 seminarat,
1297 2554 1347 2588 vt
1367 2548 1461 2588 iam
1479 2548 1667 2599 plurimi
1689 2548 1732 2587 in
1753 2559 1825 2586 ca-

190 2616 300 2667 pitis
332 2616 583 2657 discrimen
614 2618 926 2668 deuenissent3
960 2626 1142 2659 secreto
1171 2625 1328 2659 tamen
1357 2619 1526 2659 nobilis
1553 2619 1629 2658 illa
1663 2619 1754 2658 huc
1776 2630 1827 2658 se

190 2688 402 2737 contulit,
434 2687 492 2728 ad
527 2688 840 2729 confitendum
872 2698 1066 2741 peccata
1097 2701 1197 2739 sua;
1221 2690 1434 2742 denique,
1466 2689 1591 2741 quod
1616 2690 1827 2739 religiosi

191 2759 325 2799 multi
345 2759 527 2799 efficere
549 2760 674 2800 haud
697 2761 957 2812 valuerant,
982 2761 1121 2801 Pater
1138 2761 1327 2813 quidam
1345 2761 1510 2801 domus
1527 2767 1731 2807 nostrae,
1752 2761 1829 2800 cui

245 2896 254 2916 ¹
294 2895 543 2929 Autographae
559 2895 683 2930 duplici
700 2896 790 2930 solio,
807 2896 915 2931 prImo
930 2898 990 2924 sub
1007 2905 1037 2924 n.
1052 2897 1114 2931 1128,
1131 2898 1241 2926 altero
1257 2905 1340 2925 vero
1358 2905 1420 2924 non
1437 2901 1626 2924 numerato.

245 2944 259 2963 2
296 2943 332 2970 P.
348 2942 554 2970 Franciscus
569 2944 609 2970 de
625 2943 739 2978 BorJ'a.

244 2991 260 3011 ³
298 2991 333 3018 P.
350 2991 520 3018 Antonius
535 2991 574 3018 de
591 2992 714 3019 Araoz.
