2047 3179
268 130 339 168 582
786 133 1013 171 LITTERAE
1032 147 1115 179 QUA
1123 147 1392 175 DRmffisTREs

270 228 519 268 scribenda
542 236 811 281 occurrunt,
835 231 881 273 id
902 232 949 272 in
971 234 1134 285 primis
1161 234 1285 274 scias
1314 247 1507 276 necesse
1536 243 1624 288 est,
1645 248 1808 279 omnes
1823 239 1906 279 Pa—

270 305 380 349 tres,
396 299 659 352 fratresque
672 308 862 343 nostros
879 303 925 343 in
942 304 1193 345 uirtutibus
1211 316 1383 356 magna
1400 318 1506 346 cum
1524 308 1787 349 animorum
1803 321 1905 350 suo-

270 382 374 410 rum
395 371 596 412 utilitate
618 379 662 412 et
684 375 947 425 commodo,
979 387 1072 415 non
1094 376 1394 417 mediocriter
1411 389 1513 418 esse
1530 390 1823 431 progressos,
1852 393 1906 422 ac

271 441 388 491 (Deo
411 443 582 493 gratia)
605 444 809 495 quotidie
831 446 1068 497 progredi.

350 514 446 554 Eae
467 516 734 566 conciones,
766 528 885 568 quae
913 517 969 557 de
999 517 1212 558 doctrina
1244 519 1502 560 christiana
1537 521 1773 562 dominico
1800 534 1907 573 quo-

270 597 358 637 que
380 586 453 626 die
475 592 685 638 tempore
706 589 1031 639 pomeridiano
1053 589 1217 630 haberi
1237 592 1402 639 solent,
1428 603 1552 632 nunc
1575 604 1601 632 a
1631 593 1770 633 Patre
1800 594 1908 634 Mel-

270 657 429 698 chiore
451 657 604 707 Cotta,
630 670 766 710 quem
789 659 838 700 P.
862 667 1023 700 noster
1044 661 1162 701 Miro
1189 663 1213 711 ¹,
1239 669 1335 702 tam
1353 663 1412 703 ad
1428 664 1475 704 id
1494 676 1661 705 munus
1679 677 1906 717 exequen-

269 728 393 779 dum,
424 741 565 780 quam
601 730 660 770 ad
687 731 1083 783 concionandum,
1114 732 1204 773 huc
1233 733 1533 775 Conimbrica
1566 736 1704 786 misit,
1735 748 1908 788 magno

269 811 375 840 cum
396 800 549 840 fructu
572 807 617 841 et
638 802 870 853 frequenti
893 803 1160 844 auditorum
1183 817 1417 846 concursu
1440 807 1686 847 habentur.
1707 807 1796 858 Qui
1816 808 1910 848 iam

269 872 517 924 aliquoties
538 873 585 912 in
606 874 841 914 nonnullis
863 875 999 915 huius
1021 876 1151 916 urbis
1172 878 1359 929 templis
1380 879 1689 919 concionatus
1711 886 1795 930 est,
1816 891 1908 919 non

269 944 368 984 sine
403 955 578 995 magna
614 945 903 986 audientium
940 948 1305 999 approbatione,
1348 956 1393 989 et
1433 949 1699 990 animorum
1737 950 1905 991 fructu.

269 1015 410 1068 quue
432 1028 491 1056 ex
512 1027 566 1056 eo
588 1017 725 1057 facile
746 1017 944 1069 intelligi
966 1018 1088 1070 licet,
1113 1019 1236 1070 quod
1257 1022 1492 1072 permulti,
1518 1033 1572 1061 eo
1604 1022 1780 1072 audito,
1813 1023 1910 1062 dili-

268 1093 434 1138 genter
456 1099 649 1139 operam
671 1088 901 1130 dederunt
929 1097 1028 1130 tum
1061 1098 1110 1131 ut
1143 1091 1183 1131 ei
1217 1098 1414 1143 peccata
1447 1104 1532 1133 sua
1565 1093 1780 1134 confiteri
1808 1105 1910 1145 pos—

269 1165 387 1209 sent,
421 1165 519 1199 tum
553 1160 695 1200 etiam
727 1167 776 1201 ut
812 1173 917 1202 cum
946 1174 1000 1202 eo
1029 1162 1085 1202 de
1115 1164 1382 1204 animorum
1411 1166 1561 1205 salute
1597 1165 1910 1206 communica-

267 1236 387 1271 rent.
408 1230 707 1283 Quapropter
723 1232 883 1273 diuina
899 1232 1118 1274 Bonitate
1135 1234 1413 1275 confidimus
1430 1236 1529 1276 eius
1546 1236 1591 1276 in
1609 1237 1731 1276 hanc
1749 1237 1913 1277 urbem

271 1302 525 1343 aduentum
547 1304 705 1344 multis
727 1304 845 1355 usui,
870 1310 915 1345 et
935 1305 1125 1345 utilitati
1146 1307 1260 1356 fore,
1286 1313 1330 1346 et
1350 1307 1576 1359 Deo-Opt.
1598 1307 1722 1348 Max.
1743 1309 1911 1349 honori

272 1379 317 1414 et
335 1373 477 1415 laudi.
499 1375 572 1415 Ex
593 1375 664 1426 iis,
689 1376 767 1426 qui
790 1376 1037 1417 dominicis
1058 1377 1221 1417 diebus
1244 1378 1302 1418 ad
1324 1390 1405 1418 eas
1427 1380 1680 1419 conciones
1701 1380 1909 1431 ueniunt,

270 1457 391 1497 quae
418 1446 474 1486 de
503 1446 717 1487 doctrina
746 1447 1003 1488 christiana
1038 1449 1284 1500 habentur,
1319 1452 1587 1502 complures
1618 1450 1673 1491 de
1704 1452 1913 1502 peccatis

270 1518 539 1570 frequenter
574 1518 788 1559 confiteri
823 1520 988 1570 solent,
1028 1526 1071 1560 et
1109 1521 1296 1561 assidue
1331 1521 1522 1573 capiunt
1554 1529 1912 1563 sacrosanctum

270 1589 446 1630 Christi
468 1589 667 1641 Corpus.

350 1661 523 1702 Multos
545 1668 717 1713 autem,
749 1663 869 1703 inter
900 1675 1018 1714 quos
1044 1676 1218 1715 graues
1251 1665 1524 1705 inimicitiae
1557 1672 1704 1715 erant,
1738 1665 1911 1706 Diuina

271 1733 479 1784 Bonitas,
504 1745 648 1785 opera
678 1740 949 1775 nostrorum
980 1735 1170 1776 Patrum
1202 1748 1302 1787 usa,
1334 1736 1536 1787 reduxit,
1572 1737 1909 1788 reconciliauit,

273 1811 317 1845 et
338 1805 542 1845 restituit
564 1805 611 1845 in
627 1807 847 1857 gratiam.
868 1806 1026 1858 Quare
1041 1814 1173 1848 tanta
1192 1809 1398 1860 quotidie
1415 1811 1601 1860 crescit,
1622 1815 1666 1849 et
1683 1815 1767 1859 est,
1787 1808 1913 1861 apud

274 1888 436 1918 omnes
458 1877 514 1917 de
536 1876 753 1917 Patribus
774 1878 949 1918 nostris
971 1878 1145 1930 opinio,
1170 1886 1220 1919 ut
1251 1879 1519 1920 existiment
1542 1880 1656 1919 nihil
1688 1891 1790 1920 esse
1816 1886 1913 1920 tam

274 1948 474 1998 difficile,
496 1948 611 1988 nihil
631 1954 728 1989 tam
750 1949 964 2000 arduum,
990 1950 1113 2001 quod
1135 1962 1228 1990 non
1249 1950 1522 2002 perficiatur
1543 1951 1753 2002 ipsorum
1771 1963 1913 2003 opera

272 2026 316 2060 et
337 2020 633 2060 auctoritate.
666 2019 986 2071 Quamobrem
1016 2022 1291 2073 saepissime
1323 2029 1631 2062 accersuntur
1663 2022 1722 2062 ad
1753 2034 1914 2063 eorum

271 2092 476 2143 gratiam
497 2092 913 2141 reconciliandam,
938 2093 1017 2144 qui
1040 2093 1161 2133 inter
1183 2105 1232 2133 se
1255 2093 1410 2134 animo
1441 2101 1485 2134 et
1516 2095 1756 2134 uoluntate
1784 2094 1914 2134 dissi-

274 2163 396 2203 dent.
422 2163 572 2203 Huius
593 2164 736 2214 igitur
758 2165 825 2204 rei
847 2176 1006 2213 causa,
1033 2176 1140 2204 cum
1162 2164 1351 2217 quidam
1374 2177 1433 2206 ex
1454 2166 1629 2205 nostris
1655 2166 1916 2205 accersitus

274 2242 410 2283 esset,
434 2236 590 2286 gratia
613 2236 735 2276 inter
757 2248 838 2276 eos
860 2248 1059 2288 quorum
1081 2247 1225 2276 causa
1248 2236 1400 2277 iuerat
1418 2237 1695 2288 composita,
1718 2237 1780 2277 ibi
1797 2237 1916 2276 alios

275 2306 503 2359 quosdam
525 2319 628 2347 esse
657 2307 884 2347 intellexit
914 2308 1052 2358 graui
1079 2308 1286 2359 quodam
1319 2307 1425 2348 odio
1450 2315 1589 2360 atque
1612 2308 1806 2348 dissidio
1828 2308 1916 2348 dis-

274 2384 466 2418 tractos.
493 2377 595 2429 Quo
617 2379 807 2430 cognito
831 2379 989 2419 statim
1018 2390 1067 2419 se
1097 2390 1152 2419 eo
1186 2379 1397 2430 contulit,
1423 2386 1472 2419 ut
1494 2390 1577 2419 eos
1599 2379 1646 2419 in
1668 2379 1916 2431 pristinam

276 2450 581 2490 concordiam
619 2450 882 2490 reduceret.
924 2449 1015 2491 Sed
1053 2462 1161 2490 cum
1196 2461 1348 2502 neque
1383 2451 1632 2501 negocium
1669 2449 1913 2500 conficere,

275 2533 426 2573 neque
447 2522 540 2561 ullo
556 2528 697 2573 pacto
716 2521 836 2561 inter
854 2533 936 2561 eos
952 2521 1156 2572 gratiam
1175 2533 1456 2573 componere
1473 2528 1646 2573 posset,
1667 2522 1916 2573 quemdam

277 2593 355 2644 qui
376 2604 521 2644 prope
542 2593 589 2632 in
610 2593 775 2633 eadem
796 2593 971 2633 uicinia
998 2592 1214 2643 grauiter
1242 2593 1544 2644 aegrotabat,
1577 2593 1745 2645 quique
1774 2593 1867 2633 iam
1893 2606 1917 2633 e

278 2664 376 2704 uita
397 2663 682 2713 discedebat,
707 2663 912 2703 inuisere
934 2664 1115 2714 statuit,
1141 2663 1204 2703 ibi
1225 2675 1331 2704 cum
1359 2670 1497 2715 esset,
1530 2664 1608 2712 illi,
1640 2664 1918 2716 quibuscum

277 2735 391 2774 nihil
412 2746 555 2786 agere
577 2735 742 2787 potuit,
767 2747 821 2775 eo
844 2742 893 2775 ut
915 2735 1130 2775 uenirent
1153 2735 1353 2775 curauit.
1378 2734 1555 2786 Quibus
1585 2735 1820 2786 adductis,
1851 2735 1919 2775 eis

279 2817 476 2856 aegrum
497 2806 592 2846 iam
615 2806 822 2846 animam
846 2811 1081 2857 agentem,
1116 2811 1159 2846 et
1191 2805 1248 2846 ab
1279 2806 1547 2846 hominibus
1577 2805 1922 2857 demigrantem

334 2965 345 2986 ¹
384 2965 419 2994 P.
436 2966 583 2999 Jacobus
597 2967 716 2995 Miron.
