2047 3179
879 164 963 202 AN.
994 165 1087 202 1555
1738 169 1810 205 ‘243

180 272 266 306 tes.
290 264 422 305 Felix
441 264 644 314 vexatio,
669 274 787 314 quae
809 262 874 302 eis
896 261 1076 301 confert
1097 261 1382 301 intellectum
1404 274 1459 302 ac
1476 264 1639 303 salutis
1661 276 1806 304 reme-

181 336 270 376 dia.
295 335 436 376 Nouit
457 342 582 376 certe
598 334 755 374 diuina
772 332 1017 373 clementia
1034 344 1124 383 qua
1143 338 1242 372 arte
1261 333 1457 372 curandi
1473 333 1565 372 sint
1583 334 1677 384 qui,
1697 334 1807 374 dum

182 419 265 447 sua
287 407 500 446 libertate
521 406 751 454 fruuntur,
775 403 1018 443 authorem
1039 403 1166 443 vitae
1188 414 1446 454 agnoscere
1470 411 1704 444 recusant.

260 477 358 518 Hos
380 484 536 517 autem
558 475 936 516 animaduertens
956 474 1143 525 pietatis
1173 474 1352 514 fructus
1383 474 1514 514 Rfssus
1536 474 1808 515 Claramon-

183 551 327 589 tensis
362 549 624 600 Episcopus
656 547 682 599 ¹,
720 545 1084 586 extruendorum
1116 546 1420 596 collegiorum
1450 557 1609 586 moras
1639 546 1812 586 diutius

182 620 457 672 protrahere
484 631 533 659 se
560 631 654 659 non
682 629 819 669 posse
845 617 1035 667 fatetur;
1075 617 1155 656 sed
1188 617 1374 657 ineunte
1403 629 1515 657 vere
1545 617 1809 657 Biliomium

183 692 348 731 saltem
370 702 418 730 se
440 701 716 730 exorsurum
739 689 919 738 asserit,
944 688 1153 739 adeoque
1174 688 1238 727 illi
1258 696 1395 739 grata
1423 694 1493 728 est
1513 694 1676 728 nostra
1699 700 1810 729 con-

182 761 402 811 uersatio,
426 769 476 801 vt
498 773 601 801 earn
621 761 790 811 vbique
810 761 1019 799 locorum
1040 759 1316 810 praedicare
1337 772 1430 799 non
1453 767 1627 809 cesset,
1652 766 1696 800 et
1728 760 1810 800 Be-

182 832 457 881 nedictinos,
481 843 680 883 quorum
700 831 798 883 ipse
819 838 887 871 est
908 830 1095 880 Abbas,
1119 842 1247 870 more
1278 838 1439 870 nostro
1469 843 1495 870 a
1522 831 1655 871 nobis
1682 832 1809 872 insti-

185 903 382 943 tuendos
418 903 707 943 committere
734 913 894 942 omnes
922 908 1135 953 cuperet,
1165 908 1215 941 vt
1237 903 1572 943 monasterium
1594 902 1720 953 illud,
1753 904 1814 942 ab

187 975 312 1015 omni
333 975 558 1025 religione
586 975 802 1024 alienum,
826 973 1015 1013 tandem
1037 973 1289 1025 aliquando
1318 985 1430 1014 suae
1458 974 1715 1025 integritati
1743 987 1811 1014 re-

184 1046 469 1095 stitueretur,
493 1045 616 1096 quod
636 1045 760 1084 nulla
781 1044 998 1085 methodo
1020 1056 1105 1084 nec
1123 1056 1205 1095 per
1226 1056 1275 1084 se
1295 1056 1380 1085 nec
1398 1057 1480 1096 per
1498 1046 1630 1096 alios,
1650 1057 1811 1097 quam-

186 1118 257 1157 uis
279 1117 326 1157 id
347 1117 536 1157 infinitis
558 1128 675 1167 pene
703 1115 853 1156 modis
882 1116 1143 1166 attentarit,
1174 1115 1355 1156 efficere
1387 1117 1539 1156 adhuc
1571 1117 1744 1167 potuit:
1774 1117 1813 1156 si

186 1200 323 1240 quem
344 1195 512 1228 nactus
533 1194 672 1238 esset,
697 1187 774 1239 qui
795 1187 853 1227 ad
873 1187 1054 1227 felicem
1071 1187 1247 1227 exitum
1265 1194 1422 1238 posset
1440 1200 1557 1239 opus
1572 1189 1695 1228 istud
1713 1200 1812 1239 per-

185 1261 370 1310 ducere,
393 1265 524 1299 tanto
546 1270 686 1299 onere
707 1270 809 1299 sese
826 1259 1020 1298 libenter
1041 1266 1336 1299 exoneraret:
1368 1260 1451 1299 tali
1479 1260 1816 1300 restaurationi

186 1332 314 1372 Deus
338 1331 549 1382 aspirare
570 1330 683 1370 velit
704 1335 731 1369 ².

265 1401 439 1454 Itaque,
463 1401 563 1441 Rde
588 1408 631 1441 et
657 1401 1081 1441 obseruandissime
1109 1401 1269 1452 Pater,
1301 1409 1352 1442 vt
1388 1403 1540 1453 magis
1575 1415 1632 1443 ac
1661 1404 1818 1455 magis

187 1475 431 1526 auspicata
452 1472 723 1522 succedant,
747 1473 886 1512 etiarn
908 1472 982 1512 hic
1002 1473 1048 1512 in
1069 1473 1268 1523 gloriam
1288 1473 1399 1526 Jesu
1421 1474 1608 1525 Christi,
1633 1475 1708 1515 cui
1729 1487 1818 1515 nos

185 1545 483 1596 comprobari
503 1550 600 1584 tota
621 1552 689 1583 est
710 1551 871 1584 nostra
893 1544 1148 1594 contentiO,
1173 1551 1216 1584 et
1238 1556 1329 1597 quo
1352 1545 1487 1585 citius
1515 1552 1818 1597 amputentur

187 1628 361 1661 morae,
391 1628 509 1667 quae
538 1616 729 1655 nimiam
764 1614 1031 1655 dilationem
1064 1627 1230 1667 parere
1257 1616 1488 1667 videntur,
1528 1629 1625 1657 rem
1653 1618 1818 1658 iuuare

186 1687 431 1728 sacrificiis
452 1693 497 1726 et
517 1687 733 1738 precibus
753 1685 1052 1726 paternitatis
1080 1693 1187 1727 tuae
1211 1699 1266 1728 ac
1287 1687 1466 1727 R.d01·¹1m
1488 1687 1681 1729 Patrum
1708 1689 1819 1729 cha·

188 1759 573 1810 rissimorumque
606 1758 825 1797 Fratrum
847 1770 938 1798 non
959 1759 1251 1809 grauaberis,
1278 1766 1329 1799 vt
1349 1759 1539 1800 tandem
1560 1761 1685 1800 omni
1712 1761 1819 1801 sub-

186 1832 283 1871 lato
319 1830 609 1878 discrimine,
647 1829 880 1880 integrum
914 1829 972 1869 sit
1006 1830 1330 1882 vndecumque
1364 1831 1411 1870 in
1444 1832 1582 1872 vinea
1624 1831 1816 1872 Domini

187 1902 387 1954 operari,
413 1912 502 1953 quo
524 1901 570 1940 in
592 1901 689 1940 dies
708 1900 887 1940 fructus
906 1901 1148 1941 vberiores
1168 1902 1502 1953 percipiantur.

269 1973 399 2014 Haec
434 1979 560 2022 sunt,
591 1971 690 2011 Rde
716 1971 878 2021 Pater,
908 1972 963 2012 de
991 1973 1157 2024 quibus
1187 1974 1453 2014 censuimus
1480 1974 1820 2015 Paternitatem

189 2051 319 2086 tuam
339 2056 441 2085 esse
462 2044 763 2092 monendam,
789 2055 906 2095 quae
928 2051 1150 2095 perpetuo
1178 2044 1224 2083 in
1247 2044 1433 2084 Christo
1460 2045 1707 2087 benedicto
1739 2058 1822 2086 va-

189 2117 296 2156 leat.

269 2187 482 2227 Lutetiae
504 2185 804 2235 Parisiorum,
829 2185 1035 2225 secundo
1058 2186 1131 2225 die
1151 2186 1364 2239 Januarii
1391 2186 1504 2227 1555.

271 2258 342 2298 De
362 2256 585 2298 mandato
607 2255 661 2296 R.
688 2255 733 2295 Ρ.
758 2255 816 2295 D.
841 2255 1065 2296 Pascasii.

909 2327 963 2367 R.
988 2327 1036 2367 Ρ.
1062 2328 1112 2367 T.

727 2397 901 2438 Seruus
921 2397 1289 2449 indignissimus,

1038 2540 1078 2580 N
1080 2552 1273 2581 ICOLAUS
1303 2541 1601 2584 BELLEFILLE
1632 2543 1664 2583 ³.

248 2751 257 2770 ⁴
298 2751 487 2779 Gulielmus
503 2750 545 2776 du
562 2749 657 2776 Prat.

245 2798 259 2818 ’Ξ
297 2799 360 2826 His
374 2801 564 2832 congruunt
580 2804 666 2831 quae
681 2796 818 2830 scripsit
837 2796 1005 2824 Robertus
1028 2796 1249 2833 Clayssonius
1265 2799 1297 2826 18
1311 2798 1391 2834 MaJ'i
1415 2801 1493 2828 1552.
1512 2801 1601 2829 Vide
1622 2809 1738 2837 supra,
1763 2807 1786 2830 t.
1806 2810 1832 2836 1,

193 2855 273 2883 γᾶς.
287 2847 341 2874 652
355 2850 389 2874 et
404 2854 474 2880 seq.

248 2896 261 2915 5
300 2894 386 2922 “Nos
401 2892 586 2921 historiens
602 2899 642 2919 ne
658 2892 868 2919 s'accordent
885 2900 946 2926 pas
960 2900 1018 2920 sur
1034 2900 1070 2920 ce
1085 2901 1173 2921 nom:
1190 2901 1275 2921 ceux
1290 2895 1345 2929 qui
1359 2900 1416 2923 ont
1441 2897 1527 2924 ecrit
1548 2905 1588 2924 en
1610 2898 1696 2925 latin
1713 2899 1829 2927 disent

194 2943 415 2977 Belfillaeus,
429 2941 640 2976 Belfllaeus,·
653 2947 690 2967 ce
707 2940 761 2974 qui
777 2948 796 2967 a
813 2941 920 2968 donne
935 2941 1001 2968 lieu
1022 2948 1065 2967 au
1087 2940 1121 2968 Ρ.
1139 2942 1178 2968 de
1201 2941 1355 2978 Saligny.
1371 2949 1404 2971 et
1428 2946 1447 2972 a.
1468 2944 1618 2972 d'autres
1642 2947 1825 2980 ccrivainS,

194 2992 236 3019 de
251 2991 430 3024 l’appeller
448 2989 616 3025 Beaufils,
629 2997 708 3017 sans
724 2990 823 3017 doute
839 2997 902 3024 par
918 2990 1061 3016 hori-eur
1077 2990 1119 3017 du
1134 2991 1322 3019 solecisme:
1339 2993 1424 3020 mais
1439 2994 1523 3021 dans
1538 3001 1600 3022 nos
1615 2996 1717 3022 vicux
1734 2999 1830 3022 cata·
