2047 3179
207 151 277 189 580
727 150 956 189 LITTERAE
978 160 1337 194 QUADRIMESTRES

899 603 1158 658 CDXIII

282 833 547 871 Leonardus
566 832 726 870 Kessel

329 898 451 936 Patri
470 898 640 945 Ignatio
656 898 710 935 de
729 898 918 946 Loyola.

379 964 577 1012 Colonia,
600 963 644 1001 31
668 964 865 1011 Augusti
883 963 975 1001 1555
996 964 1019 997 ¹.

984 1125 1097 1201 Ιῇε.

295 1321 462 1363 Gratia
485 1328 529 1362 et
552 1333 647 1373 pax
669 1321 744 1362 X.i
773 1321 969 1363 Domini
992 1323 1251 1364 nobiscum.
1286 1323 1454 1364 Arnen.

293 1392 396 1434 R.<ie
425 1394 473 1434 in
494 1392 579 1433 X.0
599 1393 757 1434 Pater:
783 1394 961 1435 Sancta
984 1394 1249 1435 obedientia
1280 1394 1564 1443 admonitus,
1589 1392 1636 1433 in
1657 1392 1865 1433 medium

214 1464 454 1517 proferam
475 1476 546 1515 ea,
570 1477 691 1517 quae
714 1464 947 1505 Dominus
969 1465 1075 1518 Opt.
1103 1466 1229 1506 Max.
1255 1466 1344 1506 hoc
1367 1464 1702 1517 quadrimestri
1729 1462 1865 1505 Colo-

213 1538 320 1577 niae
342 1536 532 1588 operari
554 1536 777 1587 dignatus
801 1543 886 1577 est.
920 1536 1128 1578 Paucula
1161 1537 1352 1590 quidem
1387 1542 1511 1587 sunt,
1544 1535 1712 1588 quibus
1732 1535 1861 1575 nulla

140 1647 146 1654 ,
210 1621 270 1649 ex
289 1615 441 1660 parte,
466 1608 690 1648 charitati
711 1607 913 1649 fratrum
931 1620 1045 1660 erga
1062 1621 1148 1649 nos
1169 1607 1392 1649 satisfieri
1418 1608 1636 1657 fatemur,
1661 1606 1744 1647 sed
1768 1617 1861 1646 me-

212 1680 333 1720 liora
354 1679 401 1719 in
422 1679 522 1720 dies
545 1690 807 1731 speramus
832 1680 1161 1731 gratioresque
1182 1691 1269 1720 nos
1297 1680 1344 1720 in
1380 1685 1623 1730 posterum
1655 1677 1852 1728 futuros,

216 1762 381 1792 eorum
402 1750 623 1802 precibus
646 1750 810 1801 adiuti,
836 1751 1116 1792 confidimus
1138 1752 1185 1792 in
1206 1751 1428 1792 Domino.

294 1822 321 1862 5
354 1822 613 1873 studiosos,
652 1822 808 1873 patria
843 1821 1152 1877 Leodienses,
1191 1822 1533 1872 adolescentes,
1567 1821 1862 1862 naturalibus

216 1895 334 1934 bene
356 1894 558 1944 dotatos‚
584 1894 711 1945 apud
732 1905 819 1934 nos
842 1894 1084 1945 habemus,
1115 1905 1317 1946 quorum
1350 1893 1571 1934 minimus
1611 1893 1659 1933 19
1694 1892 1863 1933 aetatis

218 1977 332 2006 suae
353 1977 528 2005 annum
550 1965 662 2017 agit.
689 1965 865 2006 Omnes
897 1966 1073 2017 optimo
1095 1971 1203 2006 sunt
1225 1966 1397 2013 animo,
1422 1976 1507 2005 sua
1535 1969 1742 2005 tractant
1775 1969 1867 2004 stu-

218 2037 311 2077 dia:
334 2042 555 2088 parentes
575 2037 715 2076 vnius
739 2037 856 2076 satis
879 2048 1023 2088 aegre
1040 2038 1246 2077 tulerunt
1269 2036 1394 2088 quod
1420 2048 1470 2076 se
1491 2035 1717 2076 Societati
1751 2035 1865 2075 dare

218 2108 374 2159 vellet,
398 2108 480 2148 sed
502 2108 716 2148 modeste
744 2107 1001 2149 admodum
1032 2108 1275 2160 respondit
1310 2108 1416 2158 illis3
1453 2107 1518 2147 ita
1553 2113 1602 2147 ut
1636 2107 1732 2147 iam
1760 2118 1870 2146 con-

219 2179 336 2220 tenti
357 2179 450 2219 sint
471 2190 624 2231 spero.
648 2179 814 2219 Plures
836 2180 915 2220 alii
944 2180 990 2220 in
1013 2180 1205 2220 ciuitate
1230 2185 1351 2229 sunt,
1384 2179 1462 2230 qui
1490 2178 1632 2218 etiam
1655 2189 1705 2218 se
1726 2177 1868 2218 liben-

219 2257 291 2291 ter
312 2250 538 2292 Societati
559 2249 741 2291 darent.
766 2251 1088 2303 Expectamus
1117 2251 1259 2292 etiam
1280 2250 1475 2291 fratrem
1496 2250 1736 2290 carnalem
1760 2261 1869 2289 con-

219 2322 382 2363 fratris
402 2323 553 2362 nostri
583 2322 777 2362 Martini
794 2323 1132 2363 steuordiensis
1153 2322 1166 2341 ᾖ
1184 2334 1292 2362 cum
1310 2322 1407 2362 suis
1429 2321 1690 2373 nepotibus,
1710 2320 1790 2372 qui
1808 2319 1867 2360 ad

220 2394 375 2434 studia
399 2394 586 2434 venturi
607 2400 728 2444 sunt,
754 2401 805 2434 vt
828 2406 877 2434 se
900 2395 1127 2446 paulatim
1151 2394 1211 2435 ad
1232 2393 1516 2435 Societatem
1538 2393 1681 2433 etiam
1703 2398 1869 2444 aptare

223 2465 419 2516 possint.

302 2536 608 2578 Colonienses
631 2548 795 2576 omnes
813 2537 952 2577 modo
975 2537 1091 2577 bene
1112 2537 1275 2577 fauent
1296 2537 1448 2588 nobis3
1471 2547 1558 2576 nec
1579 2547 1724 2576 unum
1751 2535 1868 2585 5010,

223 2609 303 2660 qui
322 2608 458 2648 nobis
480 2608 601 2648 male
623 2608 737 2648 velit
769 2608 1007 2649 Coloniae:
1043 2608 1318 2649 benedictus
1339 2607 1586 2648 Dominus.
1615 2606 1771 2647 Amici
1792 2604 1871 2646 So-

223 2679 422 2730 cietatis,
443 2691 643 2731 quorum
661 2690 864 2730 magnus
882 2686 952 2720 est
970 2691 1209 2729 numerUS,
1229 2679 1435 2720 maxime
1453 2678 1777 2719 desiderarent
1797 2676 1874 2717 hic

282 2840 290 2858 ¹
329 2839 581 2874 Autographae
598 2840 724 2875 duplici
738 2840 772 2868 in
787 2840 880 2875 folio,
899 2848 929 2868 n.
942 2840 1006 2867 355.

279 2887 293 2906 2
330 2887 406 2916 Duo
417 2888 542 2915 saltem
558 2893 659 2916 erant
672 2887 819 2916 Martino
833 2887 1026 2921 Gewaerts.
1044 2887 1291 2922 Stevordiensi‚
1305 2887 1445 2915 fratres:
1460 2886 1568 2921 Jacob
1583 2891 1617 2914 et
1633 2886 1750 2914 Hanse
1761 2885 1875 2919 (Joan-

228 2935 316 2966 nes?)
331 2934 419 2962 Vide
436 2934 590 2970 ΗΑΝΞΕΝ,
613 2935 832 2964 Rheim'sche
856 2936 969 2963 Aleten
994 2943 1060 2962 zur
1086 2935 1292 2963 Geschichte
1314 2936 1377 2963 des
1389 2934 1701 2970 Jesuitenordens,
1719 2939 1798 2968 pag.
1824 2931 1876 2959 185

227 2987 259 3008 tt
285 2982 345 3009 188.
