2047 3179
864 164 947 200 AN.
980 165 1070 201 1:355
1725 166 1795 203 :303

147 264 323 310 ⁴questo
345 263 369 299 e
391 267 563 311 quanto
581 261 624 300 ci
647 264 671 301 e
692 272 831 312 passo
849 261 1073 300 scriuere.
1097 260 1185 300 Del
1203 267 1327 300 resto
1346 261 1451 300 tutti
1470 262 1611 300 molto
1629 261 1791 301 humil-

157 338 314 370 mente
337 331 379 370 ci
400 332 794 372 raccomandamo
818 344 844 371 a
872 332 931 372 V.
965 331 1018 372 R.
1051 331 1099 371 P.
1124 332 1448 382 preghandola
1471 343 1520 370 se
1543 332 1683 382 degni
1711 334 1790 372 im-

158 402 365 452 petrarci
386 403 541 452 gratia
564 403 640 442 dal
661 402 860 454 Signore
882 402 1081 442 donator
1110 402 1151 442 (Γ
1178 403 1291 453 ogni
1312 403 1444 452 bene,
1468 402 1599 442 accio
1620 403 1698 453 piu
1728 404 1789 442 di-

156 472 318 523 ligenti
340 473 489 513 siamo
511 486 592 525 per
613 474 641 513 1‘
666 474 857 514 auenire
879 474 998 514 della
1023 480 1185 513 nostra
1207 479 1252 513 et
1273 473 1412 513 altrui
1430 474 1594 513 salute.
1619 473 1785 514 Amen.

236 542 306 583 De
327 543 573 595 Fiorenza,
598 558 624 585 a
646 545 698 585 25
722 544 730 563 ¹
754 545 799 584 di
822 545 1050 594 Gennaio,
1080 544 1195 584 1555.

234 612 305 653 De
327 614 384 654 V.
410 614 462 654 R.
487 614 535 654 P.
562 615 900 655 indeo-nissimo
919 627 1057 656 seruo
1081 616 1127 655 in
1147 616 1260 668 Jesu
1281 615 1364 655 X.⁰

1210 757 1357 797 LIONE
1387 757 1569 798 GIGmo.

234 970 587 1022 Snperscm'ptso
611 971 658 1010 in
681 975 853 1022 quarm
869 970 1078 1022 pagina:
1099 973 1126 1018 †
1148 970 1207 1011 Al
1230 971 1371 1011 molto
1394 970 1495 1010 R.d0
1518 972 1564 1011 in
1596 971 1783 1012 Christo

154 1039 305 1080 Padre
324 1041 353 1080 il
370 1041 418 1081 P.
436 1043 494 1082 M.
515 1042 696 1093 Ignatio
714 1042 769 1081 de
787 1042 982 1093 Loyola,
997 1041 1240 1093 Preposito
1260 1041 1491 1082 Generalc
1509 1043 1631 1082 della
1648 1042 1782 1083 Com-

154 1112 327 1163 pagnia
352 1113 397 1153 di
420 1113 564 1153 Giesu
587 1114 632 1153 in
653 1113 817 1153 Roma.

233 1183 343 1223 Alia
365 1196 524 1223 mann.
558 1184 672 1224 1555.
699 1184 1051 1235 Quadrimestre
1073 1185 1120 1225 di
1140 1185 1368 1225 Fiorenza
1390 1186 1436 1225 di
1456 1185 1509 1225 ‘25
1538 1186 1583 1226 di
1607 1185 1779 1227 Genn.0

142 1251 248 1293 R.ta
270 1255 347 1294 alli
367 1254 416 1293 31
441 1255 513 1295 del
535 1256 731 1295 medes.0

400 1818 684 1846 Praecedentium
699 1820 895 1848 litterarum
911 1820 1033 1848 Leonis
1049 1822 1101 1848 del
1117 1821 1229 1856 Giglio
1245 1822 1353 1850 latina
1369 1823 1484 1849 versio
1500 1822 1521 1849 2.

219 2031 384 2073 Gratia
415 2040 459 2074 et
486 2046 580 2085 pax
607 2034 796 2075 Domini
823 2037 972 2077 nostri
999 2036 1103 2077 Iesu
1125 2036 1301 2077 Christi
1322 2038 1381 2078 sit
1405 2049 1590 2089 semper
1610 2038 1656 2077 in
1679 2049 1777 2077 cor-

124 2103 271 2144 dibus
293 2105 481 2145 nostris.
508 2105 675 2146 Amen.
1158 2157 1177 2169 ,

215 2175 333 2215 Cum
355 2176 682 2217 sanctissimae
711 2177 1002 2220 obedientiae
1024 2185 1277 2232 praecepto
1308 2181 1463 2220 iussus
1485 2180 1573 2220 sim
1601 2191 1656 2220 ea
1686 2179 1777 2219 col—

132 2246 294 2296 ligere,
314 2254 358 2287 et
380 2247 439 2288 ad
461 2247 513 2288 T.
539 2247 590 2288 R.
616 2247 665 2288 P.
690 2250 1024 2302 transmittere,
1050 2262 1169 2302 quae
1190 2252 1427 2291 mensibus
1450 2251 1622 2302 elapsis
1644 2251 1691 2290 in
1713 2250 1777 2290 di-

131 2317 241 2357 uino
264 2329 319 2357 ac
339 2318 537 2369 spiritali
560 2319 749 2370 negotio
771 2321 846 2361 hic
867 2322 1185 2373 contigerunt,
1208 2322 1329 2362 dabo
1366 2334 1559 2374 operam
1581 2330 1630 2362 ut
1653 2327 1779 2362 com·

133 2388 325 2428 missum
347 2400 514 2429 munus
536 2391 699 2441 paucis
722 2391 839 2442 (Deo
862 2392 1131 2443 adiuuante)
1154 2394 1444 2434 absoluatur.

212 2459 283 2499 De
305 2459 680 2501 confessionibus
701 2462 844 2512 igitur
878 2470 923 2504 et
958 2464 1281 2515 spiritualibus
1303 2465 1541 2505 exercitiis
1564 2465 1681 2505 alias
1702 2475 1772 2504 sa-

130 2530 190 2570 tis
211 2531 372 2571 multa:
394 2538 641 2582 praeterea
658 2533 794 2573 uideo
816 2534 1136 2575 confitentium
1165 2547 1412 2575 numerum
1434 2547 1607 2587 magno
1631 2541 1772 2576 auctu

131 2602 352 2652 creuisse,
377 2608 420 2641 et
441 2603 648 2653 plui-ibus
670 2616 724 2643 ea
746 2604 847 2655 ipsa
870 2606 1096 2646 exercitia
1130 2605 1275 2646 fuisse
1310 2607 1569 2658 proposita,
1594 2607 1772 2658 praeci-

129 2683 219 2722 pue
241 2679 397 2713 autem
419 2673 664 2714 cuiusdam
695 2676 908 2716 coenobii
937 2676 1178 2728 f1·atribus;
1203 2678 1383 2718 duobus
1406 2679 1651 2718 iuuenibus
1673 2690 1772 2718 sae-

184 2831 193 2850 ¹
234 2832 333 2859 Prius
348 2833 487 2867 scripsit
503 2833 638 2868 Giglius
652 2834 704 2868 19,
719 2836 789 2868 sed,
805 2835 869 2863 hoe
891 2837 1015 2871 deleto,
1037 2838 1177 2872 scripsit
1201 2838 1273 2871 ipse
1298 2838 1366 2871 25,-
1382 2846 1442 2865 nos
1464 2844 1590 2870 tamen,
1610 2838 1770 2872 quoniam

130 2879 277 2906 latinum
292 2881 484 2915 exemplum
500 2881 552 2909 dle
569 2882 601 2908 19
616 2882 730 2910 datum
748 2888 812 2917 est,
828 2884 891 2911 hoc
908 2885 1011 2912 etiam
1027 2885 1182 2913 italicum
1197 2885 1265 2921 hic,
1281 2888 1379 2920 quasi
1393 2886 1512 2913 eadem
1525 2885 1578 2913 die
1592 2886 1625 2913 19
1640 2885 1771 2920 datum,

124 2927 300 2959 ponimus.

183 2974 196 2993 ²
233 2975 500 3010 Autographum
514 2977 548 3004 in
562 2976 643 3004 folio
658 2977 795 3012 duplici,
809 2986 863 3005 nn.
880 2979 914 3005 74
930 2983 963 3006 et
977 2979 1022 3007 75.
