2047 3179
243 169 314 207 592
766 170 989 206 LITTERAE
1009 180 1368 213 QUADRIMESTRES

973 623 1179 678 ODXV

315 853 555 901 (Joannes?)
576 855 700 892 Leon

366 920 485 957 Patri
505 920 675 967 Ignatio
696 919 749 957 de
769 919 952 968 Loyola.

410 986 686 1031 Vallisoleto‚
711 986 727 1023 1
750 984 1025 1034 Septembris
1046 986 1137 1024 1555
1157 986 1182 1021 ¹.

1057 1142 1075 1173 ’ἶ-

1019 1177 1117 1218 IHS

323 1340 593 1381 Admodum
614 1340 1022 1380 Reuerendissime
1044 1339 1155 1390 (sic)
1177 1340 1220 1379 in
1247 1339 1435 1380 Christo
1458 1339 1614 1380 Pater.

324 1411 489 1453 Gratia
513 1418 557 1452 et
578 1423 672 1464 pax
699 1410 890 1452 Domini
917 1411 1067 1451 nostri
1095 1410 1205 1464 Jesu
1234 1410 1408 1452 Christi
1435 1410 1494 1451 sit
1523 1423 1706 1463 semper
1735 1411 1889 1451 nobis-

245 1496 365 1525 eum.
390 1484 559 1525 Amen.

325 1555 456 1607 Quae
477 1556 524 1596 in
545 1555 822 1607 particulari
843 1554 1074 1595 Dominus
1094 1561 1254 1595 noster
1274 1554 1411 1608 Jesus
1440 1561 1532 1594 x.u⁵
1552 1565 1638 1595 sua
1660 1564 1775 1605 erga
1797 1565 1884 1594 nos

243 1627 533 1678 benignitate
556 1638 611 1667 ae
634 1627 896 1677 clementia,
919 1626 1007 1666 hoe
1031 1625 1365 1678 quadrimestri
1392 1625 1647 1678 praeterito
1676 1636 1759 1676 per
1781 1636 1884 1675 nos,

242 1699 350 1740 licet
367 1699 549 1741 inutilia
570 1700 896 1748 instrumenta,
915 1698 963 1738 in
979 1698 1119 1738 Vinea
1137 1708 1220 1738 sua
1239 1697 1426 1749 operari
1443 1697 1664 1748 dignatus
1681 1702 1765 1747 est,
1785 1697 1884 1736 bre-

240 1771 362 1812 viter
385 1771 554 1811 dicam.
577 1769 698 1811 Nam
720 1770 759 1810 si
781 1770 837 1810 de
859 1770 1088 1820 omnibus,
1113 1781 1233 1821 quae
1255 1768 1460 1820 quotidie
1481 1774 1526 1808 et
1545 1768 1814 1820 frequenter
1834 1767 1881 1808 in

242 1843 392 1883 solitis
421 1841 659 1883 exercitiis
687 1840 929 1891 accidunt,
959 1840 1236 1889 scriberem,
1271 1840 1504 1892 prolixam
1535 1840 1649 1880 satis
1676 1840 1885 1880 facerem

244 1915 504 1966 epistolam.

320 1985 554 2038 Imprimis
576 1985 792 2025 monialis
813 1984 1060 2036 quaedam,
1085 1983 1254 2034 viginti
1276 1995 1360 2024 sex
1389 1995 1538 2023 annos
1561 1983 1740 2023 habens
1765 1983 1886 2023 relli-

243 2058 416 2109 gionis,
451 2069 571 2109 quae
598 2069 657 2097 ex
684 2056 940 2108 superioris
971 2056 1159 2096 licentia
1191 2055 1340 2095 vitam
1368 2055 1414 2094 in
1446 2056 1637 2095 saeculo
1662 2055 1882 2101 faciebat.

244 2130 525 2180 nolebatque
547 2129 606 2169 ad
628 2128 967 2168 monasterium
988 2139 1075 2167 nee
1097 2126 1155 2167 ad
1177 2127 1455 2178 religionem
1475 2127 1644 2177 redire,
1666 2126 1881 2167 confessa

243 2201 328 2241 fuit
349 2207 544 2253 peccata
568 2199 753 2240 cuidam
775 2211 833 2239 ex
854 2200 1030 2239 nostris
1052 2198 1269 2239 Patribus
1290 2204 1417 2238 mota
1449 2210 1474 2238 a
1498 2197 1723 2248 Domino,
1748 2209 1809 2238 ex
1830 2209 1886 2237 eo

244 2272 366 2325 quod
388 2272 601 2313 audierat
628 2283 715 2312 nos
743 2283 891 2322 aequo
924 2271 1102 2320 animo,
1132 2270 1339 2311 maximo
1372 2281 1532 2310 amore
1561 2281 1617 2310 ac
1647 2270 1884 2310 hilaritate

245 2344 492 2384 admittere
512 2343 804 2395 poenitentes
826 2354 1002 2392 omnes,
1027 2341 1105 2394 qui
1126 2341 1185 2382 ad
1207 2353 1292 2382 nos
1322 2341 1532 2382 veniunt:
1562 2341 1673 2381 feeit
1699 2339 1885 2381 confes-

243 2416 424 2456 sionem
445 2416 739 2466 generalem,
771 2414 818 2455 in
846 2425 938 2465 qua
968 2413 1288 2454 manifestauit
1311 2424 1392 2453 eor
1419 2418 1559 2464 atque
1588 2413 1806 2463 uulnera,
1840 2418 1886 2451 et

244 2487 543 2527 miseratione
565 2486 720 2526 divina
747 2492 914 2525 sanata
936 2491 1018 2535 est,
1044 2485 1108 2525 ita
1131 2491 1179 2525 ut
1201 2485 1303 2536 ipsa
1326 2484 1539 2535 diligenti
1569 2495 1682 2524 eura
1705 2482 1884 2524 deside-

243 2559 392 2607 rabat,
417 2558 764 2610 quamprimum
783 2563 961 2609 posset,
987 2556 1045 2597 ad
1067 2568 1204 2597 suum
1224 2557 1299 2596 uel
1320 2555 1446 2596 aliud
1473 2555 1682 2596 eiusdem
1704 2555 1883 2596 ordinis

243 2630 585 2670 monasterium
608 2630 690 2669 ire.

326 2701 459 2741 Duae
495 2701 708 2741 similiter
737 2700 989 2751 foeminae,
1018 2700 1144 2740 faeta
1171 2699 1465 2740 confessione
1492 2698 1703 2750 generali
1733 2697 1883 2738 eidem

247 2771 390 2822 Patri,
414 2783 640 2823 magnum
662 2783 688 2811 a
709 2770 915 2812 Domino
941 2771 1053 2825 Jesu
1079 2770 1355 2811 beneficium
1384 2775 1685 2821 receperunt,
1715 2769 1884 2808 illuxit-

300 2907 308 2926 *
349 2908 599 2942 Autographae
622 2908 702 2935 folio
726 2908 836 2942 unico,
862 2915 891 2934 n,
914 2908 1149 2936 ‹HS—Auctor
1176 2915 1363 2942 cognomen
1391 2915 1487 2935 suum
1509 2911 1644 2934 tantum
1671 2905 1885 2940 subscripsit.

245 2954 348 2982 Forte
364 2956 419 2982 ille
436 2961 487 2983 est
503 2955 652 2989 joannes
667 2956 773 2991 Leon,
798 2956 854 2991 qui
877 2955 1109 2984 salmanticae
1133 2964 1247 2984 mense
1271 2956 1457 2984 Novembri
1482 2955 1560 2983 anni
1577 2954 1647 2982 1553
1670 2953 1828 2988 degebat;
1851 2952 1882 2979 id

244 3006 360 3029 tamen
376 3003 545 3030 affirmare
568 3011 632 3031 non
649 3003 824 3037 audemus,
839 3004 918 3038 quia
933 3005 1025 3031 nullo
1041 3008 1134 3032 certo
1149 3008 1352 3038 argumento
1367 3004 1465 3032 inniti
1481 3010 1668 3038 possumus.
