<?xml version="1.0" encoding="UTF-8"?>
<!DOCTYPE html PUBLIC "-//W3C//DTD XHTML 1.0 Transitional//EN"
    "http://www.w3.org/TR/xhtml1/DTD/xhtml1-transitional.dtd">
<html xmlns="http://www.w3.org/1999/xhtml" xml:lang="en" lang="en">
 <head>
  <title>
</title>
<meta http-equiv="Content-Type" content="text/html;charset=utf-8" />
  <meta name='ocr-system' content='tesseract 3.04.00' />
  <meta name='ocr-capabilities' content='ocr_page ocr_carea ocr_par ocr_line ocrx_word'/>
</head>
<body>
  <div class='ocr_page' id='page_1' title='image "./litteraequadrime15lain_0502.png"; bbox 0 0 2047 3179; ppageno 0'>
   <div class='ocr_carea' id='block_1_1' title="bbox 239 158 1363 201">
    <p class='ocr_par' dir='ltr' id='par_1_1' title="bbox 239 158 1363 201">
     <span class='ocr_line' id='line_1_1' title="bbox 239 158 1363 201; baseline -0.001 -5"><span class='ocrx_word' id='word_1_1' title='bbox 239 158 310 196; x_wconf 76' lang='lat'>496</span> <span class='ocrx_word' id='word_1_2' title='bbox 757 158 983 195; x_wconf 79' lang='lat' dir='ltr'>LITTERAE</span> <span class='ocrx_word' id='word_1_3' title='bbox 1005 167 1363 201; x_wconf 71' lang='lat' dir='ltr'>QUADRmtEsTREs</span> 
     </span>
    </p>
   </div>
   <div class='ocr_carea' id='block_1_2' title="bbox 239 252 1891 2805">
    <p class='ocr_par' dir='ltr' id='par_1_2' title="bbox 239 252 1891 2805">
     <span class='ocr_line' id='line_1_2' title="bbox 240 252 1881 305; baseline -0.001 -9"><span class='ocrx_word' id='word_1_4' title='bbox 240 267 360 296; x_wconf 72' lang='lat' dir='ltr'>mus</span> <span class='ocrx_word' id='word_1_5' title='bbox 384 254 479 296; x_wconf 92' lang='lat' dir='ltr'>Nec</span> <span class='ocrx_word' id='word_1_6' title='bbox 502 260 613 296; x_wconf 89' lang='lat' dir='ltr'>tunc</span> <span class='ocrx_word' id='word_1_7' title='bbox 636 255 823 295; x_wconf 83' lang='lat' dir='ltr'>ociosus</span> <span class='ocrx_word' id='word_1_8' title='bbox 842 254 927 294; x_wconf 91' lang='lat' dir='ltr'>fuit</span> <span class='ocrx_word' id='word_1_9' title='bbox 948 253 998 295; x_wconf 89' lang='grc' dir='ltr'>Ρ.</span> <span class='ocrx_word' id='word_1_10' title='bbox 1021 252 1305 304; x_wconf 88' lang='lat' dir='ltr'>Anthonius,</span> <span class='ocrx_word' id='word_1_11' title='bbox 1326 253 1408 294; x_wconf 86' lang='lat' dir='ltr'>sed</span> <span class='ocrx_word' id='word_1_12' title='bbox 1428 258 1555 294; x_wconf 91' lang='lat' dir='ltr'>totos</span> <span class='ocrx_word' id='word_1_13' title='bbox 1574 253 1673 293; x_wconf 88' lang='lat' dir='ltr'>dies</span> <span class='ocrx_word' id='word_1_14' title='bbox 1695 264 1881 305; x_wconf 88' lang='lat' dir='ltr'>quoque</span> 
     </span>
     <span class='ocr_line' id='line_1_3' title="bbox 239 323 1878 378; baseline -0.001 -11"><span class='ocrx_word' id='word_1_15' title='bbox 239 326 489 378; x_wconf 78' lang='lat' dir='ltr'>insumpsit</span> <span class='ocrx_word' id='word_1_16' title='bbox 511 326 756 367; x_wconf 91' lang='lat' dir='ltr'>audiendis</span> <span class='ocrx_word' id='word_1_17' title='bbox 777 325 1150 366; x_wconf 83' lang='lat' dir='ltr'>confessionibus</span> <span class='ocrx_word' id='word_1_18' title='bbox 1172 324 1217 364; x_wconf 94' lang='lat' dir='ltr'>in</span> <span class='ocrx_word' id='word_1_19' title='bbox 1235 324 1460 376; x_wconf 88' lang='lat' dir='ltr'>parochia</span> <span class='ocrx_word' id='word_1_20' title='bbox 1477 323 1587 364; x_wconf 82' lang='lat' dir='ltr'>Di&#39;ui</span> <span class='ocrx_word' id='word_1_21' title='bbox 1603 324 1784 378; x_wconf 87' lang='lat' dir='ltr'>Jacobi,</span> <span class='ocrx_word' id='word_1_22' title='bbox 1807 336 1878 365; x_wconf 91' lang='lat' dir='ltr'>ro-</span> 
     </span>
     <span class='ocr_line' id='line_1_4' title="bbox 241 395 1880 450; baseline -0.002 -12"><span class='ocrx_word' id='word_1_23' title='bbox 241 404 357 449; x_wconf 89' lang='lat' dir='ltr'>gatu</span> <span class='ocrx_word' id='word_1_24' title='bbox 367 397 592 438; x_wconf 80' lang='lat' dir='ltr'>Pastoris,</span> <span class='ocrx_word' id='word_1_25' title='bbox 609 397 710 450; x_wconf 90' lang='lat' dir='ltr'>Ego</span> <span class='ocrx_word' id='word_1_26' title='bbox 723 397 939 449; x_wconf 90' lang='lat' dir='ltr'>quamuis</span> <span class='ocrx_word' id='word_1_27' title='bbox 951 395 1341 447; x_wconf 78' lang='lat' dir='ltr'>occupatissimus</span> <span class='ocrx_word' id='word_1_28' title='bbox 1357 402 1468 436; x_wconf 91' lang='lat' dir='ltr'>tunc</span> <span class='ocrx_word' id='word_1_29' title='bbox 1484 395 1666 445; x_wconf 90' lang='lat' dir='ltr'>fuerim,</span> <span class='ocrx_word' id='word_1_30' title='bbox 1682 407 1737 435; x_wconf 91' lang='lat' dir='ltr'>eo</span> <span class='ocrx_word' id='word_1_31' title='bbox 1755 395 1880 447; x_wconf 91' lang='lat' dir='ltr'>quod</span> 
     </span>
     <span class='ocr_line' id='line_1_5' title="bbox 241 465 1879 522; baseline -0.002 -12"><span class='ocrx_word' id='word_1_32' title='bbox 241 469 354 510; x_wconf 92' lang='lat' dir='ltr'>mihi</span> <span class='ocrx_word' id='word_1_33' title='bbox 376 470 726 522; x_wconf 89' lang='lat' dir='ltr'>impraeparato</span> <span class='ocrx_word' id='word_1_34' title='bbox 747 475 792 508; x_wconf 91' lang='lat' dir='ltr'>et</span> <span class='ocrx_word' id='word_1_35' title='bbox 811 468 857 508; x_wconf 93' lang='lat' dir='ltr'>id</span> <span class='ocrx_word' id='word_1_36' title='bbox 879 473 985 507; x_wconf 90' lang='lat' dir='ltr'>ante</span> <span class='ocrx_word' id='word_1_37' title='bbox 1013 466 1203 506; x_wconf 89' lang='lat' dir='ltr'>minime</span> <span class='ocrx_word' id='word_1_38' title='bbox 1225 466 1483 517; x_wconf 86' lang='lat' dir='ltr'>suspicanti</span> <span class='ocrx_word' id='word_1_39' title='bbox 1505 465 1879 507; x_wconf 89' lang='lat' dir='ltr'>concionandum</span> 
     </span>
     <span class='ocr_line' id='line_1_6' title="bbox 241 537 1879 593; baseline -0.003 -11"><span class='ocrx_word' id='word_1_40' title='bbox 241 541 379 581; x_wconf 89' lang='lat' dir='ltr'>fuerit</span> <span class='ocrx_word' id='word_1_41' title='bbox 397 540 618 593; x_wconf 80' lang='lat' dir='ltr'>quotidie,</span> <span class='ocrx_word' id='word_1_42' title='bbox 642 547 738 580; x_wconf 89' lang='lat' dir='ltr'>non</span> <span class='ocrx_word' id='word_1_43' title='bbox 759 546 918 579; x_wconf 90' lang='lat' dir='ltr'>tamen</span> <span class='ocrx_word' id='word_1_44' title='bbox 940 537 1071 589; x_wconf 92' lang='lat' dir='ltr'>potui</span> <span class='ocrx_word' id='word_1_45' title='bbox 1092 537 1202 588; x_wconf 92' lang='lat' dir='ltr'>quin</span> <span class='ocrx_word' id='word_1_46' title='bbox 1224 537 1421 589; x_wconf 91' lang='lat' dir='ltr'>singulis</span> <span class='ocrx_word' id='word_1_47' title='bbox 1442 537 1605 578; x_wconf 92' lang='lat' dir='ltr'>diebus</span> <span class='ocrx_word' id='word_1_48' title='bbox 1633 537 1814 589; x_wconf 90' lang='lat' dir='ltr'>aliquos</span> <span class='ocrx_word' id='word_1_49' title='bbox 1831 537 1879 578; x_wconf 91' lang='lat' dir='ltr'>in</span> 
     </span>
     <span class='ocr_line' id='line_1_7' title="bbox 241 608 1880 660; baseline -0.003 -7"><span class='ocrx_word' id='word_1_50' title='bbox 241 611 536 653; x_wconf 91' lang='lat' dir='ltr'>confessione</span> <span class='ocrx_word' id='word_1_51' title='bbox 559 610 720 651; x_wconf 89' lang='lat' dir='ltr'>audire</span> <span class='ocrx_word' id='word_1_52' title='bbox 742 620 953 660; x_wconf 84' lang='lat' dir='ltr'>cogerer,</span> <span class='ocrx_word' id='word_1_53' title='bbox 994 608 1161 660; x_wconf 91' lang='lat' dir='ltr'>quibus</span> <span class='ocrx_word' id='word_1_54' title='bbox 1197 614 1388 660; x_wconf 90' lang='lat' dir='ltr'>propter</span> <span class='ocrx_word' id='word_1_55' title='bbox 1423 609 1696 660; x_wconf 77' lang='lat' dir='ltr'>qualitatem</span> <span class='ocrx_word' id='word_1_56' title='bbox 1722 619 1880 660; x_wconf 88' lang='lat' dir='ltr'>perso-</span> 
     </span>
     <span class='ocr_line' id='line_1_8' title="bbox 239 678 1881 731; baseline -0.002 -7"><span class='ocrx_word' id='word_1_57' title='bbox 239 695 408 724; x_wconf 91' lang='lat' dir='ltr'>narum</span> <span class='ocrx_word' id='word_1_58' title='bbox 426 688 505 723; x_wconf 91' lang='lat' dir='ltr'>aut</span> <span class='ocrx_word' id='word_1_59' title='bbox 526 681 799 722; x_wconf 87' lang='lat' dir='ltr'>instantiam</span> <span class='ocrx_word' id='word_1_60' title='bbox 821 686 865 720; x_wconf 91' lang='lat' dir='ltr'>et</span> <span class='ocrx_word' id='word_1_61' title='bbox 886 685 1134 731; x_wconf 86' lang='lat' dir='ltr'>vrgentem</span> <span class='ocrx_word' id='word_1_62' title='bbox 1154 679 1485 720; x_wconf 89' lang='lat' dir='ltr'>necessitatem</span> <span class='ocrx_word' id='word_1_63' title='bbox 1505 689 1730 719; x_wconf 78' lang='lat' dir='ltr'>recusare</span> <span class='ocrx_word' id='word_1_64' title='bbox 1754 678 1763 698; x_wconf 88' lang='lat'>¹</span> <span class='ocrx_word' id='word_1_65' title='bbox 1786 691 1881 720; x_wconf 90' lang='lat' dir='ltr'>non</span> 
     </span>
     <span class='ocr_line' id='line_1_9' title="bbox 241 750 1883 806; baseline -0.002 -11"><span class='ocrx_word' id='word_1_66' title='bbox 241 755 385 806; x_wconf 92' lang='lat' dir='ltr'>potui.</span> <span class='ocrx_word' id='word_1_67' title='bbox 405 753 636 794; x_wconf 88' lang='lat' dir='ltr'>Dicebant</span> <span class='ocrx_word' id='word_1_68' title='bbox 654 752 778 792; x_wconf 90' lang='lat' dir='ltr'>enim</span> <span class='ocrx_word' id='word_1_69' title='bbox 796 750 937 802; x_wconf 87' lang='lat' dir='ltr'>aliqui</span> <span class='ocrx_word' id='word_1_70' title='bbox 958 762 1007 790; x_wconf 93' lang='lat' dir='ltr'>se</span> <span class='ocrx_word' id='word_1_71' title='bbox 1026 762 1052 790; x_wconf 90' lang='lat' dir='ltr'>a</span> <span class='ocrx_word' id='word_1_72' title='bbox 1074 750 1230 790; x_wconf 87' lang='lat' dir='ltr'>multis</span> <span class='ocrx_word' id='word_1_73' title='bbox 1251 750 1386 790; x_wconf 90' lang='lat' dir='ltr'>annis</span> <span class='ocrx_word' id='word_1_74' title='bbox 1407 762 1502 790; x_wconf 93' lang='lat' dir='ltr'>non</span> <span class='ocrx_word' id='word_1_75' title='bbox 1518 750 1776 800; x_wconf 88' lang='lat' dir='ltr'>confessos,</span> <span class='ocrx_word' id='word_1_76' title='bbox 1794 761 1883 791; x_wconf 88' lang='lat' dir='ltr'>nec</span> 
     </span>
     <span class='ocr_line' id='line_1_10' title="bbox 241 821 1881 875; baseline -0.003 -9"><span class='ocrx_word' id='word_1_77' title='bbox 241 826 361 866; x_wconf 89' lang='lat' dir='ltr'>velle</span> <span class='ocrx_word' id='word_1_78' title='bbox 384 824 518 865; x_wconf 88' lang='lat' dir='ltr'>alteri</span> <span class='ocrx_word' id='word_1_79' title='bbox 539 835 680 875; x_wconf 86' lang='lat' dir='ltr'>quam</span> <span class='ocrx_word' id='word_1_80' title='bbox 702 823 814 862; x_wconf 90' lang='lat' dir='ltr'>mihi</span> <span class='ocrx_word' id='word_1_81' title='bbox 831 821 1057 870; x_wconf 84' lang='lat' dir='ltr'>confiteri,</span> <span class='ocrx_word' id='word_1_82' title='bbox 1082 833 1141 861; x_wconf 85' lang='lat' dir='ltr'>ex</span> <span class='ocrx_word' id='word_1_83' title='bbox 1162 821 1467 862; x_wconf 88' lang='lat' dir='ltr'>concionibus</span> <span class='ocrx_word' id='word_1_84' title='bbox 1494 821 1655 862; x_wconf 86' lang='lat' dir='ltr'>forsan</span> <span class='ocrx_word' id='word_1_85' title='bbox 1678 832 1881 862; x_wconf 90' lang='lat' dir='ltr'>commo—</span> 
     </span>
     <span class='ocr_line' id='line_1_11' title="bbox 242 892 1884 944; baseline -0.003 -6"><span class='ocrx_word' id='word_1_86' title='bbox 242 898 291 938; x_wconf 91' lang='lat' dir='ltr'>ti.</span> <span class='ocrx_word' id='word_1_87' title='bbox 315 897 387 937; x_wconf 81' lang='lat' dir='ltr'>Ex</span> <span class='ocrx_word' id='word_1_88' title='bbox 407 896 479 936; x_wconf 90' lang='lat' dir='ltr'>his</span> <span class='ocrx_word' id='word_1_89' title='bbox 501 901 656 936; x_wconf 89' lang='lat' dir='ltr'>autem</span> <span class='ocrx_word' id='word_1_90' title='bbox 688 893 1062 934; x_wconf 87' lang='lat' dir='ltr'>confessionibus</span> <span class='ocrx_word' id='word_1_91' title='bbox 1096 894 1294 933; x_wconf 87' lang='lat' dir='ltr'>multum</span> <span class='ocrx_word' id='word_1_92' title='bbox 1329 904 1467 944; x_wconf 87' lang='lat' dir='ltr'>spero</span> <span class='ocrx_word' id='word_1_93' title='bbox 1503 892 1684 933; x_wconf 89' lang='lat' dir='ltr'>fructus</span> <span class='ocrx_word' id='word_1_94' title='bbox 1711 893 1758 933; x_wconf 93' lang='lat' dir='ltr'>in</span> <span class='ocrx_word' id='word_1_95' title='bbox 1778 893 1884 933; x_wconf 89' lang='lat' dir='ltr'>hor-</span> 
     </span>
     <span class='ocr_line' id='line_1_12' title="bbox 241 963 1885 1016; baseline -0.002 -8"><span class='ocrx_word' id='word_1_96' title='bbox 241 980 374 1008; x_wconf 88' lang='lat' dir='ltr'>reum</span> <span class='ocrx_word' id='word_1_97' title='bbox 395 967 585 1008; x_wconf 89' lang='lat' dir='ltr'>Domini</span> <span class='ocrx_word' id='word_1_98' title='bbox 607 965 796 1015; x_wconf 82' lang='lat' dir='ltr'>adferri,</span> <span class='ocrx_word' id='word_1_99' title='bbox 817 976 922 1004; x_wconf 90' lang='lat' dir='ltr'>cum</span> <span class='ocrx_word' id='word_1_100' title='bbox 939 964 970 1004; x_wconf 92' lang='lat' dir='ltr'>ii</span> <span class='ocrx_word' id='word_1_101' title='bbox 987 964 1240 1016; x_wconf 87' lang='lat' dir='ltr'>praecipue</span> <span class='ocrx_word' id='word_1_102' title='bbox 1258 963 1317 1004; x_wconf 93' lang='lat' dir='ltr'>ad</span> <span class='ocrx_word' id='word_1_103' title='bbox 1334 975 1419 1004; x_wconf 92' lang='lat' dir='ltr'>nos</span> <span class='ocrx_word' id='word_1_104' title='bbox 1437 964 1643 1013; x_wconf 85' lang='lat' dir='ltr'>veniant,</span> <span class='ocrx_word' id='word_1_105' title='bbox 1665 964 1742 1016; x_wconf 92' lang='lat' dir='ltr'>qui</span> <span class='ocrx_word' id='word_1_106' title='bbox 1759 965 1885 1004; x_wconf 88' lang='lat' dir='ltr'>serio</span> 
     </span>
     <span class='ocr_line' id='line_1_13' title="bbox 242 1034 1883 1091; baseline -0.002 -11"><span class='ocrx_word' id='word_1_107' title='bbox 242 1039 514 1091; x_wconf 89' lang='lat' dir='ltr'>concipiunt</span> <span class='ocrx_word' id='word_1_108' title='bbox 548 1038 674 1077; x_wconf 81' lang='lat' dir='ltr'>vitae</span> <span class='ocrx_word' id='word_1_109' title='bbox 709 1036 1101 1086; x_wconf 86' lang='lat' dir='ltr'>emendationem,</span> <span class='ocrx_word' id='word_1_110' title='bbox 1138 1035 1327 1087; x_wconf 88' lang='lat' dir='ltr'>plurimi</span> <span class='ocrx_word' id='word_1_111' title='bbox 1355 1035 1438 1086; x_wconf 72' lang='lat' dir='ltr'>qni</span> <span class='ocrx_word' id='word_1_112' title='bbox 1464 1034 1478 1053; x_wconf 86' lang='lat'>²</span> <span class='ocrx_word' id='word_1_113' title='bbox 1504 1047 1531 1075; x_wconf 93' lang='lat' dir='ltr'>a</span> <span class='ocrx_word' id='word_1_114' title='bbox 1553 1035 1730 1086; x_wconf 89' lang='lat' dir='ltr'>decem,</span> <span class='ocrx_word' id='word_1_115' title='bbox 1755 1036 1838 1087; x_wconf 78' lang='lat' dir='ltr'>qui</span> <span class='ocrx_word' id='word_1_116' title='bbox 1856 1047 1883 1076; x_wconf 90' lang='lat' dir='ltr'>a</span> 
     </span>
     <span class='ocr_line' id='line_1_14' title="bbox 242 1106 1887 1163; baseline -0.002 -11"><span class='ocrx_word' id='word_1_117' title='bbox 242 1111 426 1163; x_wconf 88' lang='lat' dir='ltr'>viginti,</span> <span class='ocrx_word' id='word_1_118' title='bbox 460 1109 545 1161; x_wconf 76' lang='lat' dir='ltr'>qui</span> <span class='ocrx_word' id='word_1_119' title='bbox 580 1121 607 1149; x_wconf 93' lang='lat' dir='ltr'>a</span> <span class='ocrx_word' id='word_1_120' title='bbox 637 1109 846 1159; x_wconf 88' lang='lat' dir='ltr'>triginta,</span> <span class='ocrx_word' id='word_1_121' title='bbox 878 1107 962 1159; x_wconf 75' lang='lat' dir='ltr'>qui</span> <span class='ocrx_word' id='word_1_122' title='bbox 986 1107 1129 1147; x_wconf 90' lang='lat' dir='ltr'>etiam</span> <span class='ocrx_word' id='word_1_123' title='bbox 1164 1118 1190 1146; x_wconf 84' lang='lat' dir='ltr'>a</span> <span class='ocrx_word' id='word_1_124' title='bbox 1223 1106 1538 1158; x_wconf 87' lang='lat' dir='ltr'>quadraginta</span> <span class='ocrx_word' id='word_1_125' title='bbox 1574 1114 1653 1147; x_wconf 89' lang='lat' dir='ltr'>aut</span> <span class='ocrx_word' id='word_1_126' title='bbox 1675 1108 1887 1158; x_wconf 90' lang='lat' dir='ltr'>pluribus</span> 
     </span>
     <span class='ocr_line' id='line_1_15' title="bbox 244 1178 1884 1231; baseline -0.002 -8"><span class='ocrx_word' id='word_1_127' title='bbox 244 1183 379 1224; x_wconf 90' lang='lat' dir='ltr'>annis</span> <span class='ocrx_word' id='word_1_128' title='bbox 419 1193 512 1222; x_wconf 92' lang='lat' dir='ltr'>non</span> <span class='ocrx_word' id='word_1_129' title='bbox 552 1180 763 1221; x_wconf 83' lang='lat' dir='ltr'>fecerant</span> <span class='ocrx_word' id='word_1_130' title='bbox 797 1180 1032 1230; x_wconf 84' lang='lat' dir='ltr'>integram</span> <span class='ocrx_word' id='word_1_131' title='bbox 1068 1178 1427 1219; x_wconf 90' lang='lat' dir='ltr'>confessionem:</span> <span class='ocrx_word' id='word_1_132' title='bbox 1465 1178 1557 1218; x_wconf 91' lang='lat' dir='ltr'>imo</span> <span class='ocrx_word' id='word_1_133' title='bbox 1594 1179 1746 1219; x_wconf 89' lang='lat' dir='ltr'>maior</span> <span class='ocrx_word' id='word_1_134' title='bbox 1773 1190 1884 1231; x_wconf 90' lang='lat' dir='ltr'>pars</span> 
     </span>
     <span class='ocr_line' id='line_1_16' title="bbox 242 1249 1886 1305; baseline -0.002 -10"><span class='ocrx_word' id='word_1_135' title='bbox 242 1265 420 1304; x_wconf 88' lang='lat' dir='ltr'>eorum,</span> <span class='ocrx_word' id='word_1_136' title='bbox 445 1253 523 1305; x_wconf 92' lang='lat' dir='ltr'>qui</span> <span class='ocrx_word' id='word_1_137' title='bbox 543 1264 631 1292; x_wconf 92' lang='lat' dir='ltr'>nos</span> <span class='ocrx_word' id='word_1_138' title='bbox 653 1250 898 1301; x_wconf 89' lang='lat' dir='ltr'>accedunt,</span> <span class='ocrx_word' id='word_1_139' title='bbox 924 1257 1004 1290; x_wconf 89' lang='lat' dir='ltr'>aut</span> <span class='ocrx_word' id='word_1_140' title='bbox 1026 1262 1139 1302; x_wconf 90' lang='lat' dir='ltr'>prae</span> <span class='ocrx_word' id='word_1_141' title='bbox 1159 1249 1446 1290; x_wconf 89' lang='lat' dir='ltr'>verecundia</span> <span class='ocrx_word' id='word_1_142' title='bbox 1477 1256 1556 1290; x_wconf 88' lang='lat' dir='ltr'>aut</span> <span class='ocrx_word' id='word_1_143' title='bbox 1586 1262 1698 1302; x_wconf 88' lang='lat' dir='ltr'>prae</span> <span class='ocrx_word' id='word_1_144' title='bbox 1721 1262 1886 1291; x_wconf 88' lang='lat' dir='ltr'>crassa</span> 
     </span>
     <span class='ocr_line' id='line_1_17' title="bbox 242 1321 1883 1378; baseline -0.002 -12"><span class='ocrx_word' id='word_1_145' title='bbox 242 1325 513 1378; x_wconf 83' lang='lat' dir='ltr'>ignorantia</span> <span class='ocrx_word' id='word_1_146' title='bbox 545 1335 786 1375; x_wconf 90' lang='lat' dir='ltr'>nunquam</span> <span class='ocrx_word' id='word_1_147' title='bbox 821 1322 1056 1372; x_wconf 88' lang='lat' dir='ltr'>integram</span> <span class='ocrx_word' id='word_1_148' title='bbox 1091 1321 1356 1373; x_wconf 84' lang='lat' dir='ltr'>perfecerat</span> <span class='ocrx_word' id='word_1_149' title='bbox 1392 1321 1750 1362; x_wconf 87' lang='lat' dir='ltr'>confessionem.</span> <span class='ocrx_word' id='word_1_150' title='bbox 1782 1321 1883 1362; x_wconf 86' lang='lat' dir='ltr'>Plu-</span> 
     </span>
     <span class='ocr_line' id='line_1_18' title="bbox 241 1392 1884 1445; baseline -0.002 -8"><span class='ocrx_word' id='word_1_151' title='bbox 241 1397 347 1438; x_wconf 88' lang='lat' dir='ltr'>rimi</span> <span class='ocrx_word' id='word_1_152' title='bbox 368 1401 590 1436; x_wconf 88' lang='lat' dir='ltr'>nutantes</span> <span class='ocrx_word' id='word_1_153' title='bbox 611 1395 657 1434; x_wconf 90' lang='lat' dir='ltr'>in</span> <span class='ocrx_word' id='word_1_154' title='bbox 678 1393 782 1441; x_wconf 87' lang='lat' dir='ltr'>fide,</span> <span class='ocrx_word' id='word_1_155' title='bbox 807 1405 891 1445; x_wconf 90' lang='lat' dir='ltr'>per</span> <span class='ocrx_word' id='word_1_156' title='bbox 911 1392 1164 1433; x_wconf 88' lang='lat' dir='ltr'>conciones</span> <span class='ocrx_word' id='word_1_157' title='bbox 1185 1398 1230 1432; x_wconf 94' lang='lat' dir='ltr'>et</span> <span class='ocrx_word' id='word_1_158' title='bbox 1251 1392 1572 1432; x_wconf 90' lang='lat' dir='ltr'>confessiones</span> <span class='ocrx_word' id='word_1_159' title='bbox 1590 1398 1698 1432; x_wconf 91' lang='lat' dir='ltr'>sunt</span> <span class='ocrx_word' id='word_1_160' title='bbox 1720 1392 1884 1435; x_wconf 89' lang='lat' dir='ltr'>confir-</span> 
     </span>
     <span class='ocr_line' id='line_1_19' title="bbox 242 1463 1888 1520; baseline -0.002 -11"><span class='ocrx_word' id='word_1_161' title='bbox 242 1469 372 1518; x_wconf 89' lang='lat' dir='ltr'>mati,</span> <span class='ocrx_word' id='word_1_162' title='bbox 398 1468 542 1520; x_wconf 91' lang='lat' dir='ltr'>aliqui</span> <span class='ocrx_word' id='word_1_163' title='bbox 563 1466 752 1507; x_wconf 90' lang='lat' dir='ltr'>omnino</span> <span class='ocrx_word' id='word_1_164' title='bbox 774 1464 1050 1505; x_wconf 85' lang='lat' dir='ltr'>haeresibus</span> <span class='ocrx_word' id='word_1_165' title='bbox 1078 1463 1267 1514; x_wconf 88' lang='lat' dir='ltr'>addicti,</span> <span class='ocrx_word' id='word_1_166' title='bbox 1297 1463 1365 1504; x_wconf 89' lang='lat' dir='ltr'>sic</span> <span class='ocrx_word' id='word_1_167' title='bbox 1392 1475 1475 1515; x_wconf 92' lang='lat' dir='ltr'>per</span> <span class='ocrx_word' id='word_1_168' title='bbox 1503 1464 1757 1504; x_wconf 90' lang='lat' dir='ltr'>conciones</span> <span class='ocrx_word' id='word_1_169' title='bbox 1778 1470 1888 1505; x_wconf 89' lang='lat' dir='ltr'>sunt</span> 
     </span>
     <span class='ocr_line' id='line_1_20' title="bbox 243 1526 1885 1590; baseline -0.003 -9"><span class='ocrx_word' id='word_1_170' title='bbox 243 1539 478 1590; x_wconf 90' lang='lat' dir='ltr'>commoti,</span> <span class='ocrx_word' id='word_1_171' title='bbox 499 1545 550 1579; x_wconf 87' lang='lat' dir='ltr'>vt</span> <span class='ocrx_word' id='word_1_172' title='bbox 569 1539 727 1578; x_wconf 90' lang='lat' dir='ltr'>statim</span> <span class='ocrx_word' id='word_1_173' title='bbox 743 1537 874 1577; x_wconf 88' lang='lat' dir='ltr'>finita</span> <span class='ocrx_word' id='word_1_174' title='bbox 892 1535 1121 1576; x_wconf 91' lang='lat' dir='ltr'>concione</span> <span class='ocrx_word' id='word_1_175' title='bbox 1138 1546 1231 1575; x_wconf 91' lang='lat' dir='ltr'>non</span> <span class='ocrx_word' id='word_1_176' title='bbox 1249 1542 1490 1576; x_wconf 86' lang='lat' dir='ltr'>cessarent</span> <span class='ocrx_word' id='word_1_177' title='bbox 1507 1535 1673 1586; x_wconf 87' lang='lat' dir='ltr'>donec,</span> <span class='ocrx_word' id='word_1_178' title='bbox 1692 1526 1885 1587; x_wconf 87' lang='lat' dir='ltr'>peracta</span> 
     </span>
     <span class='ocr_line' id='line_1_21' title="bbox 243 1607 1883 1658; baseline -0.004 -6"><span class='ocrx_word' id='word_1_179' title='bbox 243 1611 383 1651; x_wconf 90' lang='lat' dir='ltr'>alicui</span> <span class='ocrx_word' id='word_1_180' title='bbox 399 1616 670 1651; x_wconf 88' lang='lat' dir='ltr'>nostrorum</span> <span class='ocrx_word' id='word_1_181' title='bbox 689 1607 985 1648; x_wconf 87' lang='lat' dir='ltr'>confessione</span> <span class='ocrx_word' id='word_1_182' title='bbox 1000 1613 1044 1647; x_wconf 90' lang='lat' dir='ltr'>et</span> <span class='ocrx_word' id='word_1_183' title='bbox 1062 1607 1276 1647; x_wconf 88' lang='lat' dir='ltr'>abiurata</span> <span class='ocrx_word' id='word_1_184' title='bbox 1295 1607 1494 1658; x_wconf 86' lang='lat' dir='ltr'>haeresi,</span> <span class='ocrx_word' id='word_1_185' title='bbox 1514 1607 1562 1647; x_wconf 91' lang='lat' dir='ltr'>in</span> <span class='ocrx_word' id='word_1_186' title='bbox 1579 1613 1773 1647; x_wconf 89' lang='lat' dir='ltr'>sanctae</span> <span class='ocrx_word' id='word_1_187' title='bbox 1791 1619 1883 1647; x_wconf 89' lang='lat' dir='ltr'>ma-</span> 
     </span>
     <span class='ocr_line' id='line_1_22' title="bbox 242 1678 1888 1732; baseline -0.002 -9"><span class='ocrx_word' id='word_1_188' title='bbox 242 1682 329 1722; x_wconf 87' lang='lat' dir='ltr'>tris</span> <span class='ocrx_word' id='word_1_189' title='bbox 350 1681 579 1722; x_wconf 89' lang='lat' dir='ltr'>ecclesiae</span> <span class='ocrx_word' id='word_1_190' title='bbox 601 1680 834 1732; x_wconf 88' lang='lat' dir='ltr'>gremium</span> <span class='ocrx_word' id='word_1_191' title='bbox 851 1679 1189 1730; x_wconf 87' lang='lat' dir='ltr'>reciperentur.</span> <span class='ocrx_word' id='word_1_192' title='bbox 1209 1678 1333 1719; x_wconf 89' lang='lat' dir='ltr'>Inter</span> <span class='ocrx_word' id='word_1_193' title='bbox 1350 1685 1565 1719; x_wconf 90' lang='lat' dir='ltr'>caeteros</span> <span class='ocrx_word' id='word_1_194' title='bbox 1583 1678 1787 1730; x_wconf 82' lang='lat' dir='ltr'>quidam,</span> <span class='ocrx_word' id='word_1_195' title='bbox 1807 1679 1888 1731; x_wconf 86' lang='lat' dir='ltr'>qui</span> 
     </span>
     <span class='ocr_line' id='line_1_23' title="bbox 244 1750 1885 1805; baseline -0.002 -11"><span class='ocrx_word' id='word_1_196' title='bbox 244 1760 370 1794; x_wconf 89' lang='lat' dir='ltr'>totos</span> <span class='ocrx_word' id='word_1_197' title='bbox 391 1752 659 1805; x_wconf 88' lang='lat' dir='ltr'>quindecim</span> <span class='ocrx_word' id='word_1_198' title='bbox 682 1763 830 1792; x_wconf 91' lang='lat' dir='ltr'>annos</span> <span class='ocrx_word' id='word_1_199' title='bbox 852 1750 1005 1791; x_wconf 87' lang='lat' dir='ltr'>fuerat</span> <span class='ocrx_word' id='word_1_200' title='bbox 1022 1750 1069 1790; x_wconf 89' lang='lat' dir='ltr'>in</span> <span class='ocrx_word' id='word_1_201' title='bbox 1091 1761 1146 1790; x_wconf 89' lang='lat' dir='ltr'>ea</span> <span class='ocrx_word' id='word_1_202' title='bbox 1166 1750 1367 1800; x_wconf 88' lang='lat' dir='ltr'>haeresi,</span> <span class='ocrx_word' id='word_1_203' title='bbox 1402 1756 1452 1790; x_wconf 90' lang='lat' dir='ltr'>vt</span> <span class='ocrx_word' id='word_1_204' title='bbox 1479 1750 1784 1802; x_wconf 87' lang='lat' dir='ltr'>pertinaciter</span> <span class='ocrx_word' id='word_1_205' title='bbox 1809 1762 1885 1791; x_wconf 90' lang='lat' dir='ltr'>ne-</span> 
     </span>
     <span class='ocr_line' id='line_1_24' title="bbox 241 1821 1884 1877; baseline -0.002 -11"><span class='ocrx_word' id='word_1_206' title='bbox 241 1832 378 1877; x_wconf 86' lang='lat' dir='ltr'>garet</span> <span class='ocrx_word' id='word_1_207' title='bbox 399 1825 445 1865; x_wconf 91' lang='lat' dir='ltr'>in</span> <span class='ocrx_word' id='word_1_208' title='bbox 467 1823 766 1865; x_wconf 87' lang='lat' dir='ltr'>sanctissimo</span> <span class='ocrx_word' id='word_1_209' title='bbox 788 1821 1117 1863; x_wconf 88' lang='lat' dir='ltr'>Eucharistiae</span> <span class='ocrx_word' id='word_1_210' title='bbox 1138 1826 1437 1862; x_wconf 89' lang='lat' dir='ltr'>sacramento</span> <span class='ocrx_word' id='word_1_211' title='bbox 1465 1833 1568 1861; x_wconf 88' lang='lat' dir='ltr'>esse</span> <span class='ocrx_word' id='word_1_212' title='bbox 1596 1833 1763 1861; x_wconf 89' lang='lat' dir='ltr'>verum</span> <span class='ocrx_word' id='word_1_213' title='bbox 1784 1833 1884 1862; x_wconf 86' lang='lat' dir='ltr'>cor-</span> 
     </span>
     <span class='ocr_line' id='line_1_25' title="bbox 242 1892 1889 1949; baseline -0.002 -12"><span class='ocrx_word' id='word_1_214' title='bbox 242 1908 332 1949; x_wconf 90' lang='lat' dir='ltr'>pus</span> <span class='ocrx_word' id='word_1_215' title='bbox 354 1896 544 1946; x_wconf 79' lang='lat' dir='ltr'>Christi,</span> <span class='ocrx_word' id='word_1_216' title='bbox 568 1895 703 1935; x_wconf 89' lang='lat' dir='ltr'>nobis</span> <span class='ocrx_word' id='word_1_217' title='bbox 725 1893 983 1943; x_wconf 88' lang='lat' dir='ltr'>confessus,</span> <span class='ocrx_word' id='word_1_218' title='bbox 1009 1892 1242 1933; x_wconf 89' lang='lat' dir='ltr'>haeresim</span> <span class='ocrx_word' id='word_1_219' title='bbox 1259 1893 1508 1943; x_wconf 89' lang='lat' dir='ltr'>abiurauit,</span> <span class='ocrx_word' id='word_1_220' title='bbox 1533 1899 1576 1933; x_wconf 90' lang='lat' dir='ltr'>et</span> <span class='ocrx_word' id='word_1_221' title='bbox 1598 1893 1889 1934; x_wconf 85' lang='lat' dir='ltr'>intellectum</span> 
     </span>
     <span class='ocr_line' id='line_1_26' title="bbox 242 1964 1887 2020; baseline -0.003 -11"><span class='ocrx_word' id='word_1_222' title='bbox 242 1968 290 2009; x_wconf 90' lang='lat' dir='ltr'>in</span> <span class='ocrx_word' id='word_1_223' title='bbox 312 1968 585 2020; x_wconf 90' lang='lat' dir='ltr'>obsequium</span> <span class='ocrx_word' id='word_1_224' title='bbox 607 1966 712 2007; x_wconf 88' lang='lat' dir='ltr'>fidei</span> <span class='ocrx_word' id='word_1_225' title='bbox 734 1966 998 2018; x_wconf 87' lang='lat' dir='ltr'>captiuans,</span> <span class='ocrx_word' id='word_1_226' title='bbox 1021 1964 1215 2005; x_wconf 85' lang='lat' dir='ltr'>firmiter</span> <span class='ocrx_word' id='word_1_227' title='bbox 1240 1964 1442 2016; x_wconf 74' lang='lat' dir='ltr'>posthac</span> <span class='ocrx_word' id='word_1_228' title='bbox 1470 1976 1519 2004; x_wconf 93' lang='lat' dir='ltr'>se</span> <span class='ocrx_word' id='word_1_229' title='bbox 1541 1965 1734 2004; x_wconf 85' lang='lat' dir='ltr'>credere</span> <span class='ocrx_word' id='word_1_230' title='bbox 1763 1965 1887 2005; x_wconf 92' lang='lat' dir='ltr'>dein-</span> 
     </span>
     <span class='ocr_line' id='line_1_27' title="bbox 242 2035 1889 2091; baseline -0.003 -11"><span class='ocrx_word' id='word_1_231' title='bbox 242 2051 355 2091; x_wconf 89' lang='lat' dir='ltr'>ceps</span> <span class='ocrx_word' id='word_1_232' title='bbox 376 2040 496 2080; x_wconf 86' lang='lat' dir='ltr'>velle</span> <span class='ocrx_word' id='word_1_233' title='bbox 513 2038 727 2091; x_wconf 89' lang='lat' dir='ltr'>promisit</span> <span class='ocrx_word' id='word_1_234' title='bbox 743 2036 964 2089; x_wconf 92' lang='lat' dir='ltr'>quicquid</span> <span class='ocrx_word' id='word_1_235' title='bbox 981 2042 1147 2076; x_wconf 84' lang='lat' dir='ltr'>sancta</span> <span class='ocrx_word' id='word_1_236' title='bbox 1164 2047 1360 2076; x_wconf 87' lang='lat' dir='ltr'>romana</span> <span class='ocrx_word' id='word_1_237' title='bbox 1382 2036 1582 2076; x_wconf 88' lang='lat' dir='ltr'>ecclesia</span> <span class='ocrx_word' id='word_1_238' title='bbox 1601 2035 1889 2076; x_wconf 87' lang='lat' dir='ltr'>credendum</span> 
     </span>
     <span class='ocr_line' id='line_1_28' title="bbox 243 2107 1888 2161; baseline -0.004 -9"><span class='ocrx_word' id='word_1_239' title='bbox 243 2111 420 2161; x_wconf 89' lang='lat' dir='ltr'>statuit,</span> <span class='ocrx_word' id='word_1_240' title='bbox 446 2117 489 2151; x_wconf 93' lang='lat' dir='ltr'>et</span> <span class='ocrx_word' id='word_1_241' title='bbox 511 2122 616 2150; x_wconf 88' lang='lat' dir='ltr'>cum</span> <span class='ocrx_word' id='word_1_242' title='bbox 640 2110 728 2150; x_wconf 88' lang='lat' dir='ltr'>hac</span> <span class='ocrx_word' id='word_1_243' title='bbox 762 2108 850 2148; x_wconf 90' lang='lat' dir='ltr'>fide</span> <span class='ocrx_word' id='word_1_244' title='bbox 885 2115 930 2148; x_wconf 88' lang='lat' dir='ltr'>et</span> <span class='ocrx_word' id='word_1_245' title='bbox 965 2107 1306 2159; x_wconf 88' lang='lat' dir='ltr'>protestatione</span> <span class='ocrx_word' id='word_1_246' title='bbox 1328 2113 1686 2147; x_wconf 88' lang='lat' dir='ltr'>sacrosanctum</span> <span class='ocrx_word' id='word_1_247' title='bbox 1707 2107 1888 2147; x_wconf 80' lang='lat' dir='ltr'>Eucha-</span> 
     </span>
     <span class='ocr_line' id='line_1_29' title="bbox 242 2177 1882 2230; baseline -0.004 -6"><span class='ocrx_word' id='word_1_248' title='bbox 242 2183 405 2224; x_wconf 87' lang='lat' dir='ltr'>ristiae</span> <span class='ocrx_word' id='word_1_249' title='bbox 441 2189 792 2223; x_wconf 87' lang='lat' dir='ltr'>sacramentum</span> <span class='ocrx_word' id='word_1_250' title='bbox 828 2187 1099 2220; x_wconf 76' lang='lat' dir='ltr'>reuerentes</span> <span class='ocrx_word' id='word_1_251' title='bbox 1141 2178 1243 2230; x_wconf 88' lang='lat' dir='ltr'>ipso</span> <span class='ocrx_word' id='word_1_252' title='bbox 1282 2178 1401 2218; x_wconf 90' lang='lat' dir='ltr'>festo</span> <span class='ocrx_word' id='word_1_253' title='bbox 1442 2177 1656 2219; x_wconf 87' lang='lat' dir='ltr'>Paschae</span> <span class='ocrx_word' id='word_1_254' title='bbox 1693 2178 1882 2230; x_wconf 91' lang='lat' dir='ltr'>recepit.</span> 
     </span>
     <span class='ocr_line' id='line_1_30' title="bbox 242 2250 1889 2307; baseline -0.003 -12"><span class='ocrx_word' id='word_1_255' title='bbox 242 2254 445 2307; x_wconf 88' lang='lat' dir='ltr'>Quidam</span> <span class='ocrx_word' id='word_1_256' title='bbox 466 2254 600 2303; x_wconf 88' lang='lat' dir='ltr'>alius,</span> <span class='ocrx_word' id='word_1_257' title='bbox 624 2252 933 2293; x_wconf 87' lang='lat' dir='ltr'>concionibus</span> <span class='ocrx_word' id='word_1_258' title='bbox 955 2257 1124 2301; x_wconf 84' lang='lat' dir='ltr'>motuS,</span> <span class='ocrx_word' id='word_1_259' title='bbox 1148 2251 1323 2302; x_wconf 91' lang='lat' dir='ltr'>pluries</span> <span class='ocrx_word' id='word_1_260' title='bbox 1340 2262 1367 2290; x_wconf 92' lang='lat' dir='ltr'>a</span> <span class='ocrx_word' id='word_1_261' title='bbox 1384 2250 1518 2290; x_wconf 88' lang='lat' dir='ltr'>nobis</span> <span class='ocrx_word' id='word_1_262' title='bbox 1537 2252 1737 2302; x_wconf 80' lang='lat' dir='ltr'>supplex</span> <span class='ocrx_word' id='word_1_263' title='bbox 1754 2251 1889 2301; x_wconf 91' lang='lat' dir='ltr'>petiit</span> 
     </span>
     <span class='ocr_line' id='line_1_31' title="bbox 241 2320 1887 2372; baseline -0.003 -5"><span class='ocrx_word' id='word_1_264' title='bbox 241 2327 290 2367; x_wconf 91' lang='lat' dir='ltr'>in</span> <span class='ocrx_word' id='word_1_265' title='bbox 312 2324 687 2366; x_wconf 78' lang='lat' dir='ltr'>confessionibus</span> <span class='ocrx_word' id='word_1_266' title='bbox 707 2322 719 2341; x_wconf 76' lang='lat'>⁵</span> <span class='ocrx_word' id='word_1_267' title='bbox 759 2334 893 2363; x_wconf 91' lang='lat' dir='ltr'>suam</span> <span class='ocrx_word' id='word_1_268' title='bbox 915 2321 1254 2362; x_wconf 89' lang='lat' dir='ltr'>conscientiam</span> <span class='ocrx_word' id='word_1_269' title='bbox 1276 2321 1533 2370; x_wconf 86' lang='lat' dir='ltr'>declarare,</span> <span class='ocrx_word' id='word_1_270' title='bbox 1558 2320 1682 2372; x_wconf 91' lang='lat' dir='ltr'>quod</span> <span class='ocrx_word' id='word_1_271' title='bbox 1698 2321 1887 2362; x_wconf 88' lang='lat' dir='ltr'>tandem</span> 
     </span>
     <span class='ocr_line' id='line_1_32' title="bbox 242 2393 1889 2450; baseline -0.004 -12"><span class='ocrx_word' id='word_1_272' title='bbox 242 2404 435 2450; x_wconf 89' lang='lat' dir='ltr'>propter</span> <span class='ocrx_word' id='word_1_273' title='bbox 456 2395 793 2448; x_wconf 86' lang='lat' dir='ltr'>occupationes</span> <span class='ocrx_word' id='word_1_274' title='bbox 827 2394 909 2434; x_wconf 85' lang='lat' dir='ltr'>vix</span> <span class='ocrx_word' id='word_1_275' title='bbox 941 2393 1155 2433; x_wconf 86' lang='lat' dir='ltr'>obtinuit:</span> <span class='ocrx_word' id='word_1_276' title='bbox 1194 2393 1273 2445; x_wconf 92' lang='lat' dir='ltr'>qui</span> <span class='ocrx_word' id='word_1_277' title='bbox 1308 2404 1400 2433; x_wconf 91' lang='lat' dir='ltr'>non</span> <span class='ocrx_word' id='word_1_278' title='bbox 1436 2394 1588 2433; x_wconf 89' lang='lat' dir='ltr'>solum</span> <span class='ocrx_word' id='word_1_279' title='bbox 1612 2393 1889 2433; x_wconf 86' lang='lat' dir='ltr'>haeresibus</span> 
     </span>
     <span class='ocr_line' id='line_1_33' title="bbox 242 2464 1890 2516; baseline -0.004 -6"><span class='ocrx_word' id='word_1_280' title='bbox 242 2470 389 2510; x_wconf 86' lang='lat' dir='ltr'>variis</span> <span class='ocrx_word' id='word_1_281' title='bbox 412 2467 712 2516; x_wconf 86' lang='lat' dir='ltr'>adhaerebat,</span> <span class='ocrx_word' id='word_1_282' title='bbox 736 2466 819 2506; x_wconf 90' lang='lat' dir='ltr'>sed</span> <span class='ocrx_word' id='word_1_283' title='bbox 850 2465 967 2506; x_wconf 89' lang='lat' dir='ltr'>alios</span> <span class='ocrx_word' id='word_1_284' title='bbox 994 2476 1179 2516; x_wconf 91' lang='lat' dir='ltr'>quoque</span> <span class='ocrx_word' id='word_1_285' title='bbox 1201 2464 1468 2514; x_wconf 89' lang='lat' dir='ltr'>inducebat,</span> <span class='ocrx_word' id='word_1_286' title='bbox 1501 2465 1594 2505; x_wconf 92' lang='lat' dir='ltr'>imo</span> <span class='ocrx_word' id='word_1_287' title='bbox 1631 2474 1807 2515; x_wconf 89' lang='lat' dir='ltr'>magna</span> <span class='ocrx_word' id='word_1_288' title='bbox 1827 2475 1890 2504; x_wconf 82' lang='lat' dir='ltr'>ex</span> 
     </span>
     <span class='ocr_line' id='line_1_34' title="bbox 240 2534 1889 2592; baseline -0.004 -11"><span class='ocrx_word' id='word_1_289' title='bbox 240 2547 375 2592; x_wconf 89' lang='lat' dir='ltr'>parte</span> <span class='ocrx_word' id='word_1_290' title='bbox 397 2550 541 2580; x_wconf 86' lang='lat' dir='ltr'>causa</span> <span class='ocrx_word' id='word_1_291' title='bbox 567 2537 721 2578; x_wconf 84' lang='lat' dir='ltr'>fuerat</span> <span class='ocrx_word' id='word_1_292' title='bbox 748 2544 793 2577; x_wconf 90' lang='lat' dir='ltr'>et</span> <span class='ocrx_word' id='word_1_293' title='bbox 828 2537 1068 2576; x_wconf 89' lang='lat' dir='ltr'>consultor</span> <span class='ocrx_word' id='word_1_294' title='bbox 1103 2535 1202 2575; x_wconf 89' lang='lat' dir='ltr'>eius</span> <span class='ocrx_word' id='word_1_295' title='bbox 1237 2535 1460 2575; x_wconf 86' lang='lat' dir='ltr'>horrendi</span> <span class='ocrx_word' id='word_1_296' title='bbox 1494 2534 1734 2586; x_wconf 86' lang='lat' dir='ltr'>facinoris,</span> <span class='ocrx_word' id='word_1_297' title='bbox 1759 2534 1889 2587; x_wconf 91' lang='lat' dir='ltr'>quod</span> 
     </span>
     <span class='ocr_line' id='line_1_35' title="bbox 244 2606 1887 2661; baseline -0.004 -9"><span class='ocrx_word' id='word_1_298' title='bbox 244 2612 318 2652; x_wconf 90' lang='lat' dir='ltr'>hic</span> <span class='ocrx_word' id='word_1_299' title='bbox 339 2611 546 2652; x_wconf 79' lang='lat' dir='ltr'>Tornaci</span> <span class='ocrx_word' id='word_1_300' title='bbox 565 2610 667 2661; x_wconf 88' lang='lat' dir='ltr'>ipso</span> <span class='ocrx_word' id='word_1_301' title='bbox 689 2608 809 2649; x_wconf 90' lang='lat' dir='ltr'>festo</span> <span class='ocrx_word' id='word_1_302' title='bbox 831 2606 1104 2648; x_wconf 88' lang='lat' dir='ltr'>Natiuitatis</span> <span class='ocrx_word' id='word_1_303' title='bbox 1132 2606 1321 2647; x_wconf 90' lang='lat' dir='ltr'>Domini</span> <span class='ocrx_word' id='word_1_304' title='bbox 1343 2606 1557 2658; x_wconf 87' lang='lat' dir='ltr'>proxime</span> <span class='ocrx_word' id='word_1_305' title='bbox 1585 2607 1747 2658; x_wconf 89' lang='lat' dir='ltr'>elapso</span> <span class='ocrx_word' id='word_1_306' title='bbox 1780 2617 1887 2646; x_wconf 91' lang='lat' dir='ltr'>con—</span> 
     </span>
     <span class='ocr_line' id='line_1_36' title="bbox 243 2676 1891 2733; baseline -0.004 -10"><span class='ocrx_word' id='word_1_307' title='bbox 243 2683 440 2733; x_wconf 85' lang='lat' dir='ltr'>tigerat,</span> <span class='ocrx_word' id='word_1_308' title='bbox 482 2680 705 2722; x_wconf 89' lang='lat' dir='ltr'>videlicet</span> <span class='ocrx_word' id='word_1_309' title='bbox 735 2679 857 2731; x_wconf 92' lang='lat' dir='ltr'>quod</span> <span class='ocrx_word' id='word_1_310' title='bbox 893 2679 1222 2719; x_wconf 89' lang='lat' dir='ltr'>conculcatum</span> <span class='ocrx_word' id='word_1_311' title='bbox 1255 2676 1408 2717; x_wconf 89' lang='lat' dir='ltr'>fuerat</span> <span class='ocrx_word' id='word_1_312' title='bbox 1448 2683 1546 2717; x_wconf 88' lang='lat' dir='ltr'>tarn</span> <span class='ocrx_word' id='word_1_313' title='bbox 1573 2677 1891 2729; x_wconf 84' lang='lat' dir='ltr'>impudenter</span> 
     </span>
     <span class='ocr_line' id='line_1_37' title="bbox 245 2747 1881 2805; baseline -0.004 -11"><span class='ocrx_word' id='word_1_314' title='bbox 245 2753 440 2805; x_wconf 90' lang='lat' dir='ltr'>pedibus</span> <span class='ocrx_word' id='word_1_315' title='bbox 461 2757 819 2792; x_wconf 90' lang='lat' dir='ltr'>sacrosanctum</span> <span class='ocrx_word' id='word_1_316' title='bbox 853 2760 1026 2801; x_wconf 87' lang='lat' dir='ltr'>corpus</span> <span class='ocrx_word' id='word_1_317' title='bbox 1061 2748 1251 2789; x_wconf 88' lang='lat' dir='ltr'>Christi:</span> <span class='ocrx_word' id='word_1_318' title='bbox 1275 2747 1350 2788; x_wconf 91' lang='lat' dir='ltr'>hic</span> <span class='ocrx_word' id='word_1_319' title='bbox 1381 2753 1478 2788; x_wconf 90' lang='lat' dir='ltr'>tam</span> <span class='ocrx_word' id='word_1_320' title='bbox 1511 2748 1634 2789; x_wconf 89' lang='lat' dir='ltr'>serio</span> <span class='ocrx_word' id='word_1_321' title='bbox 1656 2748 1789 2789; x_wconf 87' lang='lat' dir='ltr'>visus</span> <span class='ocrx_word' id='word_1_322' title='bbox 1810 2753 1881 2787; x_wconf 86' lang='lat' dir='ltr'>est</span> 
     </span>
    </p>
   </div>
   <div class='ocr_carea' id='block_1_3' title="bbox 247 2847 513 2850">
    <p class='ocr_par' dir='ltr' id='par_1_3' title="bbox 247 2847 513 2850">
     <span class='ocr_line' id='line_1_38' title="bbox 247 2847 513 2850; baseline 0 0"><span class='ocrx_word' id='word_1_323' title='bbox 247 2847 513 2850; x_wconf 95' lang='lat' dir='ltr'> </span> 
     </span>
    </p>
   </div>
   <div class='ocr_carea' id='block_1_4' title="bbox 299 2887 1075 3018">
    <p class='ocr_par' dir='ltr' id='par_1_4' title="bbox 299 2887 1075 3018">
     <span class='ocr_line' id='line_1_39' title="bbox 302 2887 744 2922; baseline -0.005 -7"><span class='ocrx_word' id='word_1_324' title='bbox 302 2888 310 2907; x_wconf 85' lang='lat'><strong>¹</strong></span> <span class='ocrx_word' id='word_1_325' title='bbox 352 2888 389 2915; x_wconf 82' lang='lat' dir='ltr'>id</span> <span class='ocrx_word' id='word_1_326' title='bbox 404 2895 547 2922; x_wconf 84' lang='lat' dir='ltr'>negare.</span> <span class='ocrx_word' id='word_1_327' title='bbox 564 2887 744 2914; x_wconf 84' lang='lat' dir='ltr'>Polancus.</span> 
     </span>
     <span class='ocr_line' id='line_1_40' title="bbox 300 2933 750 2970; baseline -0.007 -7"><span class='ocrx_word' id='word_1_328' title='bbox 300 2937 313 2955; x_wconf 75' lang='lat'><strong>2</strong></span> <span class='ocrx_word' id='word_1_329' title='bbox 351 2943 499 2970; x_wconf 83' lang='lat' dir='ltr'>quorum</span> <span class='ocrx_word' id='word_1_330' title='bbox 522 2934 687 2970; x_wconf 82' lang='lat' dir='ltr'>plurimi.</span> <span class='ocrx_word' id='word_1_331' title='bbox 701 2933 750 2961; x_wconf 93' lang='lat' dir='ltr'>Id.</span> 
     </span>
     <span class='ocr_line' id='line_1_41' title="bbox 299 2979 1075 3018; baseline -0.005 -7"><span class='ocrx_word' id='word_1_332' title='bbox 299 2984 314 3004; x_wconf 79' lang='lat'>3</span> <span class='ocrx_word' id='word_1_333' title='bbox 351 2984 451 3018; x_wconf 82' lang='lat' dir='ltr'>petiit</span> <span class='ocrx_word' id='word_1_334' title='bbox 466 2985 504 3010; x_wconf 81' lang='lat' dir='ltr'>ut</span> <span class='ocrx_word' id='word_1_335' title='bbox 518 2983 589 3010; x_wconf 81' lang='lat' dir='ltr'>sibi</span> <span class='ocrx_word' id='word_1_336' title='bbox 603 2982 727 3009; x_wconf 78' lang='lat' dir='ltr'>liceret</span> <span class='ocrx_word' id='word_1_337' title='bbox 741 2981 773 3008; x_wconf 89' lang='lat' dir='ltr'>in</span> <span class='ocrx_word' id='word_1_338' title='bbox 790 2979 1012 3010; x_wconf 80' lang='lat' dir='ltr'>consessione.</span> <span class='ocrx_word' id='word_1_339' title='bbox 1026 2979 1075 3008; x_wconf 68' lang='lat' dir='ltr'>id.</span> 
     </span>
    </p>
   </div>
   <div class='ocr_carea' id='block_1_5' title="bbox 1362 2911 1384 2928">
    <p class='ocr_par' dir='ltr' id='par_1_5' title="bbox 1362 2911 1384 2928">
     <span class='ocr_line' id='line_1_42' title="bbox 1362 2911 1384 2928; baseline 0 0"><span class='ocrx_word' id='word_1_340' title='bbox 1362 2911 1384 2928; x_wconf 75' lang='lat'><em>0</em></span> 
     </span>
    </p>
   </div>
  </div>
 </body>
</html>
