2047 3179
823 153 905 191 ΑΝ.
937 154 1028 191 1555
1679 158 1751 197 083

118 250 185 289 ire
213 261 304 289 non
332 261 536 301 possum.
574 250 666 291 Res
699 262 813 302 ergo
841 252 906 292 ita
939 263 988 292 se
1021 252 1173 292 habet.
1204 252 1494 294 Adolescens
1526 256 1599 295 liic
1635 257 1748 296 diui-

118 332 178 360 no
202 320 266 370 (ut
289 321 479 361 credere
501 321 694 372 dignum
717 326 801 370 est)
820 322 984 373 spiritu
1007 329 1174 372 tactus,
1195 330 1239 363 et
1256 331 1442 375 patrum
1459 325 1748 378 fratrumque

118 398 389 431 nostrorum
424 392 520 432 uita
552 398 689 444 atque
720 394 934 444 exemplo
970 393 1205 444 incitatus,
1243 394 1289 434 in
1325 396 1532 435 animum
1567 397 1748 437 induxit

117 472 252 501 suum
275 460 558 502 Societatem
578 469 789 504 nostram
817 463 1014 515 ingredi,
1039 464 1170 504 cuius
1198 465 1264 504 rei
1297 464 1417 505 R.d1¹S
1440 465 1489 505 P.
1519 467 1746 518 Baptista,

117 543 200 583 per
221 532 436 573 iuuenem
453 533 605 584 ipsum
627 535 799 575 certior
820 535 970 575 factus
992 535 1231 587 respondit
1251 542 1299 576 ut
1318 537 1506 577 omnino
1523 538 1750 579 diffideret

115 614 166 642 se
188 603 375 654 assequi
391 615 529 654 posse
546 605 669 656 quod
686 606 891 657 optabat,
912 606 1000 646 nisi
1017 607 1146 657 prius
1163 607 1327 647 matris
1349 619 1478 658 suae,
1502 615 1545 648 et
1568 621 1746 661 eorum,

116 673 195 724 qui
216 673 360 724 ipsius
382 685 544 714 curam
566 675 754 726 habent,
778 677 1068 717 uoluntatem
1095 685 1347 718 uenaretur
1379 678 1484 728 (hoc
1513 680 1637 719 enim
1666 680 1747 720 im-

114 749 298 784 matura
321 744 419 784 eius
441 752 572 785 aetas
593 747 888 797 postulabat).
908 747 1003 787 Nec
1022 749 1215 787 multum
1233 749 1455 800 temporis
1474 750 1744 800 interfluxit,

115 814 228 866 quin
246 815 320 854 ille
342 813 495 855 Patris
518 817 665 857 nostri
682 816 812 868 jussa
834 824 1142 869 exequeretur
1172 819 1403 871 matrique
1432 832 1530 860 rem
1562 833 1747 862 omnem

115 884 341 925 indicauit
364 886 514 937 (pater
535 899 737 939 namque
760 889 971 939 obierat);
995 900 1114 941 quae
1132 897 1312 930 tantum
1335 891 1466 931 abest
1483 898 1533 931 ut
1550 893 1703 933 aliena
1720 904 1747 932 a

115 956 195 996 filii
216 957 447 997 sententia
470 957 623 1008 fuerit,
644 965 692 998 ut
714 959 854 999 etiam
872 959 1034 1000 eodem
1052 973 1235 1012 quoque
1253 961 1477 1011 flagraret
1495 963 1742 1014 desiderio,

113 1027 246 1067 cuius
267 1027 334 1067 rei
354 1039 535 1079 preces,
561 1041 678 1080 quas
700 1030 758 1070 ad
781 1031 1145 1082 omnipotentem
1162 1031 1314 1072 Deum
1332 1032 1507 1083 effudit,
1526 1034 1662 1074 nobis
1678 1046 1749 1074 ar-

111 1105 334 1149 gumento
356 1110 458 1139 esse
480 1107 690 1150 possunt.
713 1100 847 1151 Nam,
867 1107 915 1141 ut
937 1102 1210 1142 adolescens
1231 1103 1363 1143 nobis
1386 1111 1548 1155 postea
1566 1105 1742 1155 retulit,

112 1168 214 1220 ipsa
244 1169 441 1217 genibus
458 1172 705 1221 prouoluta
727 1172 1013 1212 immortales
1040 1173 1141 1213 Deo
1161 1174 1341 1224 gratias
1363 1175 1472 1226 egit,
1497 1175 1620 1227 quod
1643 1187 1747 1216 eam

111 1246 315 1281 mentem
342 1241 640 1293 animumque
668 1241 914 1283 donauerit
941 1243 1048 1284 filio.
1079 1244 1236 1284 Noluit
1264 1251 1421 1285 tamen
1452 1247 1581 1297 prius
1616 1252 1744 1298 pote·

108 1316 280 1351 statem
296 1311 358 1350 illi
375 1311 530 1352 facere
547 1323 687 1363 quam
703 1312 883 1353 iuuenis
899 1325 1039 1354 auum
1054 1316 1316 1356 consuleret
1334 1316 1632 1369 animumque
1645 1323 1742 1357 ten-

114 1387 249 1432 taret,
270 1383 348 1433 qui
364 1382 592 1433 principio
605 1395 698 1423 non
716 1385 881 1435 renuit,
896 1385 1040 1424 voluit
1053 1392 1209 1425 tamen
1228 1387 1348 1426 scire
1367 1394 1549 1428 essetne
1562 1388 1745 1429 iuuenis

111 1458 273 1493 nostro
296 1453 487 1493 hortatu
510 1455 555 1493 in
582 1466 683 1494 eam
712 1455 991 1495 sententiam
1020 1456 1261 1507 ingressus
1287 1469 1448 1509 necne;
1480 1471 1676 1511 cumque
1698 1460 1745 1500 id

111 1524 300 1564 minime
317 1535 479 1563 uerum
499 1536 600 1564 esse
617 1526 936 1576 comperisset,
954 1527 1127 1577 placuit
1146 1529 1328 1579 nepotis
1346 1529 1550 1569 animum
1566 1531 1743 1581 experi-

112 1595 166 1645 ri,
190 1594 514 1646 pollicitusque
536 1601 606 1635 est
627 1607 865 1647 nunquam
887 1608 936 1637 se
964 1597 1270 1638 deducturum
1291 1599 1347 1639 de
1371 1598 1487 1652 [sua]
1512 1602 1744 1641 sententia

110 1666 342 1717 iuuenem,
367 1666 405 1706 si
422 1666 560 1706 modo
583 1667 680 1718 ipse
703 1667 748 1706 in
769 1680 822 1707 ea
845 1669 1148 1719 permanebit.
1174 1670 1304 1711 Haec
1327 1671 1481 1711 omnia
1505 1678 1611 1712 acta
1631 1679 1739 1712 sunt

108 1736 289 1776 iuuenis
311 1742 478 1788 patruo
501 1737 662 1787 inscio,
686 1738 769 1777 sub
788 1739 920 1778 cuius
940 1741 1083 1779 tutela
1106 1740 1179 1780 ille
1201 1746 1284 1791 est3
1310 1742 1387 1792 qui
1409 1753 1514 1782 cum
1535 1742 1742 1793 primum

108 1819 208 1848 rem
226 1808 465 1859 cognouit,
490 1808 725 1859 prohibuit
746 1821 803 1848 ne
825 1810 884 1849 ad
905 1816 1091 1851 nostras
1113 1811 1299 1851 scholas
1321 1813 1519 1864 amplius
1542 1814 1738 1862 ueniret,

106 1890 303 1930 sperans
337 1890 386 1918 se
420 1879 508 1919 hoc
547 1878 683 1918 modo
710 1879 846 1920 facile
882 1892 1158 1921 auersurum
1191 1894 1217 1921 a
1255 1883 1390 1923 nobis
1427 1883 1738 1924 adolescentis

109 1950 332 2001 animum,
356 1950 437 1990 sed
458 1951 601 1990 multo
625 1951 758 1990 aliter
780 1963 829 1990 se
851 1963 926 1991 res
942 1952 1117 1993 habuit.
1143 1952 1262 1993 Nam
1279 1954 1366 1994 etsi
1382 1954 1457 1994 ille
1476 1954 1535 1994 ad
1555 1955 1742 1995 scholas

106 2032 200 2060 non
221 2021 394 2071 ueniat,
425 2027 582 2060 tamen
611 2021 862 2072 aliquando
891 2022 1009 2062 fallit
1040 2029 1259 2074 patruum
1288 2030 1332 2064 et
1359 2025 1418 2064 ad
1445 2037 1532 2065 nos
1561 2037 1611 2065 se
1633 2038 1739 2066 con-

105 2091 209 2141 fert,
233 2098 446 2131 nostrum
469 2092 725 2142 implorans
749 2093 988 2134 auxilium.
1014 2093 1152 2135 Pater
1174 2101 1330 2135 tamen
1355 2095 1562 2147 Joannes
1583 2097 1738 2148 Bapti-

107 2168 180 2202 sta
203 2162 503 2202 immaturam
525 2163 622 2202 eius
645 2170 846 2204 aetatem
869 2170 1106 2216 causatur,
1137 2178 1194 2206 ne
1216 2167 1255 2206 si
1276 2167 1393 2206 forte
1414 2167 1566 2218 ipsum
1597 2167 1739 2208 admi-

105 2232 242 2273 sisset
263 2233 408 2273 inuito
432 2239 599 2284 patruo
623 2233 718 2285 (qui
739 2246 794 2274 ex
815 2235 1096 2286 primoribus
1124 2237 1250 2277 urbis
1279 2238 1379 2288 est),
1404 2238 1529 2278 fama
1552 2250 1634 2290 per
1665 2250 1737 2278 ur-

104 2303 210 2344 bem
231 2311 445 2344 manaret
466 2316 636 2355 pueros
666 2304 982 2346 familiaritate
1004 2314 1164 2348 nostra
1187 2308 1308 2348 allici
1341 2320 1396 2348 ac
1429 2309 1594 2361 decipi;
1618 2321 1739 2361 quae

106 2386 181 2414 res
202 2386 295 2414 non
313 2386 512 2426 paruum
529 2375 703 2415 nostris
722 2376 896 2416 scholis
913 2377 1105 2419 afferret
1124 2379 1467 2420 detrimentum.
1485 2379 1541 2420 R.
1566 2380 1614 2420 Ρ.
1634 2380 1735 2420 Tua

105 2445 234 2485 illum
256 2445 356 2485 Deo
379 2446 476 2485 suis
499 2446 788 2486 orationibus
818 2448 1127 2500 commendet,
1158 2461 1331 2501 magna
1362 2450 1484 2490 enim
1507 2463 1580 2491 me
1612 2457 1738 2491 tenet

103 2506 212 2566 spes
235 2516 486 2566 aliquando
510 2517 698 2556 tandem
719 2517 994 2568 religionem
1015 2526 1224 2560 nostram
1246 2521 1585 2571 ingressurum.

184 2586 267 2626 Est
289 2587 429 2626 etiam
453 2588 584 2637 alter,
618 2588 696 2639 qui
717 2588 881 2628 eodem
910 2601 1092 2641 quoque
1114 2597 1297 2631 tenetur
1326 2593 1574 2643 desiderio,
1603 2593 1736 2633 cuius

105 2657 172 2697 rei
198 2658 353 2708 gratia
380 2664 563 2708 patrem
590 2659 635 2698 in
666 2660 914 2710 collegium
941 2668 1154 2702 nostrum
1182 2663 1391 2712 adduxit,
1428 2664 1507 2715 qui
1528 2664 1737 2704 animum

103 2727 183 2767 filii
205 2728 401 2768 summis
423 2729 637 2768 laudibus
658 2731 717 2770 ad
739 2732 918 2770 coelum
941 2733 1119 2782 extulit,
1143 2734 1450 2786 promisitque
1472 2746 1564 2774 non
1585 2735 1738 2775 solum

101 2798 230 2838 illum
250 2811 343 2839 non
359 2799 703 2852 impediturum,
723 2801 762 2841 si
779 2802 824 2841 in
841 2802 1004 2843 eadem
1022 2805 1252 2845 sententia
1270 2805 1619 2856 permansisset,
1641 2805 1734 2846 imo

105 2869 235 2909 illum
259 2876 525 2910 currentem
546 2871 864 2912 incitaturum.

185 2940 284 2980 Hoc
309 2941 415 2992 quia
445 2942 655 2982 nonnihil
685 2944 869 2994 gratiae
900 2945 1071 2985 habere
1094 2947 1353 2998 uidebatur,
1386 2960 1630 2989 recensere
1658 2961 1736 2989 uo·
