2047 3179
171 147 242 184 124
685 148 914 186 LITTERAE
941 158 1302 191 QUADRlMEsTREs

169 244 381 296 ipsarum
403 245 649 285 confessae
670 250 779 285 sunt
798 244 1101 296 generaliter,
1125 245 1245 286 aliae
1268 252 1426 285 autem
1446 245 1597 296 ipsam
1621 256 1819 296 genera-

168 316 261 355 lem
282 315 627 357 consessionem
648 321 833 368 parant.
857 315 941 356 Est
963 322 1091 356 certe
1110 316 1234 357 unde
1252 316 1489 368 possimus
1507 316 1702 357 laudare
1724 316 1818 357 Do—

168 387 362 438 minum,
378 387 580 428 videndo
593 399 684 439 quo
696 387 883 427 feruore
895 387 1078 438 (ducem
1093 398 1225 428 suam
1242 387 1523 439 Principem,
1539 387 1817 440 discipulam

168 457 325 499 Patris
343 459 493 499 nostri
514 457 774 509 Francisci,
793 458 1047 509 imitantes)
1069 458 1334 510 profectum
1350 458 1644 510 spiritualem
1660 470 1818 511 prose-

162 535 386 580 quantur,
404 536 453 570 ut
476 535 603 570 certe
618 529 773 581 potius
794 529 1131 571 monasterium
1150 529 1423 570 monialium
1439 529 1657 570 videatur
1673 541 1815 582 quam

163 601 278 641 aula
300 601 447 652 regia.
472 601 672 642 Caetera
698 601 926 641 exercitia
953 607 998 641 et
1019 601 1354 653 occupationes
1375 600 1542 641 solitae
1563 599 1814 642 Societatis

169 677 377 723 nostrae,
400 678 497 713 tam
527 672 651 712 intra
683 671 888 722 domum,
919 684 1061 724 quam
1083 678 1234 723 extra,
1260 683 1379 724 quae
1399 671 1645 712 breuitatis
1667 683 1814 713 causa

162 743 347 795 omitto,
385 744 616 795 largiente
638 742 858 794 Domino,
896 755 989 784 non
1017 744 1405 793 intermittuntur,
1441 743 1523 783 sed
1550 743 1706 795 potius
1735 755 1814 784 au-

165 821 352 865 gentur.
376 815 447 855 Tu
468 815 670 866 interim,
693 814 748 855 R.
779 815 826 855 in
853 814 1041 856 Christo
1068 814 1230 865 Pater,
1264 814 1576 855 sanctissimis
1604 814 1697 855 tuis
1728 815 1813 855 im-

161 886 343 937 primis,
368 885 534 926 deinde
555 886 756 927 aliorum
782 885 975 927 Patrum
996 898 1052 927 ac
1072 886 1272 927 fratrum
1294 885 1684 927 charissimorum
1705 897 1810 927 ora-

167 957 386 1008 tionibus,
413 955 532 1010 [nos]
556 957 911 998 commendatos
932 957 1068 998 habe.

246 1027 319 1068 Ex
354 1028 525 1080 oppido
561 1028 842 1080 Vallisoleti,
871 1029 1023 1081 primo
1058 1027 1280 1069 calendas
1315 1027 1604 1080 Septembris
1643 1029 1813 1069 milles.

159 1099 462 1151 quingentes.
487 1101 796 1153 quinquages.
820 1107 1003 1153 quarto.

1316 1243 1596 1286 DOMENECH.

246 1531 602 1585 Superscrz'ptz'o
626 1531 675 1571 in
697 1535 872 1583 quarta
885 1536 1095 1583 pagena:
1127 1482 1240 1571 HTIS.
1264 1528 1536 1570 Admodum
1556 1529 1660 1570 R.d0
1684 1529 1814 1570 Patri

161 1605 211 1644 in
232 1603 421 1645 Christo
443 1603 573 1644 Patri
601 1609 765 1644 nostro
793 1602 854 1644 M.
879 1602 935 1643 de
956 1602 1154 1654 Loyola,
1189 1601 1466 1654 Praeposito
1488 1601 1709 1642 Generali
1730 1600 1816 1642 So-

156 1675 347 1716 cietatis
374 1675 493 1726 Iesu,
517 1674 712 1715 Romae.

172 1782 175 1783 ⁷
240 1746 354 1787 Alia
375 1758 536 1787 manu.
566 1746 682 1787 1554.
706 1745 992 1787 Valladolid.
1016 1745 1195 1786 Vltimo
1218 1744 1261 1785 d’
1286 1743 1484 1796 Agosto.

254 1818 518 1870 Vestigium
540 1829 673 1859 cerae
690 1818 863 1858 rubrae
884 1821 928 1858 et
948 1816 1119 1868 sigilli.
