2047 3179
186 202 261 239 206
709 199 938 238 LITTERAE
957 208 1319 243 QUADRIMESTRES

185 299 521 339 fundamentis.
546 298 654 338 Alia
676 296 944 338 huiusmodi
965 295 1302 348 praetermitto,
1329 293 1498 345 quibus
1514 292 1653 333 huius
1674 292 1836 334 Domi-

186 382 277 411 nae
297 381 584 423 propensam
605 380 720 420 erga
740 380 826 409 nos
849 369 1139 408 uoluntatem
1160 365 1297 406 facile
1321 364 1668 416 cognoscimus.

269 441 493 494 Superest
520 447 569 482 ut
595 447 836 493 postremo
857 441 961 480 loco
989 449 1143 490 pauca
1172 437 1228 477 de
1259 436 1424 476 studiis
1445 435 1620 476 nostris
1642 435 1833 475 adiicia-

189 525 307 554 mus.
332 514 401 554 Ea
417 513 575 565 itaque
596 518 703 564 post
721 511 929 551 omnium
950 509 1231 551 Sanctorum
1251 507 1394 547 ferias
1411 507 1758 557 innouauimus‚
1781 506 1832 546 li-

188 585 377 626 terariis
427 595 682 636 puerorum
727 581 1277 631 adolescentulorumque
1317 577 1734 618 exercitationibus
1777 576 1834 617 de

190 669 320 697 more
351 656 587 696 exhibitis:
627 654 808 707 quibus,
846 658 1033 704 praeter
1079 650 1321 702 copiosam
1356 648 1716 699 multitudinem,
1755 648 1838 688 filii

188 728 336 769 Ducis
355 733 469 768 natu
491 728 709 776 maiores,
734 725 891 766 multis
912 723 1031 774 septi
1057 722 1306 772 nobilibUS,
1331 721 1595 761 adfuerunt:
1633 731 1837 773 quorum

189 805 344 840 aetate
366 799 608 850 grandior,
631 798 710 849 qui
731 797 777 836 in
798 796 946 836 literis
967 801 1064 835 tam
1085 793 1273 845 graecis
1295 804 1437 844 quam
1470 792 1629 833 latinis
1651 798 1721 832 est
1743 803 1839 832 me-

189 872 412 912 diocriter
448 875 680 919 uersatus,
718 868 896 908 nullum
924 867 1049 907 diem
1075 877 1222 918 aeque
1250 864 1506 905 iucundum
1534 870 1673 916 atque
1706 864 1837 904 illum

190 949 291 984 toto
313 955 362 983 se
385 954 508 983 anno
537 940 826 991 transegisse
848 938 988 979 matri
1019 937 1217 978 dicebat.
1242 935 1333 977 Sed
1363 947 1450 976 nec
1472 935 1638 986 reliqui
1660 935 1838 975 audito-

191 1026 268 1055 res
289 1015 519 1054 minorem
542 1024 600 1052 ex
622 1010 959 1063 disputantium
981 1021 1037 1050 ac
1058 1008 1360 1049 recitantium
1388 1007 1627 1047 celeritate
1658 1012 1703 1046 et
1732 1017 1838 1057 gra-

191 1087 259 1127 tia
278 1086 569 1137 uoluptatem
589 1087 916 1136 perceperunt,

272 1158 404 1199 Haec
422 1162 529 1197 sunt
551 1167 671 1207 quae
693 1153 943 1194 scribenda
956 1152 1190 1193 duximus.
1210 1151 1459 1203 Reliquum
1480 1156 1550 1191 est
1571 1155 1621 1190 ut
1642 1149 1696 1190 T.
1710 1149 1765 1190 R.
1786 1149 1835 1189 P.

193 1241 279 1270 nos
300 1241 359 1269 ex
381 1228 536 1268 animo
559 1225 957 1276 commendemus,
977 1224 1110 1265 cuius
1128 1223 1345 1275 precibus
1367 1228 1412 1263 et
1432 1221 1744 1262 sanctissimis
1765 1233 1837 1261 sa-

192 1299 384 1341 crificiis
413 1298 574 1349 adiuti,
604 1303 820 1338 nostram
846 1296 1065 1348 primum,
1090 1295 1256 1336 deinde
1286 1293 1612 1346 proximorum
1639 1293 1839 1333 salutem

193 1371 551 1423 diligentissime
573 1379 896 1420 procuremus.

274 1442 529 1493 Florentia,
555 1441 629 1481 die
650 1439 763 1481 XIX
782 1439 997 1492 Januarii
1017 1437 1212 1479 MDLV.

274 1514 327 1555 T.
347 1513 400 1554 R.
420 1513 468 1553 Ρ.
493 1512 847 1564 indignissimus
864 1512 912 1552 in
930 1510 1117 1552 Christo
1139 1521 1321 1560 seruus,

1321 1653 1419 1694 LEo
1450 1654 1622 1694 L1L1Us.

276 1873 632 1926 Superscrsptio
654 1873 704 1912 z'n
725 1875 901 1924 quarta
921 1871 1132 1924 pagina:
1161 1872 1189 1917 †
1210 1869 1481 1911 Admodum
1501 1867 1603 1909 R.d⁰
1633 1868 1681 1909 in
1711 1866 1843 1907 Chri-

192 1951 269 1986 sto
290 1945 420 1986 Patri
437 1944 623 1996 Ignatio
634 1944 690 1984 de
707 1943 904 1996 Loyola,
924 1942 1201 1994 Praeposito
1214 1940 1436 1982 Generali
1448 1939 1697 1982 Societatis
1712 1938 1822 1992 Jesu
1833 1970 1842 1977 .

199 2017 393 2058 Romae.

277 2088 390 2129 Alia
412 2101 573 2129 mmm.
603 2087 719 2128 1555.
742 2086 1000 2138 Florentia,
1029 2086 1076 2126 19
1095 2085 1324 2139 Januarii.

278 2161 342 2202 Et
362 2160 476 2201 alia.
500 2160 550 2201 P.
569 2161 727 2201 Leone
741 2157 1193 2210 Giglioli.—Huomo
1212 2162 1363 2208 santO,
1384 2156 1557 2197 sicome
1578 2155 1841 2207 pensiamo.
