2047 3179
893 148 976 184 AN.
1009 146 1099 183 1554
1751 147 1818 182 107

799 596 1197 651 CCCXXXVI

256 831 561 869 Ferdinandus
581 831 759 877 Gomez,

302 897 373 934 Ex
391 897 707 934 commissione
731 896 871 933 Patris
888 894 1219 932 Bartholomaei
1239 894 1508 940 FernandeZ,

355 964 472 1000 Patri
490 963 659 1009 Ignatio
680 962 732 999 de
749 961 931 1007 Loyola.

390 1029 670 1071 Salmantica,
693 1028 736 1064 15
759 1027 1014 1064 Decembris
1035 1025 1127 1063 1554
1146 1025 1171 1061 ¹.

954 1198 1051 1276 ulis

573 1374 839 1417 Admodum
860 1377 960 1417 R.<1e
991 1378 1128 1419 Pater
1152 1379 1198 1419 in
1220 1379 1422 1419 Christo.

267 1442 432 1483 Gratia
450 1451 494 1484 et
515 1457 609 1496 pax
626 1446 799 1487 Christi
820 1455 908 1489 etc.

263 1513 415 1554 Tanta
436 1522 506 1555 est
523 1517 666 1556 animi
687 1519 832 1558 nostri
864 1520 1055 1570 laetitia,
1094 1532 1199 1572 qua,
1223 1522 1398 1562 nuntiis
1426 1522 1533 1573 tuis,
1567 1522 1818 1562 admodum

181 1584 236 1624 R.
260 1584 328 1635 P.‚
365 1594 633 1628 nostrorum
667 1588 858 1630 Patrum
895 1590 1186 1644 fratrumque
1222 1593 1622 1644 charissimorum,
1660 1594 1737 1645 qui
1759 1594 1816 1633 ab

176 1656 253 1696 his
275 1657 543 1708 regionibus
566 1659 657 1700 huc
679 1661 813 1701 nobis
835 1661 1107 1713 afferuntur,
1145 1663 1414 1715 frequenter
1444 1664 1672 1705 afficimur
1694 1664 1724 1705 ⁶²:
1749 1671 1814 1713 ut,

180 1726 289 1767 ljcet
311 1728 444 1768 nobis
468 1729 748 1781 imperatum
769 1744 862 1772 non
883 1739 1006 1773 esset
1026 1734 1115 1774 nisi
1136 1736 1377 1786 quaternis
1405 1736 1663 1788 quibusque
1694 1748 1817 1776 men-

182 1797 311 1838 sibus
332 1800 493 1840 literas
514 1801 573 1841 ad
594 1809 638 1842 te
660 1803 857 1853 mittere,
883 1805 999 1844 alias
1020 1805 1161 1845 etiam
1183 1813 1322 1858 atque
1345 1807 1461 1847 alias
1482 1807 1642 1847 libenti
1663 1808 1819 1847 animo

184 1870 509 1912 scriberemus.
532 1872 628 1913 Nec
648 1873 833 1925 iniuria,
858 1876 1086 1927 siquidem
1123 1877 1336 1918 eamdem
1366 1890 1468 1929 vos,
1494 1890 1600 1918 cum
1633 1885 1821 1918 nostras

181 1941 352 1992 legitis,
378 1943 435 1983 ob
457 1955 685 1985 summam
714 1955 921 1987 vestram
953 1948 1001 1987 in
1036 1947 1224 1989 Christo
1258 1960 1373 1999 erga
1411 1961 1496 1989 nos
1520 1950 1815 2000 charitatem,

181 2022 352 2063 capere
375 2015 601 2055 laetitiam
625 2016 922 2057 arbitramur.
960 2017 1059 2059 Iam
1081 2019 1136 2059 de
1167 2020 1397 2069 omnibus,
1440 2032 1559 2072 quae
1590 2021 1665 2061 hic
1698 2019 1821 2072 apud

182 2094 270 2123 nos
292 2091 515 2135 aguntur,
541 2087 791 2128 certiorem
813 2096 856 2128 te
880 2088 1126 2131 faciamus.

262 2154 317 2194 In
338 2156 427 2195 hoc
450 2158 663 2208 collegio,
688 2170 894 2199 summas
915 2159 1018 2200 Deo
1037 2162 1212 2213 optimo
1234 2162 1439 2202 maximo
1462 2163 1660 2213 gratias,
1685 2163 1823 2203 modo

176 2226 456 2278 vigintiduo
474 2228 563 2268 viri
585 2235 767 2269 tantum
788 2238 895 2271 sunt
916 2230 945 2271 ³:
969 2238 1126 2284 patres
1158 2244 1256 2281 sex,
1281 2234 1447 2284 reliqui
1483 2245 1596 2273 vero
1626 2233 1814 2283 fratres;

184 2310 242 2337 ex
276 2309 474 2349 quorum
508 2311 702 2340 numero
736 2301 784 2341 Ρ.
823 2300 993 2343 Paulus
1030 2302 1058 2354 ⁴,
1098 2305 1226 2344 iussu
1262 2304 1419 2344 Patris
1451 2305 1599 2345 nostri
1634 2305 1825 2345 Franci-

239 2435 246 2453 ¹
287 2435 553 2470 Autographum
578 2437 676 2464 unico
692 2437 771 2464 folio
788 2442 960 2472 constans,
979 2447 1010 2467 n.
1031 2440 1094 2467 314.

237 2482 251 2501 ⁴2
289 2482 408 2510 Sermo
425 2488 477 2510 est
492 2484 532 2510 de
548 2484 673 2511 litteris
688 2485 730 2511 de
747 2492 884 2512 nuevas
898 2494 957 2513 seu
982 2487 1165 2517 historicis.
1181 2495 1267 2522 quae
1289 2488 1430 2515 subinde
1447 2488 1554 2516 Roma
1570 2489 1602 2516 in
1627 2496 1741 2516 omnes
1767 2489 1825 2517 So-

183 2530 325 2557 cietatis
341 2531 457 2558 domos
472 2531 561 2558 mitti
576 2537 838 2561 consueverunt.
855 2533 943 2561 Vide
959 2534 1109 2562 POLANCI
1126 2535 1330 2568 Cln‘onz‘con,
1345 2540 1368 2563 t.
1385 2543 1407 2571 1,
1424 2544 1502 2570 pag.
1517 2536 1581 2570 289,
1598 2541 1713 2564 annot.
1729 2538 1754 2565 1.

240 2578 253 2595 ⁵
293 2577 381 2604 Vide
399 2578 546 2606 Potmcx
562 2579 767 2613 Clzronicon,
782 2584 805 2608 t.
821 2588 867 2613 IV.
884 2589 962 2616 pag.
977 2582 1038 2609 374
1053 2587 1086 2609 et
1103 2583 1166 2610 376.

236 2625 251 2644 ⁴
287 2625 347 2652 Ido
364 2626 395 2653 el
410 2626 446 2653 P.
464 2625 526 2653 M.0
541 2626 651 2654 Nadal
666 2630 746 2654 saco
761 2628 791 2654 el
807 2636 917 2656 nuevo
934 2629 1122 2657 Comisario
1137 2630 1182 2664 (S.
1201 2630 1408 2659 Franciscus
1425 2632 1465 2659 de
1482 2632 1599 2667 Borja)
1614 2633 1653 2659 de
1676 2638 1748 2660 este
1767 2632 1825 2660 Co-

200 2672 275 2706 egio
290 2675 344 2705 (ex
360 2673 511 2708 Collegio
528 2673 805 2710 salmanticensi)
832 2676 884 2703 las
899 2677 1035 2710 piedras
1051 2677 1220 2712 primeras
1236 2686 1299 2713 que
1315 2683 1398 2706 tuvo
1415 2687 1477 2714 por
1493 2680 1670 2707 cimientos
1689 2681 1722 2708 la
1748 2680 1827 2708 Pro-

182 2720 298 2747 vincia
313 2721 367 2748 del
384 2721 576 2749 Andalucia
598 2730 619 2756 y
641 2722 734 2749 reino
749 2722 789 2749 de
812 2722 986 2751 Granada.
1015 2725 1171 2753 Estaban
1193 2730 1355 2754 entonees
1376 2735 1417 2754 en
1442 2727 1600 2754 Cordoba
1623 2729 1672 2755 los
1696 2728 1826 2755 Padres

184 2766 370 2795 Francisco
386 2769 426 2795 de
442 2768 651 2796 Villanueva
666 2778 687 2804 y
705 2770 851 2798 Antonio
868 2771 907 2798 de
927 2771 1084 2800 cordoba
1101 2774 1263 2801 tratando
1279 2774 1319 2801 de
1335 2774 1398 2802 dar
1415 2776 1474 2802 alli
1490 2775 1657 2810 principio
1673 2777 1693 2802 a
1709 2783 1753 2803 un
1769 2783 1824 2803 co-

197 2816 273 2849 egio
289 2820 442 2851 nuestr0‚
456 2824 539 2851 pero
554 2817 586 2844 ni
601 2817 705 2844 habia
721 2822 822 2852 gente
838 2819 871 2846 ni
887 2819 1092 2854 disposicion
1107 2821 1147 2848 de
1163 2822 1378 2855 comunidad‚
1395 2831 1416 2857 y
1433 2824 1548 2850 asilos
1562 2824 1730 2857 primeros
1746 2824 1822 2851 fun-

181 2863 330 2891 dadores
345 2865 384 2892 de
399 2866 536 2899 aquella
551 2865 730 2899 provincia
746 2867 895 2894 salieron
911 2867 951 2894 de
967 2871 1041 2895 esta
1056 2875 1137 2896 casa
1154 2870 1264 2897 elafio
1280 2870 1320 2897 de
1339 2870 1418 2902 1554,
1433 2872 1465 2897 el
1480 2871 1516 2897 P.
1532 2870 1619 2903 Juan
1635 2871 1776 2905 Suarez,
1792 2871 1826 2898 el

182 2911 220 2937 P.
236 2910 387 2939 Gonzalo
404 2912 584 2947 Gonzalez,
601 2913 632 2939 el
647 2913 682 2940 P.
700 2913 827 2941 Basilio
843 2914 890 2946 (P.
907 2915 1103 2949 Alphonsus
1119 2916 1158 2943 de
1175 2917 1281 2945 Avila
1296 2919 1362 2952 qui,
1379 2919 1511 2945 nomine
1527 2923 1746 2951 commutato,
1764 2926 1822 2953 ap-

184 2959 385 2993 pellabatur
400 2959 563 2991 Basilius)
575 2969 597 2996 y
612 2961 643 2988 el
657 2961 693 2988 P.
707 2961 814 2989 Pablo
830 2961 1043 2997 Hernandez,
1059 2972 1081 2999 y
1096 2964 1146 2991 los
1163 2964 1348 2992 hei-manos
1363 2964 1451 2998 Juan
1467 2965 1649 2993 Gutierrez
1671 2974 1692 3001 y
1716 2965 1823 3000 Diego
