2047 3179
856 152 936 189 AN.
968 152 1059 189 1355
1711 153 1778 190 541

145 251 290 301 vulgo
329 256 614 301 nuncupant.
657 249 791 289 Hunc
832 256 1046 288 asserunt
1083 247 1355 299 praeclarae
1395 248 1516 287 illius
1552 260 1778 288 censurae

145 321 347 361 Instltuti
364 321 510 360 nostri
532 321 777 360 authorem
799 319 954 359 fuisse.
979 318 1097 359 Cum
1119 325 1275 358 autem
1306 318 1404 369 ipse
1427 318 1484 357 sit
1508 319 1778 358 monasterii

143 391 387 432 cuiusdam
409 391 554 431 abbas
575 397 619 430 et
642 390 831 430 alterius
854 389 979 440 prior
996 388 1104 439 (non
1126 389 1199 428 sui
1218 388 1404 439 quidem
1422 388 1630 439 ordinis),
1657 389 1777 429 unde

144 474 327 502 annuos
347 462 510 513 recipit
535 468 786 513 prouentus
812 459 912 500 1200
933 460 1095 508 libras,
1124 460 1346 499 voluisset
1369 459 1491 499 hunc
1524 460 1583 498 ad
1607 471 1656 499 se
1678 471 1776 510 per-

144 533 347 583 trahere,
372 533 642 583 horumque‚
662 532 701 572 si
723 531 820 572 fieri
843 530 1082 581 potuisset,
1109 537 1188 569 aut
1210 530 1409 569 aliorum
1431 529 1475 569 id
1497 540 1647 580 genus
1673 531 1778 569 hae-

146 604 304 644 redem
346 604 635 654 relinquere;
679 614 815 654 quem
851 613 956 647 cum
992 601 1167 640 viderit
1209 607 1534 652 paupertatem
1568 606 1778 640 nostram

145 675 298 726 potius
320 686 457 726 quam
487 674 677 713 insanas
702 685 811 713 suas
829 683 1039 724 pompas,
1068 672 1276 722 iniquam
1293 671 1579 722 opulentiam
1591 679 1635 711 et
1653 672 1777 711 stoli-

143 745 361 785 dissimos
386 746 521 785 luxus
544 745 756 796 elegisse,
781 745 844 784 ita
867 743 913 782 in
935 753 1040 782 eum
1062 742 1374 782 exacerbatus
1398 750 1482 789 est,
1505 749 1566 791 ut,
1592 743 1775 793 postha-

142 816 237 856 bita
261 816 385 856 omni
409 816 603 863 ratione,
628 822 823 855 conatus
845 814 902 854 sit
925 813 1091 865 quibus
1114 813 1263 853 modis
1300 814 1446 864 potuit
1481 814 1610 853 illum
1633 814 1776 853 mole-

142 887 232 927 stia
255 885 454 936 afficere3
486 887 568 926 sed
589 887 665 938 qui
699 886 918 926 fundatus
947 892 1047 925 erat
1080 897 1224 937 supra
1253 884 1435 924 firmam
1469 891 1665 934 petram,
1700 884 1778 924 im-

143 964 269 997 moto
291 957 447 997 animo
468 957 620 997 adhuc
643 957 977 1008 perseuerauit,
1002 957 1091 997 hoc
1114 956 1272 996 diuina
1295 954 1564 994 conferente
1583 955 1775 1005 iustitia,

141 1041 261 1080 quae
283 1040 619 1079 nonnunquam
643 1040 803 1068 senum
826 1029 999 1068 animis
1029 1028 1246 1068 tenebras
1271 1025 1481 1074 offundit,
1516 1024 1779 1076 junioribus

143 1105 299 1140 autem
319 1099 522 1150 gratiam
544 1099 737 1149 confert,
759 1111 849 1150 qua
873 1100 1012 1148 duce,
1039 1099 1326 1139 inueteratos
1355 1097 1626 1147 diiudicant,
1661 1105 1708 1137 ut
1731 1098 1778 1137 in

143 1171 357 1211 Daniele.

222 1241 481 1293 Supersunt
499 1242 589 1282 duo
607 1242 800 1293 picardi,
824 1242 1189 1291 bellouacenses,
1210 1240 1364 1280 animo
1387 1247 1430 1279 et
1448 1251 1646 1290 corpore
1664 1241 1777 1290 opti-

142 1325 215 1353 me
237 1313 493 1362 constituti,
532 1313 690 1363 ambo,
730 1313 843 1353 satis
871 1312 1105 1353 foelicitur
1139 1311 1318 1351 versati
1355 1311 1401 1350 in
1438 1311 1776 1361 grammaticis,

140 1385 225 1425 sub
247 1383 411 1424 eodem
434 1393 737 1435 praeceptore
761 1384 872 1424 dant
900 1395 1094 1435 operam
1123 1382 1416 1429 rhetoricae;
1448 1381 1554 1432 puri
1586 1392 1640 1421 ac
1671 1393 1776 1432 syn-

140 1455 236 1495 ceri
258 1455 303 1495 in
325 1455 451 1495 omni
472 1455 732 1495 humilitate
759 1462 803 1494 et
837 1454 1142 1501 subiectione,
1172 1453 1462 1502 obedientes,
1492 1464 1606 1492 suae
1636 1465 1775 1493 voca-

139 1527 256 1567 tioni
276 1538 360 1578 pro
382 1527 560 1566 viribus
581 1526 886 1577 respondent,
909 1526 1062 1565 studio
1086 1524 1281 1574 assidui,
1307 1536 1366 1564 ex
1387 1535 1477 1575 quo
1507 1524 1688 1564 fructus
1712 1526 1772 1564 la-

141 1598 329 1638 boribus
346 1610 438 1637 non
459 1597 702 1637 inferiores
738 1602 995 1648 reportant.
1033 1595 1245 1647 Quorum
1272 1596 1390 1634 alter
1423 1594 1656 1635 Oliuerius
1683 1594 1775 1635 Ha—

141 1669 316 1709 meleus
330 1670 513 1720 dicitur,
536 1680 684 1709 annos
700 1676 836 1709 natus
853 1668 918 1719 20,
938 1668 985 1708 in.
1002 1667 1294 1708 consortium
1311 1666 1525 1707 Lutetiae
1543 1666 1775 1706 admissus

140 1752 264 1780 anno
296 1739 485 1780 Domini
521 1740 622 1780 1554
656 1751 813 1779 mense
850 1739 1016 1790 Aprili:
1048 1739 1166 1778 alter
1195 1737 1465 1778 Anthonius
1495 1737 1771 1786 Monachus,

140 1811 421 1862 vigesimum
443 1812 629 1851 tertium
651 1823 824 1850 annum
846 1821 1006 1861 agens,
1031 1808 1255 1849 Societati
1275 1808 1489 1848 Lutetiae
1519 1808 1770 1849 adiunctus

138 1894 262 1923 anno
284 1883 472 1923 Domini
494 1883 608 1932 1535,
633 1894 790 1922 mense
810 1881 1082 1921 Februario.
1106 1880 1279 1920 Fuerat
1301 1887 1345 1919 et
1367 1880 1532 1918 tertius
1567 1881 1772 1920 nationis

138 1954 344 1994 eiusdem
367 1966 420 1993 ac
443 1955 547 2003 loci,
572 1954 746 1993 ascitus
768 1965 890 1992 anno
912 1952 1102 1992 Domini
1126 1950 1227 1990 1554
1259 1962 1416 1990 mense
1450 1951 1604 2003 Junio,
1637 1952 1770 1990 cuius

139 2037 308 2066 nomen
329 2033 429 2065 erat
451 2024 943 2077 MichaelPotminius,
967 2030 1105 2063 natus
1127 2034 1275 2062 annos
1291 2022 1359 2070 24,
1380 2033 1578 2072 corpore
1600 2030 1644 2061 et
1665 2022 1772 2061 viri·

139 2098 225 2136 bus
246 2096 692 2148 praestantissimus,
718 2107 825 2135 rara
854 2093 1207 2134 mansuetudine
1236 2101 1280 2132 et
1309 2093 1568 2132 humilitate
1590 2093 1771 2143 praedi-

139 2176 226 2217 tus,
251 2168 297 2207 in
319 2167 611 2219 politioribus
633 2167 929 2206 mediocriter
947 2171 1177 2205 versatus:
1206 2175 1311 2203 cum
1347 2164 1449 2202 aliis
1485 2164 1664 2203 duobus
1687 2164 1770 2203 sub

138 2239 299 2279 codem
325 2244 627 2288 praeceptore
656 2237 934 2277 Rhetoricae
970 2246 1163 2287 operam
1198 2234 1417 2283 nauabat,
1443 2234 1696 2274 maximam
1721 2235 1766 2274 in

139 2310 352 2349 omnibus
388 2309 663 2348 modestiam
684 2319 796 2359 prae
817 2320 866 2347 se
900 2307 1069 2353 ferens,
1100 2305 1316 2357 puritatis
1345 2305 1528 2344 animae
1565 2306 1770 2345 maxime

138 2381 390 2420 studiosus:
415 2391 572 2419 mense
595 2378 857 2428 Decembri,
882 2377 1163 2428 grauissima
1185 2388 1239 2415 ac
1276 2376 1494 2415 diuturna
1530 2374 1647 2415 febri
1669 2388 1769 2416 cor-

139 2457 312 2502 reptus,
350 2450 630 2490 obdormiuit
665 2450 711 2489 in
751 2448 969 2497 DominO,
1012 2459 1221 2487 summae
1263 2446 1513 2496 patientiae
1555 2448 1770 2487 omnibus

139 2522 403 2572 exemplum
431 2521 711 2572 relinquens.

217 2592 380 2632 Restat
402 2592 566 2631 unicus
588 2591 747 2631 Simon
783 2590 1070 2641 Campensis,
1113 2590 1282 2640 gamm,
1315 2588 1655 2638 charnotensis,
1690 2601 1769 2629 na-

136 2661 211 2702 tus
232 2674 382 2702 annos
415 2662 481 2710 34,
521 2661 803 2702 Societatem
832 2661 1032 2701 accessit
1067 2671 1189 2699 anno
1213 2658 1404 2698 Domini
1444 2659 1559 2707 1547;
1597 2659 1769 2710 optime

134 2734 437 2783 constitutus,
488 2734 699 2773 laborum
751 2731 1166 2780 tolerantissimus,
1209 2730 1433 2781 prouidus
1474 2741 1529 2769 ac
1569 2730 1770 2781 diligens

136 2815 435 2854 oeconomus,
460 2815 660 2854 magnae
682 2802 1018 2843 aedificationis
1054 2801 1178 2853 apud
1200 2812 1361 2840 omnes
1398 2800 1672 2851 quibuscum
1702 2800 1767 2840 fa-

135 2874 451 2914 miliaritatem
485 2875 581 2913 init.
620 2873 783 2914 Artem
818 2873 1044 2913 sutoriam
1079 2872 1208 2923 prius
1230 2878 1520 2921 exercuerat3
1544 2883 1667 2911 nunc
1690 2884 1765 2912 au-

136 2950 244 2996 tem,
273 2944 374 2985 Deo
409 2951 726 2995 consecratus,
763 2956 875 2984 suae
907 2943 1154 2993 vocationi,
1187 2949 1412 2994 quantum
1440 2941 1642 2982 humana
1677 2942 1766 2982 fert
