2047 3179
243 163 312 200 606
760 162 987 200 LITTERAE
1006 174 1369 207 QUADRIMESTRES

243 260 489 300 dehabeat.
512 259 573 300 Ut
591 260 735 300 semel
755 259 924 300 dicam:
944 266 1079 300 curat
1101 272 1202 300 esse
1220 261 1344 312 quod
1365 262 1508 301 audit,
1530 261 1667 302 Pacis
1684 263 1885 314 discipu--

243 334 336 371 lum
357 330 615 382 profitetur;
640 331 766 371 dedit
788 342 995 382 operam,
1021 338 1070 371 ut
1091 332 1248 382 plures
1276 332 1322 371 in
1343 332 1548 383 gratiam
1578 339 1787 374 mutuam
1809 345 1879 373 re·

244 402 426 442 dierint.
451 401 788 450 Dispersorum
809 402 1015 442 creditur
1037 409 1376 453 congregator3
1398 415 1493 443 non
1519 415 1698 455 paucos
1719 416 1745 444 a
1767 406 1881 444 mul-

242 474 301 513 tis
336 474 471 514 annis
498 485 592 513 non
620 473 860 513 confessos
887 473 945 513 ad
973 473 1202 513 ecclesiae
1224 473 1538 515 obedientiam
1558 475 1759 515 reduxit.
1785 474 1885 516 Sin-

242 546 353 596 gula
375 555 642 595 recensere,
662 555 748 584 nec
770 544 882 584 mihi
903 544 1111 584 scribere
1138 544 1343 594 iubetur,
1368 557 1453 585 nec
1476 545 1528 585 T.
1553 545 1601 585 P.
1625 547 1783 598 legere
1803 558 1883 586 ua-

245 624 389 657 caret.

322 687 424 727 Hoc
446 687 530 727 tibi
561 686 910 736 commendato,
937 698 1073 738 quem
1103 698 1246 738 opera
1276 688 1606 728 commendant
1633 695 1884 736 tacentem,

245 758 300 798 de
323 757 371 798 P.
397 757 534 798 Petro
566 758 574 776 ¹
597 769 749 808 pauca
773 756 951 806 dicam,
984 757 1082 797 sine
1109 758 1243 798 cuius
1275 759 1449 798 auxilio
1484 758 1812 800 confitentibus
1843 767 1888 799 et

243 829 698 870 communicantibus
721 828 938 879 (quorum
957 840 1182 869 numerus
1198 830 1337 881 longe
1353 830 1564 871 foelicior
1581 837 1650 871 est
1667 837 1890 882 expecta—

242 900 383 951 tione)
407 900 624 940 satisfieri
646 911 739 939 non
761 900 1010 950 potuisset,
1036 912 1130 940 non
1152 900 1291 941 modo
1320 901 1510 942 iubilaei
1536 908 1772 954 tempore,
1807 901 1886 942 sed

245 973 336 1012 alio
359 983 556 1023 quoque.
580 970 870 1021 Praecipuus
892 971 1093 1023 quisque
1111 972 1170 1011 ad
1188 978 1372 1012 nostros
1389 973 1552 1013 lubens
1569 984 1672 1013 sese
1689 973 1887 1022 confert,

242 1044 300 1083 sit
321 1042 515 1092 Doctor,
540 1041 599 1082 sit
622 1040 780 1093 oppidi
802 1041 1178 1090 administrator,
1201 1043 1259 1083 sit
1276 1044 1396 1084 alius
1417 1044 1700 1084 nobiliorum
1718 1051 1888 1084 octauo

244 1126 425 1166 quoque
456 1113 529 1153 die
556 1113 1006 1153 communicantium
1035 1114 1277 1166 utriusque
1305 1127 1459 1155 sexus.
1494 1116 1552 1156 Et
1580 1116 1697 1156 haec
1726 1115 1885 1156 hacte-

243 1198 345 1234 nus,
381 1197 488 1225 cum
515 1196 601 1224 nec
636 1185 729 1224 loci
765 1184 1091 1235 commoditaS,
1128 1197 1214 1225 nec
1251 1197 1306 1226 ea
1341 1185 1592 1227 Societatis
1627 1187 1892 1228 authoritas

248 1263 387 1306 esset,
418 1268 534 1307 quas
567 1255 872 1296 illustrissimi
899 1256 1125 1307 nobisque
1159 1257 1431 1297 amicissimi
1453 1258 1500 1298 in
1521 1257 1604 1298 X.⁰
1626 1258 1892 1299 Cardinalis

244 1327 566 1368 Ferrariensis
589 1331 603 1350 ²
625 1327 854 1367 aduentus
876 1327 1047 1367 mirum
1068 1327 1114 1367 in
1137 1328 1327 1368 modum
1348 1329 1493 1379 auxit3
1512 1329 1591 1381 qui
1609 1331 1736 1370 nullo
1753 1330 1892 1370 modo

244 1412 340 1440 non
356 1399 505 1439 voluit
525 1399 578 1439 25
597 1401 682 1438 Δ.ῖὶ>ι
704 1397 716 1416 ⁵
735 1398 780 1438 in
802 1399 903 1438 eius
919 1399 1114 1450 parietis
1141 1400 1486 1441 extructionem
1510 1400 1740 1452 conferre,
1761 1401 1894 1441 cuius

245 1471 492 1512 extruendi
514 1470 788 1510 facultatem
809 1470 903 1520 uia,
928 1482 1020 1522 qua
1043 1476 1326 1522 peteremus,
1352 1472 1601 1512 videbatur
1623 1472 1683 1512 ad
1705 1472 1894 1513 tertium

244 1554 393 1595 usque
415 1553 589 1582 annum
610 1541 769 1581 futura
786 1542 929 1581 nulla:
950 1549 1200 1592 aegrotum
1218 1550 1451 1594 nostrum,
1472 1544 1553 1584 sed
1571 1549 1614 1584 et
1631 1555 1717 1584 nos
1734 1544 1895 1595 digna-

244 1622 318 1655 tus
340 1621 409 1654 est
430 1612 762 1653 beneficiorum
785 1612 874 1653 Dei
893 1612 1052 1654 facere
1084 1614 1365 1666 participes:
1400 1614 1598 1655 consilia
1620 1614 1670 1655 Ρ.
1702 1615 1894 1656 Benedi-

247 1686 309 1727 cti
330 1683 346 1704 ⁴
366 1696 508 1737 quam
530 1685 800 1724 auidissime
821 1696 912 1724 una
936 1696 1042 1725 cum
1074 1686 1206 1726 curia
1229 1692 1327 1726 tota
1350 1686 1493 1738 (quae
1513 1698 1589 1727 res
1610 1687 1694 1727 toti
1715 1687 1895 1727 ciuitati

245 1757 450 1798 maximo
472 1756 557 1797 fuit
579 1756 805 1796 uirtutum
828 1756 1068 1808 exemplo)
1100 1756 1264 1797 diebus
1286 1758 1427 1798 etiam
1449 1758 1706 1809 prophanis
1729 1758 1809 1809 (ut
1830 1759 1896 1799 ita

245 1829 415 1876 dicam)
442 1827 604 1868 audire
626 1839 719 1867 non
741 1834 811 1867 est
832 1826 1132 1878 dedignatus.
1162 1827 1210 1868 P.
1238 1828 1542 1869 Benedictum
1571 1841 1731 1870 secum
1760 1841 1896 1881 pran-

247 1901 358 1940 dere
382 1899 572 1950 saepius
593 1899 795 1950 cupiuit:
818 1898 1019 1949 publicis
1049 1899 1343 1951 priuatisque
1370 1901 1590 1941 subsidiis
1620 1901 1784 1952 quanti
1804 1901 1897 1941 iam

247 1971 391 2011 faciat
413 1970 713 2019 Societatem,
737 1981 829 2009 una
852 1981 958 2010 cum
980 1971 1103 2010 latus
1136 1971 1463 2012 claudentibus
1490 1971 1738 2024 Episcopis
1760 1978 1898 2023 atque

250 2042 635 2094 Archiepiscopis
657 2041 930 2093 reliquaque
963 2043 1094 2091 aula,
1122 2041 1384 2094 Tyburtino
1405 2045 1576 2095 populo
1605 2044 1898 2084 demonstra-

251 2116 332 2154 uit.
356 2113 490 2154 Unde
512 2112 560 2152 fit
584 2119 632 2152 ut
663 2113 817 2152 nullus
845 2112 982 2152 nobis
1013 2114 1336 2164 contradicat,
1360 2115 1452 2155 imo
1483 2114 1623 2155 foelix
1651 2120 1898 2155 censeatur

249 2186 328 2238 qui
347 2186 535 2237 placere
556 2185 719 2235 possit.
746 2182 908 2234 Vides,
934 2182 1088 2235 Pater,
1114 2196 1233 2236 quae.
1251 2192 1520 2238 quantaque
1541 2198 1568 2226 a
1586 2186 1797 2238 principe
1815 2186 1896 2226 de-

251 2256 500 2309 pendeant.
520 2254 695 2296 Sensus
713 2262 878 2306 pascat
901 2255 979 2307 qui
996 2255 1183 2296 uidetur
1204 2257 1366 2308 populi
1383 2258 1639 2309 applausus
1660 2257 1891 2298 fortassis:

252 2328 333 2369 sed
354 2327 503 2368 fidelis
525 2325 670 2377 Deus,
695 2326 796 2378 qui,
821 2333 869 2366 ut
900 2326 987 2366 sibi
1015 2339 1257 2379 nunquam
1284 2329 1456 2379 uoluit,
1487 2329 1609 2381 quod
1641 2335 1897 2380 pateretur,

253 2399 430 2448 deesse,
455 2399 519 2438 ita
541 2410 628 2438 nec
650 2397 799 2437 nostri
822 2398 1127 2438 obliuiscetur
1148 2400 1194 2438 in
1216 2398 1370 2440 finem:
1393 2400 1505 2452 quin
1526 2400 1681 2451 potius
1698 2405 1748 2440 ut
1770 2411 1798 2440 a
1816 2399 1900 2440 Pa-

253 2480 325 2511 tre
347 2471 546 2511 dilectus
567 2469 674 2520 fuit,
698 2469 763 2509 ita
792 2476 836 2509 et
863 2481 947 2509 nos
974 2469 1106 2521 diligi
1137 2471 1332 2511 curabit.
1365 2471 1500 2522 Quod
1527 2477 1678 2512 totum
1708 2472 1750 2512 ei
1777 2482 1901 2512 com-

253 2542 498 2583 mittimus.

332 2612 592 2653 Fraternae
614 2612 931 2652 correctiones
952 2612 1108 2652 fructu
1129 2625 1222 2653 non
1244 2621 1518 2665 caruerunt,
1551 2620 1601 2655 ut
1628 2625 1716 2655 nec
1747 2613 1901 2666 priua-

253 2694 329 2725 tae
349 2684 712 2736 praecipuorum
733 2683 1045 2734 quorumdam
1063 2684 1432 2725 adhortationes.

312 2842 320 2861 ¹
365 2843 400 2870 P.
419 2843 521 2870 Petro
538 2842 705 2870 Pradene.

312 2890 326 2908 ‘1
364 2891 543 2926 Hippolyti
560 2891 599 2918 de
615 2890 699 2917 Este

313 2937 327 2956 ·‘=
365 2939 437 2971 &¹⁸
457 2958 461 2971 ,
477 2943 624 2965 scutata.

309 2984 323 3003 ⁴
362 2984 476 3012 Patris
491 2984 665 3012 Benedicti
683 2985 814 3012 Palmii.
833 2984 1009 3011 Pomm-cus
1022 2986 1054 3012 in
1071 2985 1251 3019 Chronico,
1267 2993 1290 3014 t.
1308 2996 1340 3013 v.
