2047 3179
919 127 998 162 AN.
1030 126 1121 163 1554
1794 129 1837 165 71

200 222 380 274 pressa)
404 223 559 262 hanno
581 223 755 263 vietato
777 234 804 261 a
826 222 974 262 115301
994 222 1180 262 subietti
1197 222 1242 262 di
1264 222 1424 262 venire
1444 221 1503 262 da
1524 223 1556 262 li
1577 224 1725 263 nostri
1749 224 1838 264 Pa-

199 292 272 333 dri
292 305 375 345 per
397 293 680 334 confessarsi
709 299 753 333 61
777 292 975 344 pigliare
1002 293 1067 343 gli
1095 292 1216 332 santi
1246 291 1563 342 Sacramenti‚
1598 292 1833 335 dicendoli

195 364 286 404 che
308 364 346 403 si
376 370 542 404 contra
562 364 627 404 tal
649 362 1088 404 commandamento
1124 362 1377 412 facesserO,
1407 364 1499 403 mai
1520 363 1567 403 in
1599 364 1694 403 uita
1719 365 1766 404 ni
1787 365 1835 405 in

200 441 345 486 punto
367 434 412 474 di
446 441 595 475 morte
615 435 680 486 gii
700 433 1175 475 administrarebbero
1210 433 1275 484 gli
1310 434 1431 473 santi
1453 433 1761 485 Sacramenti3
1790 442 1836 475 et

195 505 271 545 cio
292 504 475 546 udendo
496 506 561 557 gli
582 505 729 546 nostri
748 505 909 555 Padri,
940 504 1249 545 confortando
1281 504 1419 556 quelli
1452 505 1539 544 che
1561 505 1632 544 610
1661 505 1690 544 11
1712 506 1833 546 refe—

197 576 352 627 riano,
377 577 408 617 li
429 577 657 617 diceuano
686 576 770 617 che
805 588 897 616 non
918 576 958 616 si
991 582 1354 628 spauentassero
1388 588 1472 628 per
1506 577 1598 616 tale
1633 577 1830 628 parosse,

192 647 638 688 -conciosiacosache
665 649 764 688 loro
804 654 848 687 et
886 647 991 687 tutti
1025 647 1039 686 i
1073 647 1213 687 Padri
1241 647 1361 687 della
1397 646 1691 698 Compagnia
1708 658 1831 687 sono

198 719 435 770 preparati
474 731 557 770 per
589 731 683 759 non
716 719 957 758 manchar'
1006 719 1052 758 in
1082 718 1146 758 tal
1176 724 1331 769 tempo
1354 724 1397 758 et
1429 729 1613 769 sempre
1636 729 1662 757 a
1686 717 1701 757 i
1722 718 1828 758 suoi

195 788 356 840 figlioli
376 790 621 841 spirituali.
642 790 815 830 Faccia
836 789 964 830 Iddio
986 789 1263 838 Benedetto‚
1296 789 1381 829 che
1408 789 1560 840 questi
1596 789 1777 840 pastori
1801 788 1834 828 11

192 872 304 911 peso
326 872 466 912 sopra
485 861 529 901 di
546 863 646 902 loro
663 867 797 913 porto
814 861 1005 911 possino
1035 871 1175 900 senza
1205 860 1537 900 intermission’
1559 860 1614 900 de
1635 860 1660 899 l’
1679 860 1831 901 officio

193 932 292 971 loro
328 932 372 971 al
401 931 535 972 felice
565 938 699 984 porto
733 931 966 983 riportar'.
1002 931 1266 971 Habbiamo
1300 931 1509 971 anchora
1544 931 1604 971 da
1641 931 1827 982 ringra-

190 1002 295 1042 tiar'
320 1003 445 1042 assai
466 1003 510 1043 13
532 1003 690 1043 diuina
712 1003 959 1043 clementia
987 1002 1072 1042 che
1093 1002 1126 1042 s’
1148 1006 1173 1042 e
1190 1002 1394 1053 degnata
1416 1002 1462 1042 di
1478 1002 1757 1053 prouederci
1783 1003 1825 1043 d'

192 1085 253 1113 un
275 1073 412 1114 homo
448 1074 493 1114 di
526 1075 694 1125 grand'
732 1074 934 1115 dottrina
957 1073 1070 1114 6131
1104 1073 1301 1124 magior’
1340 1073 1538 1124 samita,
1571 1073 1671 1113 cioe
1699 1072 1829 1114 Mon-

190 1145 381 1195 signore
417 1144 549 1186 Rmo.
587 1146 805 1186 Vescouo
827 1146 872 1185 di
892 1145 1093 1185 Modena
1131 1144 1156 1193 ¹,
1195 1145 1225 1184 il
1253 1146 1361 1196 qual
1383 1144 1425 1185 ci
1453 1144 1714 1185 dimonstra
1737 1156 1832 1185 uno

188 1215 356 1266 grand'
382 1223 426 1256 et
447 1224 584 1257 santo
606 1228 738 1257 amor
759 1228 898 1257 verso
916 1216 961 1256 di
988 1217 1085 1266 noi,
1117 1216 1315 1256 dandosi
1343 1216 1487 1256 molta
1516 1227 1747 1267 speranza
1773 1216 1829 1257 de

191 1288 424 1339 aggiutar'
446 1288 492 1328 in
514 1295 689 1340 quanto
710 1292 845 1340 potra
862 1289 906 1328 la
926 1297 1091 1328 nostra
1113 1287 1406 1339 Compagnia
1434 1288 1508 1327 nel
1542 1299 1627 1327 suo
1650 1293 1826 1339 tempo.

191 1360 247 1399 Et
275 1365 408 1410 parte
439 1359 484 1399 di
515 1367 679 1412 questo
715 1361 860 1400 amor'
898 1360 1099 1400 hauemo
1134 1359 1442 1410 cognosciuto
1474 1358 1662 1410 quando
1693 1359 1828 1400 diede

187 1430 213 1469 l’
236 1430 386 1470 ordini
407 1442 542 1470 sacre
565 1443 591 1471 a
612 1431 728 1471 certi
747 1431 892 1471 nostri
916 1430 1087 1470 fratelli
1121 1429 1149 1481 ²,
1186 1430 1344 1481 percio
1374 1429 1460 1470 che
1488 1430 1532 1469 13
1567 1429 1748 1481 fatigha
1771 1430 1830 1470 da

188 1502 218 1541 11
254 1501 360 1541 31111
393 1501 543 1553 fugita
575 1502 684 1542 nelli
717 1502 859 1553 tempi
891 1501 1134 1552 prohibiti,
1173 1500 1385 1541 uedendo
1414 1502 1457 1541 13
1486 1507 1673 1552 patente
1713 1501 1769 1542 de
1801 1503 1831 1542 11

184 1573 334 1613 nostri
355 1571 383 1623 ⁵,
409 1584 497 1613 con
519 1574 627 1613 11613
648 1573 799 1614 faccia
820 1584 904 1613 sua
926 1571 1145 1623 Signoria
1166 1571 1300 1612 Rma.
1325 1572 1386 1612 ha
1409 1573 1618 1624 pigliato.
1642 1572 1822 1613 Mostra

184 1643 327 1683 ctiam
348 1644 390 1684 d'
414 1644 607 1684 hauerci
627 1644 673 1684 in
693 1644 873 1695 grande
900 1644 1216 1694 estimatione,
1251 1644 1281 1683 11
1309 1644 1380 1684 611’
1421 1644 1467 1683 13
1503 1651 1667 1695 questo
1690 1644 1762 1684 610
1785 1645 1825 1684 51

185 1718 274 1765 puo
292 1715 459 1755 veder:
483 1714 654 1766 perche
690 1714 906 1755 hauendo
942 1713 1036 1755 Sua
1068 1713 1289 1765 Signoria
1312 1714 1446 1754 Rma.
1479 1714 1706 1755 instituito
1728 1727 1821 1755 uno

182 1786 384 1837 collegio
405 1786 461 1826 de
481 1785 634 1826 donne
655 1785 825 1837 uedue,
850 1785 1083 1826 credendo
1107 1786 1170 1825 lui
1191 1796 1287 1825 non
1308 1787 1455 1837 poter'
1481 1786 1688 1826 ritrouar
1711 1787 1826 1827 huo-

186 1855 297 1896 mini
336 1869 418 1908 per
444 1864 609 1909 questo
639 1857 795 1897 carico
830 1857 910 1909 piu
944 1856 1190 1897 sufficienti
1226 1856 1312 1897 6116
1344 1857 1375 1896 11
1410 1857 1558 1897 nostri
1588 1857 1753 1909 Padri‚
1796 1858 1828 1898 li

184 1931 329 1979 prego
352 1929 477 1968 assai
498 1929 622 1968 30116
649 1928 735 1968 6116
759 1930 998 1969 301655610
1028 1929 1058 1968 11
1090 1929 1154 1968 131
1188 1929 1379 1980 negotio
1415 1935 1640 1969 accettar.
1670 1929 1705 1969 Il
1737 1930 1823 1970 che

184 2010 279 2038 non
300 1999 502 2050 potendo
523 2000 623 2039 loro
644 1999 815 2051 pigliar
837 2011 919 2051 per
939 2001 980 2040 le
1002 2006 1160 2040 nostre
1193 2000 1535 2051 constitutioni,
1567 2000 1606 2040 si
1637 2000 1821 2052 doleua,

183 2071 355 2122 perche
375 2072 440 2111 tal
460 2071 651 2122 negotio
673 2082 767 2111 non
788 2071 937 2111 haura
957 2071 1133 2112 1133310
1156 2072 1291 2123 quell'
1322 2070 1478 2112 effetto
1509 2071 1568 2112 da
1598 2071 1692 2112 Sua
1714 2071 1815 2124 Sig-

167 2142 317 2182 ·noria
338 2141 471 2182 Rma.
505 2142 710 2182 dessiato
741 2141 768 2182 ⁴.
799 2141 1090 2183 Finalmente
1112 2143 1158 2182 in
1180 2143 1287 2183 tutti
1321 2143 1352 2182 li
1387 2143 1534 2182 nostri
1565 2143 1749 2194 bisogni
1778 2145 1822 2184 10

183 2213 415 2253 110313310
449 2213 764 2264 paratissimo.
809 2213 909 2254 Con
942 2215 986 2254 13
1028 2214 1264 2254 medesma
1300 2214 1484 2255 charita
1526 2221 1570 2254 et
1604 2214 1821 2255 feruente

181 2284 480 2325 delettatione
502 2284 542 2324 51
563 2296 796 2325 recevono
817 2291 934 2325 tutte
952 2293 1113 2337 queste
1131 2292 1290 2326 nostre
1308 2286 1355 2326 in
1376 2285 1530 2326 Cristo
1549 2286 1822 2327 venerande

181 2354 367 2396 madri⁵
394 2357 565 2407 perche
600 2356 767 2396 dicono
801 2356 1059 2407 (credendo
1093 2358 1193 2397 loro
1223 2358 1266 2397 la
1294 2357 1392 2397 vita
1427 2363 1589 2397 nostra
1629 2363 1816 2398 stretta·

242 2567 250 2585 ¹
290 2566 346 2593 Fr.
364 2567 531 2601 Aegidius
552 2566 749 2601 Foscarari,
771 2567 807 2595 Ο.
826 2568 866 2596 Ρ.

232 2614 246 2633 2
284 2614 442 2642 Andreas
459 2615 706 2649 Bonainsegna,
720 2614 868 2648 joannes
883 2615 1089 2644 Franciscus
1105 2621 1137 2644 et
1153 2617 1348 2645 Ludovicus
1364 2617 1589 2644 Coloniensis.

232 2662 245 2680 5
284 2661 441 2697 Intellige
458 2663 677 2697 Apostolicas
692 2663 838 2696 litteras,
854 2665 974 2698 quibus
989 2666 1115 2693 nostris
1131 2673 1330 2693 concessum
1345 2672 1397 2693 est
1423 2672 1522 2693 extra
1545 2672 1701 2700 tempora
1723 2666 1815 2693 ordi-

181 2715 241 2735 nes
255 2716 375 2736 sacros
389 2710 575 2744 suscipere.

232 2758 247 2777 ⁴
283 2758 373 2785 Audi
389 2763 504 2786 tamen
519 2759 703 2786 Pomm-cun
720 2759 752 2786 in
769 2759 946 2793 Chronico,
961 2768 1038 2795 pag.
1055 2761 1100 2795 97,
1116 2769 1147 2788 n.
1166 2761 1226 2789 181.

232 2804 245 2824 5
284 2804 384 2833 Haud
399 2810 484 2833 satis
500 2807 679 2841 perspicue
697 2807 900 2835 vocabulum
921 2808 982 2835 hoc
1004 2809 1070 2842 legi
1091 2814 1217 2844 potest,
1235 2811 1315 2844 quia
1333 2809 1436 2844 filum,
1454 2817 1518 2844 quo
1541 2815 1685 2838 consuta
1709 2810 1742 2837 in
1766 2817 1820 2837 eo·

178 2853 253 2880 dice
268 2853 353 2881 haec
368 2854 450 2882 folia
466 2860 555 2888 sunt,
570 2855 730 2882 chartam
744 2854 800 2882 ubi
816 2856 1022 2883 vocabulum
1037 2857 1099 2884 hoc
1121 2858 1288 2892 scriptum
1309 2862 1360 2885 est
1383 2858 1587 2892 perforavit.
1610 2858 1674 2885 Vix
1692 2857 1814 2886 'tamen

178 2901 314 2928 dubium
330 2909 402 2929 esse
417 2906 531 2936 potest
547 2903 625 2936 quin
640 2910 749 2930 sermo
771 2903 815 2930 sit
839 2905 878 2931 de
903 2904 955 2931 his
971 2905 1148 2940 matronis,
1174 2906 1377 2933 Constantia
1402 2906 1628 2941 Pallavicina,
1649 2906 1820 2941 Hierony-

178 2957 235 2976 ma
250 2949 416 2984 Pezzana,
435 2956 513 2984 ete.⁷
529 2958 615 2985 quae
632 2950 832 2979 Mutinensis
847 2951 992 2987 Collegii
1008 2954 1218 2988 praecipuae
1234 2954 1400 2982 fautrices
1415 2958 1528 2981 erant.
