2047 3179
198 125 270 163 408
721 125 948 162 LlTTERAE
965 134 1323 167 QUADmMESTREs

200 236 311 264 cosa
343 224 387 263 di
411 224 644 275 maggior‘
671 223 862 263 seruitio
880 234 981 272 suo,
1006 222 1165 261 adiuto
1187 220 1261 260 del
1282 221 1529 272 prossimo,
1555 226 1599 260 et
1621 221 1832 261 consola·

200 296 326 335 tione
344 295 399 335 de
418 289 523 335 tutti
546 296 623 335 noi
645 295 766 334 altri.

281 365 341 406 Di
364 365 520 406 Padoa
542 367 573 406 il
686 364 695 384 ¹
720 365 776 405 de
795 365 960 416 Aprile
985 364 1099 403 1555.

281 437 340 478 Di
363 437 423 478 V.
447 437 500 477 R.
526 437 851 488 indignissimo
874 436 920 475 in
944 434 1136 475 Christo
1157 434 1354 486 figliolo,

1387 576 1620 615 HEMERio.

284 794 407 834 Loco
442 791 869 844 superscriptionis
904 790 952 830 in
981 790 1188 830 secunda
1218 789 1409 841 pagina
1443 789 1556 828 haec
1589 788 1842 840 leguntur:

205 865 559 916 Quadrimestre
580 863 626 903 di
648 863 822 904 Padoa.

283 936 393 976 Alia
416 947 578 976 manu:
599 935 807 975 Padoua:
828 934 896 974 55.
918 933 1027 974 Sine
1051 933 1140 973 die:
1172 933 1217 972 di
1245 931 1421 983 Aprile.

792 1360 1253 1415 CCCLXXVHI

279 1595 327 1630 l).
350 1592 510 1630 Petrus
529 1592 785 1629 Domenech

327 1659 447 1695 Patri
467 1658 637 1702 ignatio
658 1657 710 1693 de
736 1657 915 1703 Loyola.

371 1724 648 1769 Vallisoleto,
673 1723 688 1759 1
712 1722 815 1769 Mnji
838 1722 930 1759 1555
949 1723 973 1757 “·’.

987 1876 1084 1953 iiis

288 2078 557 2119 Admodum
579 2075 853 2117 Reuerende
875 2074 1015 2115 Pater
1035 2074 1082 2114 in
1104 2073 1224 2126 Xpo.

289 2149 457 2191 Gratia
479 2154 523 2189 et
554 2160 648 2200 pax
678 2146 870 2187 Domini
895 2146 1043 2186 nostri
1065 2145 1176 2198 Jesu
1198 2144 1373 2186 Christi
1402 2144 1460 2184 sit
1482 2154 1665 2195 semper
1695 2143 1847 2183 nobis—

211 2233 332 2262 cum.
356 2220 524 2261 Amen.

285 2292 420 2344 Quod
442 2292 531 2332 hoc
559 2290 892 2343 quadrimestri
921 2288 1176 2340 praeterito
1208 2287 1367 2327 diuino
1390 2286 1565 2326 auxilio
1594 2291 1752 2325 actum
1780 2292 1852 2324 est

207 2366 253 2405 in
275 2365 365 2404 hac
396 2370 559 2404 nostra
589 2362 872 2402 domuncula
909 2360 1066 2412 (quam
1101 2359 1193 2399 cito
1226 2359 1370 2398 multo
1401 2357 1698 2409 capaciorem
1732 2356 1851 2396 futu-

213 2448 317 2476 ram
354 2447 447 2475 non
484 2434 771 2481 dubitamus,
804 2443 911 2472 cum
938 2443 1032 2471 non
1061 2430 1213 2470 desint
1242 2429 1320 2481 qui
1348 2429 1464 2469 alias
1493 2429 1658 2468 domos
1679 2427 1852 2467 nostris

208 2507 483 2558 adiungam,
508 2513 555 2545 ut
579 2504 815 2556 copiosior
837 2503 985 2555 possit
1011 2514 1114 2542 esse
1143 2512 1367 2541 numerus
1389 2500 1436 2540 in
1464 2512 1518 2540 ea
1555 2510 1849 2539 commoran-

207 2578 354 2629 tium),
378 2584 448 2618 est
470 2582 596 2617 certe
618 2576 774 2627 gratia
795 2574 986 2615 Domini
1013 2585 1107 2614 non
1134 2572 1390 2622 modicum,
1423 2572 1488 2611 ita
1516 2570 1703 2623 quidem
1729 2576 1778 2609 ut
1807 2569 1854 2609 in

208 2650 364 2690 multis
386 2649 515 2699 locis,
537 2647 830 2699 potissimum
846 2647 893 2686 in
911 2647 1017 2686 aula
1037 2645 1169 2696 regia
1183 2643 1307 2696 apud
1324 2643 1588 2695 Principem
1606 2642 1758 2694 ipsam
1779 2640 1792 2658 ⁵
1810 2647 1855 2680 et

209 2732 371 2760 omncs
393 2720 514 2760 illius
537 2720 717 2768 domus,
744 2730 836 2758 non
858 2718 917 2758 sit
940 2728 1095 2757 sermo
1117 2716 1206 2756 nisi
1225 2715 1280 2755 de
1297 2713 1673 2766 frequentatione
1695 2723 1854 2752 sacra-

204 2871 209 2877 ·
266 2856 276 2875 ¹
317 2856 473 2890 Spatium
490 2856 537 2882 ita
553 2862 701 2882 vacuum
717 2855 876 2881 relictum
891 2857 955 2880 est.

266 2904 279 2922 ²
317 2903 569 2937 Autographae
585 2902 710 2936 duplici
728 2902 818 2935 folio,
834 2901 944 2935 primo
960 2908 991 2927 n.
1006 2900 1069 2933 434,
1087 2900 1199 2926 altero
1216 2906 1299 2925 vero
1314 2906 1380 2926 non
1396 2901 1586 2925 numerato.

267 2951 281 2970 ⁵
318 2950 486 2984 Joannam
503 2950 650 2983 Philippi
666 2948 695 2976 ΙῙ
712 2955 876 2981 sororem,
899 2948 996 2981 regni
1019 2946 1307 2981 gubernatricem.
