2047 3179
248 166 319 203 570
772 166 999 204 LlTTERAE
1019 177 1378 211 QUADmMEsmns

250 269 473 315 petuntur
494 263 779 315 frequenter,
806 276 911 304 cum
930 265 1135 316 alioquin
1157 265 1274 304 haec
1295 265 1463 305 ciuitas
1484 265 1688 316 egregiis
1706 267 1895 306 concio—

252 335 498 374 natoribus
519 340 715 375 scateat.

333 405 409 446 Ad
431 406 658 446 moniales
679 407 821 446 trium
842 407 1177 447 coenobiorum
1199 406 1382 458 (quibus
1403 407 1529 447 DJ1115
1556 407 1892 460 Archiepisco-

253 488 341 528 pus
368 476 572 528 praeest)
607 489 747 529 saepe
775 478 997 529 priuatim
1028 478 1336 518 concionatur
1367 478 1574 519 eiusdem
1595 479 1690 519 DJ]i
1726 479 1892 519 Archi-

254 548 463 600 episcopi
496 548 639 599 iussu,
678 549 756 600 qui
786 549 955 588 mirum
989 548 1036 588 in
1066 549 1259 589 modum
1289 549 1561 600 delectatur,
1595 550 1717 601 quod
1744 550 1893 590 nostri

254 631 416 660 earum
437 619 758 660 confessiones
780 626 824 659 et
845 619 1054 670 audiant,
1080 626 1123 660 et
1145 620 1350 660 habeant
1371 621 1584 672 priuatas
1617 621 1883 671 conciones,

254 691 473 742 quoniam
497 692 818 743 experimento
841 697 1026 731 constat
1048 692 1246 732 multum
1274 692 1319 732 in
1342 703 1396 732 eo
1426 692 1645 732 inseruiri
1665 692 1781 732 Deo.
1806 692 1894 732 Pa-

256 769 326 803 ter
349 774 463 803 vero
486 761 801 802 Provincialis
821 762 1034 814 pauculis
1064 762 1242 813 diebus,
1276 763 1443 814 quibus
1475 764 1551 804 hic
1573 771 1898 804 commoratus

255 840 341 884 est,
367 834 544 873 audiuit
573 834 821 883 generales
843 833 1162 874 confessiones
1193 834 1503 886 quarumdam
1533 846 1764 887 sororum,
1798 835 1896 886 qui-

255 905 343 945 bus
363 904 495 945 Deus
523 910 771 955 tantopere
803 904 850 944 in
881 905 948 945 eis
975 911 1199 957 operatus
1230 911 1313 956 est,
1346 912 1398 946 vt
1433 906 1618 946 illarum
1650 905 1896 946 Praefecta

256 977 398 1017 fuerit
419 975 698 1028 stupefacta.
722 975 948 1028 Reliquae
970 982 1141 1027 autem,
1165 988 1286 1028 quae
1314 976 1559 1017 confessae
1580 989 1673 1017 non
1694 978 1900 1027 fuerant„

255 1047 486 1097 fructum,
513 1059 651 1099 quem
682 1059 870 1087 sorores
892 1059 1005 1088 suae
1027 1048 1284 1100 cepissent,
1308 1048 1673 1100 prospicientes,
1697 1055 1894 1089 tantum-

257 1119 363 1159 dem
386 1126 429 1159 et
451 1119 678 1159 exercitia
706 1119 906 1170 amplius
929 1118 1087 1160 facere
1118 1126 1354 1172 optarunt.
1379 1119 1622 1160 Paucitate
1646 1132 1760 1161 vero
1793 1132 1897 1172 ope-

256 1191 492 1231 rariorum
514 1190 621 1242 (duo
645 1190 769 1230 enim
791 1190 1039 1231 dumtaxat
1061 1198 1168 1232 sunt
1190 1192 1236 1231 in
1259 1191 1492 1243 Collegio,
1517 1192 1595 1244 qui
1617 1203 1723 1232 cum
1744 1191 1895 1243 proxi-

257 1262 345 1302 mis
367 1262 481 1302 foris
503 1261 772 1313 uersantur)
794 1273 958 1302 eorum
978 1263 1103 1302 uotis
1125 1263 1398 1304 satisfacere
1419 1275 1514 1303 non
1535 1274 1802 1314 possumus.

338 1333 415 1374 Ad
437 1332 759 1375 consolandos
779 1333 988 1374 infirmos
1019 1334 1293 1386 plerumque
1325 1340 1634 1375 accersuntur
1664 1334 1844 1385 Patres;
1868 1333 1899 1374 ii

258 1418 372 1446 vero
396 1418 423 1446 a
443 1407 580 1447 nobis
601 1407 945 1448 desiderantur:
969 1407 1008 1447 si
1039 1408 1086 1448 in
1116 1407 1317 1447 vinculis
1339 1406 1542 1447 occlusis
1570 1406 1900 1458 obtemperare

258 1478 501 1529 vellemus,
527 1490 644 1530 opus
665 1485 789 1520 esset
811 1485 1012 1531 quatuor
1031 1478 1266 1528 Patribus;
1287 1483 1395 1518 sunt
1412 1478 1582 1529 quippe
1601 1478 1692 1518 duo
1710 1477 1785 1517 hic
1803 1488 1898 1517 ma-

255 1550 372 1590 ximi
394 1561 627 1602 carceres,
652 1551 858 1592 ciuitatis
880 1552 1013 1602 alter,
1039 1551 1158 1591 alter
1173 1550 1351 1602 Regiae
1369 1549 1554 1600 Curiae,
1574 1549 1634 1590 ad
1650 1561 1769 1601 quos
1786 1549 1902 1589 mul-

258 1622 292 1661 ti
315 1621 522 1673 quotidie
541 1621 850 1663 adducuntur.
871 1622 1018 1663 Aiunt
1036 1622 1173 1672 enim,
1193 1622 1333 1662 vnico
1355 1621 1601 1662 dumtaxat
1623 1621 1711 1671 die,
1735 1620 1897 1660 Vincu-

256 1694 409 1733 lorum
436 1693 445 1712 ¹
469 1693 605 1734 alteri
626 1700 815 1734 centum
836 1699 881 1734 et
908 1694 1250 1745 quinquaginta
1280 1692 1424 1733 fuisse
1452 1692 1674 1742 inclusos;
1698 1702 1899 1743 quapro-

255 1770 360 1816 pter
380 1770 425 1805 et
444 1765 758 1806 verberantur
779 1771 823 1806 et
844 1765 1192 1817 suspenduntur
1212 1764 1360 1805 multi.

337 1835 426 1876 Hic
447 1842 639 1888 possent
660 1836 751 1877 duo
774 1837 974 1888 collegia
996 1836 1222 1885 construi;
1246 1836 1305 1876 ad
1331 1835 1595 1876 docendum
1617 1835 1816 1874 alterum
1836 1835 1896 1873 le-

255 1907 398 1958 gendi
429 1907 759 1960 scribendique
790 1908 1038 1959 rationem,
1071 1909 1270 1948 alterum
1300 1906 1360 1946 ad
1388 1906 1701 1946 instituendos
1727 1916 1900 1957 pueros

258 1980 478 2020 humanis
498 1980 661 2020 literis:
687 1980 734 2020 in
757 1992 847 2032 qua
879 1980 1094 2031 profecto
1117 1991 1166 2019 re
1196 1980 1393 2019 multum
1413 1978 1764 2018 inseruiendum
1794 1988 1900 2017 esse

257 2051 360 2092 Deo
377 2057 612 2103 putamus;
631 2052 758 2091 nulla
777 2051 948 2103 quippe
965 2062 1016 2091 re
1034 2051 1152 2091 haec
1173 2050 1341 2091 ciuitas
1362 2056 1458 2090 tam
1480 2049 1691 2100 indigere
1715 2048 1903 2088 videtur

258 2134 398 2174 quam
419 2123 524 2174 hac,
555 2129 805 2175 propterea
833 2122 958 2175 quod
988 2122 1126 2162 huius
1154 2122 1282 2162 urbis
1304 2121 1497 2161 iuuenes
1525 2121 1616 2160 sint
1649 2118 1900 2160 admodum

261 2194 490 2235 distracti.
514 2194 601 2235 Vir
626 2194 829 2246 quidam,
854 2194 1080 2234 sacerdos
1097 2199 1236 2245 atque
1253 2192 1550 2242 uenerabilis,
1572 2191 1808 2231 desiderat
1824 2201 1902 2230 no-

259 2265 330 2305 bis
353 2265 530 2306 donare
552 2265 741 2306 domum
761 2266 966 2317 amplam
987 2265 1139 2312 nimis,
1164 2270 1208 2304 et
1231 2275 1482 2316 puerorum
1501 2262 1699 2313 collegio
1717 2261 1901 2302 concin-

261 2349 371 2377 nam
391 2337 524 2378 satis:
549 2343 890 2387 verumtamen,
913 2343 1052 2388 prout
1081 2343 1151 2376 est
1172 2335 1401 2386 singulari
1431 2335 1693 2374 humilitate
1721 2332 1902 2385 praedi-

260 2416 349 2459 tus,
373 2408 504 2449 timet
525 2409 699 2449 donum
731 2408 853 2460 apud
882 2419 932 2448 se
961 2414 1114 2457 tenue,
1147 2406 1271 2458 apud
1301 2405 1454 2446 Deum
1482 2417 1594 2446 uero
1624 2405 1900 2454 maximum,

261 2492 320 2520 ne
343 2480 430 2520 sibi
453 2481 720 2532 repellatur.

341 2551 516 2603 Agitur
537 2558 797 2603 praeterea,
823 2557 867 2591 et
889 2551 1011 2591 serio
1040 2551 1242 2602 quidem,
1273 2550 1393 2590 inter
1423 2549 1559 2589 huius
1590 2547 1794 2588 ciuitatis
1822 2558 1904 2598 gu—

265 2624 540 2663 bernatores
563 2635 769 2675 quonam
798 2623 886 2675 ipsi
908 2624 1046 2663 modo
1075 2622 1264 2666 domum
1292 2622 1351 2662 ad
1377 2621 1564 2672 linguas
1591 2620 1899 2670 interpretan-

267 2695 352 2735 das
374 2695 731 2736 accommodam
754 2693 980 2735 Societati
996 2694 1177 2745 possint
1197 2705 1383 2745 parare.
1403 2692 1572 2733 Comes
1593 2691 1606 2710 ²
1625 2697 1782 2732 autem
1799 2702 1904 2730 con-

264 2766 394 2806 uenit
416 2777 522 2806 cum
543 2766 634 2806 illis
656 2766 861 2818 egregie.
888 2765 1105 2807 Creditur
1128 2765 1268 2805 etiam
1298 2764 1458 2805 oculos
1489 2775 1569 2804 eos
1596 2761 1836 2803 intendere
1859 2762 1904 2801 in

318 2950 329 2970 ¹
370 2949 571 2979 Carcerum.

319 2998 333 3018 Ξ
371 2998 482 3033 Supra
497 2999 610 3027 dictus
625 2999 747 3028 Comes
762 3001 802 3028 de
818 2998 974 3027 Tendilla
1016 3007 1020 3011 ’
