2104 3189
248 87 272 121 8
766 91 996 133 [ΛΠ-ΕΒΔΞ
1015 105 1378 140 QUADRIMESTRES

325 182 689 238 ,Superscrzptio
708 200 760 229 tn
778 195 957 242 quarta
971 198 1180 246 pagzna.

328 252 441 335 Hfls.
465 293 736 339 Admodum
756 298 859 340 R.d0
892 301 939 342 in
961 301 1149 344 Christo
1169 302 1300 344 Patri
1320 310 1483 346 nostro
1503 305 1732 358 Magistro
1753 308 1869 360 Igna
1883 333 1900 337 —

249 365 312 405 tio
336 365 393 406 de
413 367 595 419 Loyola
616 368 893 422 Praeposito
912 371 1135 414 Generali
1154 373 1405 416 Societatis
1420 375 1546 430 JeSU‚
1584 375 1778 420 Romae.

330 437 443 478 Alia
462 450 623 480 manu.
683 441 783 482 sine
804 454 942 484 anno.
969 443 1119 495 Quad.
1143 444 1369 499 Methym.
1393 448 1538 501 Junii.

907 840 948 895 G
956 840 1261 896 CXCVIII

318 1062 585 1102 Franciscus
605 1065 752 1114 Scipio

366 1127 489 1166 Patri
508 1130 680 1177 Ignatio
699 1132 753 1170 de
774 1133 960 1181 Loyola.

412 1195 634 1243 Ferraria,
658 1198 675 1234 1
695 1198 814 1245 Junii
831 1199 923 1238 1554
943 1201 968 1236 ¹.

1010 1377 1107 1419 IHS

322 1554 471 1595 Amor
493 1555 666 1597 Christi
687 1557 787 1598 Iesu
812 1558 859 1598 in
880 1558 1049 1598 animis
1072 1560 1243 1600 nostris
1265 1559 1386 1600 insit.

323 1626 490 1667 Paucis
512 1634 555 1668 te
579 1630 828 1669 certiorem
859 1629 1046 1679 faciam,
1072 1630 1224 1681 Pater,
1257 1631 1312 1671 de
1333 1631 1419 1680 his,
1444 1644 1563 1683 quae
1585 1632 1659 1672 his
1680 1637 1881 1685 quatuor

239 1700 476 1740 mensibus
511 1701 779 1752 praeteritis
807 1701 954 1742 diuini
981 1703 1185 1742 numinis
1213 1715 1298 1754 ope
1326 1710 1458 1753 gesta
1490 1710 1619 1744 sunt:
1644 1716 1764 1756 quae
1784 1705 1878 1756 qui-

238 1771 358 1822 dem,
391 1772 430 1811 si
453 1772 786 1822 expectationi,
825 1785 967 1825 quam
998 1773 1054 1813 de
1084 1774 1220 1814 nobis
1257 1775 1529 1826 concepisti,
1567 1787 1662 1816 non
1689 1787 1877 1828 respon-

237 1843 405 1894 derint,
430 1843 652 1884 ascribito
674 1845 895 1894 ignauiae
913 1845 1253 1898 socordiaeque
1274 1853 1479 1898 nostrae,
1501 1847 1579 1898 qui
1594 1859 1679 1899 pro
1701 1848 1879 1888 uiribus

237 1915 426 1965 nostriS,
463 1915 766 1968 Reipublicae
795 1916 1083 1958 christianae
1112 1917 1265 1958 studio
1293 1930 1469 1970 paruos
1499 1919 1790 1971 suscepimus
1817 1920 1880 1959 la-

236 1988 389 2027 bores.
429 1987 629 2039 Verum,
672 1994 926 2041 utcumque
961 2001 1010 2030 se
1045 1989 1218 2030 habeat
1251 2002 1349 2040 res,
1387 1991 1590 2042 primum
1625 1990 1879 2042 aggrediar

235 2059 440 2100 scribere
476 2059 532 2100 de
568 2060 638 2111 iis,
671 2071 790 2112 quae
824 2073 848 2100 a
885 2061 1097 2113 patribus
1124 2062 1307 2113 publice
1339 2069 1446 2102 sunt
1478 2068 1599 2112 acta,
1631 2062 1796 2103 deinde
1825 2063 1881 2103 de

235 2139 643 2173 sacramentorum
668 2132 948 2184 frequentia,
972 2139 1069 2173 tum
1090 2145 1204 2173 vero
1234 2134 1289 2173 tle
1312 2134 1566 2174 iuuentutis
1588 2134 1879 2174 institutione

234 2209 279 2243 et
301 2203 559 2244 domestica
581 2209 767 2256 patrum
791 2211 834 2244 et
856 2204 1055 2244 fratrum
1078 2206 1430 2246 consuetudine.

314 2275 425 2316 Dux
446 2274 460 2294 2
482 2275 571 2316 hac
594 2275 960 2328 quadragesima
982 2276 1114 2316 iussit
1138 2277 1361 2317 accersiri
1383 2283 1566 2328 patrem
1596 2283 1808 2318 nostrum
1836 2282 1881 2317 et

234 2352 468 2387 rectorem
489 2345 517 2398 ⁵,
542 2358 740 2400 eumque
759 2348 991 2388 consuluit
1013 2347 1068 2387 de
1086 2348 1298 2399 plurimis
1315 2349 1469 2400 rebus,
1484 2360 1602 2401 quae
1621 2348 1679 2389 ad
1700 2348 1879 2389 institu-

233 2419 410 2459 tionem
432 2419 558 2459 uitae
580 2419 866 2459 christianae
889 2420 1183 2471 spectabant,
1217 2420 1466 2472 multisque
1497 2420 1654 2461 uerbis
1674 2421 1795 2460 ultro
1817 2419 1876 2459 ci-

233 2498 401 2543 troque
438 2490 632 2540 habitis,
670 2490 976 2542 praescripsit
1015 2496 1062 2530 ut
1098 2491 1300 2542 primum
1336 2492 1520 2532 audiret
1559 2490 1878 2532 confessiones

233 2568 572 2612 matronarum,
598 2573 718 2614 quae
739 2562 786 2602 in
812 2562 987 2614 palatio
1010 2568 1214 2613 manent,
1239 2563 1403 2603 deinde
1425 2563 1559 2612 filias,
1583 2562 1878 2603 confessione

235 2632 411 2685 audita,
435 2633 713 2675 informaret
734 2633 793 2673 ad
814 2634 1038 2685 pietatem
1068 2640 1112 2673 et
1134 2645 1288 2674 mores
1319 2634 1616 2684 christianos;
1639 2640 1877 2685 postremo

288 2797 297 2816 ¹
339 2797 592 2832 Autographae
607 2801 686 2825 sunt
701 2798 735 2825 in
750 2797 832 2825 folio
846 2796 983 2831 duplici,
999 2796 1032 2823 in
1048 2803 1190 2831 quorum
1206 2797 1315 2830 primo
1334 2800 1471 2825 tantum
1493 2795 1527 2823 in
1544 2801 1724 2830 supremae
1748 2794 1880 2829 primae

234 2845 382 2880 paginae
400 2852 461 2873 ora
476 2848 528 2872 est
544 2853 575 2873 n.
591 2844 618 2879 6,
635 2845 691 2879 qui
706 2849 864 2872 recenter
877 2844 963 2872 satis
977 2843 1154 2878 appositus
1165 2843 1312 2871 videtur.

286 2894 300 2914 Ξ
338 2892 505 2921 Hercules
520 2893 560 2920 de
574 2893 670 2921 Este.

286 2941 301 2961 3
338 2941 376 2969 P.
392 2941 558 2974 Joannem
573 2941 805 2969 Pelletarium·
