2047 3179
862 171 944 206 ΑΝ.
977 170 1068 206 1555
1722 171 1796 208 503

243 268 596 319 Superscrt'ptl'o
628 267 676 307 in
706 270 879 319 quarta
900 265 1109 317 pagina:
1140 265 1200 306 Al
1232 266 1375 305 molto
1406 265 1507 306 R.d0
1539 267 1584 306 in
1605 266 1794 307 Christo

160 339 209 380 P.
235 339 337 379 Mis.
368 339 548 391 Ignatio
579 339 625 379 di
653 339 830 389 Loiola,
858 335 1103 388 Preposito
1129 336 1331 376 General
1358 337 1475 376 della
1502 337 1793 389 Compagnia

161 409 208 450 di
230 410 373 451 Giesu
396 411 443 450 in
464 410 627 450 Roma.

241 481 352 521 Alia
374 493 535 521 manu:
560 482 674 521 1000.
699 481 879 521 Genua.
904 479 1280 531 Quadrimestres
1306 477 1331 517 6
1351 478 1489 530 Junii.

243 553 406 592 Manet
427 551 688 602 vestigimn
710 562 841 591 cerae
862 551 1036 590 rubrae
1056 549 1229 599 sigilli.

830 975 1068 1029 GGOXC
1081 976 1117 1026 V

234 1201 464 1240 Arnoldus
484 1203 660 1240 Hezeus

286 1267 408 1305 Patri
427 1267 597 1315 Ignatio
618 1269 670 1305 de
693 1268 879 1316 Loyola.

330 1332 545 1379 Lovanio,
565 1333 587 1370 ὁ
606 1333 723 1380 Junii
745 1333 836 1371 1555
854 1334 876 1369 ¹.

969 1489 990 1504 A<

976 1506 981 1522 Ι

936 1525 1033 1566 IHS

245 1685 410 1726 Gratia
432 1691 475 1726 et
499 1697 593 1737 pax
615 1685 789 1726 Christi
809 1697 993 1737 semper
1014 1686 1270 1726 nobiscum.
1291 1686 1458 1726 Amen.

246 1756 296 1797 In
330 1757 419 1797 hoc
450 1757 781 1808 quadrimestri
810 1768 902 1797 non
935 1763 1005 1796 est
1026 1757 1165 1807 aliud,
1191 1757 1247 1797 de
1277 1768 1367 1808 quo
1389 1757 1438 1798 Ρ.
1464 1758 1523 1798 V.
1548 1759 1797 1800 certiorem

165 1828 319 1868 facere
355 1828 621 1876 debeamus,
653 1839 793 1879 quam
827 1828 1007 1875 domus,
1046 1828 1323 1878 studiorum,
1362 1829 1711 1870 confessionum
1742 1843 1799 1870 ac

162 1900 442 1939 concionum
464 1900 724 1939 communis
745 1905 910 1947 status,
935 1899 1132 1950 singulis
1153 1910 1271 1950 pene
1305 1900 1725 1951 quadrimestribus
1747 1902 1795 1941 li-

163 1970 275 2010 teris
297 1970 574 2022 explicatus.
722 1973 726 1977 ‘

241 2040 285 2081 A
306 2041 677 2081 confessionibus
699 2040 942 2081 audiendis
963 2053 1020 2081 ne
1042 2041 1101 2081 ad
1123 2041 1246 2081 diem
1268 2042 1454 2093 quidem
1490 2043 1679 2083 unicum
1701 2055 1799 2083 ces-

162 2118 316 2152 satum
337 2118 420 2159 est,
445 2112 491 2151 in
513 2112 678 2163 quibus
700 2112 804 2161 duo,
824 2111 870 2151 in
892 2111 1090 2152 diuersis
1107 2112 1348 2153 constituti
1366 2113 1591 2164 ecclesiis,
1612 2126 1798 2166 semper

162 2190 467 2235 occupantur,
491 2194 608 2234 quas
630 2183 917 2222 confessario
939 2183 1259 2223 destituendas
1281 2196 1374 2223 non
1396 2190 1615 2234 putamus
1638 2185 1695 2225 ob
1717 2197 1798 2226 va-

162 2254 260 2294 rios
280 2254 523 2306 Vtriusque
545 2265 687 2294 sexus
713 2254 939 2304 homines,
970 2260 1066 2294 tam
1097 2254 1346 2305 religiosos
1377 2267 1517 2306 quam
1538 2256 1791 2306 seculares,

163 2325 243 2377 qui
277 2337 300 2365 e
330 2325 527 2374 diuersis
554 2325 668 2364 locis
699 2331 743 2364 et
775 2324 1056 2375 ciuitatibus,
1085 2325 1257 2376 viginti
1284 2337 1511 2377 persaepe
1533 2337 1681 2378 eoque
1703 2338 1798 2367 am-

163 2396 284 2447 plius
305 2396 412 2436 hinc
433 2395 723 2445 milliaribus,
748 2395 998 2436 confitendi
1018 2395 1263 2436 dumtaxat
1280 2396 1669 2448 consultandique
1689 2408 1796 2448 gra-

164 2467 243 2517 tia,
267 2467 357 2507 huc
378 2466 631 2516 confluunt,
655 2466 810 2506 onusti
830 2466 956 2506 haud
976 2478 1085 2506 raro
1106 2467 1338 2518 scrupulis
1355 2474 1399 2507 et
1422 2467 1791 2519 quaestionibus,

165 2538 331 2589 quibus
352 2538 398 2577 in
419 2537 635 2577 omnibus
655 2536 885 2578 Dominus
906 2549 988 2589 per
1009 2549 1095 2577 nos
1116 2537 1390 2578 satisfacere
1407 2537 1644 2589 dignatur,
1669 2539 1793 2590 quod

163 2615 326 2649 nostra
346 2619 643 2660 nequaquam
665 2608 863 2659 contigit
897 2608 1144 2658 industria,
1169 2607 1250 2648 sed
1272 2609 1373 2660 ipsa
1394 2607 1408 2627 ²
1429 2608 1657 2649 immensa
1679 2621 1795 2662 erga

214 2795 225 2815 ¹
266 2794 524 2828 Autographae,
541 2798 633 2821 totae
650 2801 750 2821 manu
773 2794 877 2828 ipsius
892 2794 1047 2826 Arnoldi,
1072 2794 1169 2821 unico
1186 2793 1275 2828 folio,
1299 2793 1482 2821 n.345.-1n
1499 2793 1538 2821 iis
1560 2794 1728 2829 quaedam
1742 2795 1798 2822 de-

162 2842 248 2870 levit
263 2842 441 2875 Polancus,
458 2849 543 2876 quae
559 2849 618 2869 nos
633 2841 758 2869 italicis
774 2842 900 2869 litteris
921 2841 1169 2876 distinguimus;
1192 2842 1274 2875 alia,
1300 2842 1488 2869 deletorum
1513 2843 1585 2869 loco
1606 2842 1796 2877 substituit,

163 2897 249 2924 quae
265 2889 318 2916 hic
333 2889 375 2915 ad
396 2889 541 2923 paginae
562 2890 691 2916 calcem
712 2888 1161 2917 scribemus.-Litterarum
1175 2889 1224 2917 sic
1239 2889 1499 2917 emendatarum
1514 2893 1629 2918 exstat
1649 2897 1798 2925 apogra-

165 2938 278 2972 phum.
295 2937 374 2964 folio
389 2937 468 2963 item
484 2937 592 2966 unico.
610 2945 639 2964 n.
655 2937 718 2964 318.

220 2986 232 3004 Ξ
273 2985 399 3019 ipsius.
418 2983 597 3011 Polaticus.
