2047 3179
868 145 952 183 ΑΝ.
984 146 1075 184 1555
1712 149 1784 186 679

148 243 277 283 niam
311 244 585 294 religionem
613 244 816 295 priorem
851 254 1039 283 rursum
1074 243 1257 293 ingredi
1292 243 1378 282 sibi
1414 255 1506 282 non
1542 244 1685 293 licuit,
1723 244 1783 284 ad

153 315 308 363 aliam,
334 314 486 354 Patris
506 315 734 355 Euerardi
754 326 866 354 usus
889 314 1100 364 consilio,
1120 314 1503 354 selubentissime
1525 315 1778 355 transtulit.

152 385 227 425 Ad
248 386 363 425 haec
384 397 476 425 non
496 386 713 437 ignobilis
734 385 921 437 quidam
944 384 1018 424 uir
1038 396 1188 435 neque
1217 385 1539 424 doctrinarum
1566 385 1779 436 ignarus,

152 455 229 507 qui
250 456 296 495 in
319 457 406 496 hac
427 457 539 496 urbe
562 457 756 508 aliisque
778 456 824 496 in
845 455 960 496 locis
983 467 1075 495 non
1097 455 1346 495 mediocris
1368 454 1670 496 authoritatis
1692 463 1778 506 est,

151 527 228 577 qui
249 527 398 566 uicem
420 527 642 579 Episcopi
663 528 832 568 multos
854 538 1001 566 annos
1022 526 1184 577 gessit,
1208 525 1306 566 dies
1329 525 1505 577 aliquot
1526 526 1779 577 spirituali-

148 597 236 637 bus
264 598 499 638 exercitiis
530 598 734 649 deditus,
765 598 954 638 tandem
982 596 1204 638 Societati
1232 602 1422 637 nostrae
1451 609 1499 637 se
1529 597 1780 638 dedicauit:

151 679 286 719 quem
308 668 414 708 hinc
437 669 528 709 cito
550 670 607 709 ob
629 669 751 710 hanc
773 670 923 721 ipsam
945 680 1137 708 causam
1162 668 1221 708 ad
1242 679 1326 708 uos
1344 667 1662 708 discessurum
1683 680 1780 709 cre—

151 738 317 779 dimus.
340 739 391 779 In
412 740 652 791 capiendis
673 752 786 780 uero
808 739 1016 780 consiliis
1038 739 1256 790 permulti
1276 738 1336 778 ad
1356 744 1543 778 nostros
1571 739 1777 789 ueniunt,

149 810 316 859 quibus
336 811 538 851 maxime
560 811 720 851 fidunt.

227 879 366 931 Quid?
387 881 511 932 quod
532 883 740 922 nonnulli
761 888 805 922 et
826 893 890 932 se,
914 888 960 922 et
982 881 1185 930 domum,
1206 887 1250 921 et
1267 892 1365 921 rem
1383 892 1568 921 omnem
1584 880 1781 921 familia-

146 962 245 991 rem
265 952 439 991 nostris
460 953 812 992 commiserunt?
835 951 953 992 Tum
982 953 1085 992 lites
1108 963 1405 1003 componere,
1430 951 1692 991 discordias
1713 963 1781 991 se·

147 1022 275 1073 dare,
293 1034 458 1073 pacem
477 1024 729 1064 conciliare
747 1024 867 1064 inter
883 1024 1015 1074 alios,
1036 1023 1183 1063 nostri
1202 1022 1390 1063 student
1407 1023 1778 1074 diligentissime.

150 1091 221 1133 Ac
243 1104 392 1144 nuper
413 1093 461 1133 P.
486 1094 755 1134 Euerardus
776 1095 1019 1146 quosdam,
1044 1094 1232 1134 inimico
1256 1094 1412 1134 animo
1433 1094 1552 1134 inter
1573 1105 1623 1134 se
1645 1094 1777 1134 dissi-

151 1163 328 1214 dentes,
353 1164 398 1204 in
420 1165 722 1205 concordiam
743 1165 998 1205 reuocauit.
1025 1164 1113 1217 Qui
1132 1165 1247 1205 fassi
1263 1171 1371 1205 sunt
1388 1166 1434 1205 in
1454 1165 1712 1205 amicitiam
1729 1176 1779 1205 se

141 1246 383 1287 nunquam
404 1235 494 1276 nisi
514 1247 597 1287 per
621 1236 670 1276 Ρ.
701 1237 992 1277 Euerardum
1018 1236 1171 1276 redire
1197 1236 1420 1287 potuisse.
1452 1235 1651 1287 Fuitque
1682 1247 1778 1287 pax

146 1306 262 1346 haec
290 1306 410 1346 inter
437 1307 540 1346 illos
568 1307 816 1347 conciliata
843 1307 1117 1358 utilissima,
1153 1307 1338 1358 quando
1367 1318 1426 1346 ex
1453 1317 1616 1346 eorum
1648 1305 1779 1346 dissi-

146 1377 233 1417 diis
266 1389 440 1430 magna
474 1379 681 1430 utrisque
715 1379 925 1430 pericula
960 1378 1304 1430 impendebant.
1337 1378 1442 1431 Jam
1476 1383 1777 1429 aegrotantes

143 1449 392 1500 consolari,
418 1449 612 1490 afflictos
634 1450 880 1490 subleuare
901 1449 1124 1500 oratione,
1149 1455 1192 1489 et
1210 1450 1257 1489 in
1277 1461 1467 1489 carcere
1485 1449 1696 1489 detentos
1713 1449 1777 1489 ui-

145 1520 303 1570 sitare,
328 1532 499 1572 eosque
520 1527 564 1560 et
588 1521 647 1561 ad
667 1510 983 1561 tollerantiam
1007 1521 1235 1560 malorum
1259 1520 1514 1571 cohortari,
1537 1525 1582 1560 et
1603 1519 1663 1560 ad
1683 1519 1776 1571 pie-

143 1596 287 1631 tatem
308 1591 542 1641 inducere,
566 1598 836 1632 nostrorum
858 1591 1048 1643 propria
1070 1598 1178 1631 sunt
1201 1590 1366 1631 officia.

222 1662 292 1702 De
314 1661 514 1703 Sanctae
534 1662 859 1703 Eucharistiae
881 1662 1208 1702 communione
1229 1663 1366 1702 simul
1388 1673 1442 1702 ac
1474 1661 1776 1702 confessioni-

139 1733 229 1773 bus
248 1734 378 1785 prius
399 1740 500 1774 erat
527 1734 792 1781 dicendum3
825 1745 989 1773 uerum
1020 1734 1169 1773 solum
1196 1732 1242 1772 id
1271 1741 1370 1773 erat
1403 1732 1526 1784 quod
1553 1732 1772 1783 dicerem,

136 1804 461 1845 confitentium
482 1810 525 1844 et
547 1805 993 1844 communicantium
1014 1815 1261 1844 numerum
1282 1804 1328 1844 in
1350 1803 1447 1843 dies
1469 1804 1649 1854 augeri.

221 1874 270 1914 Ρ.
294 1875 560 1916 Euerardus
583 1875 743 1915 diebus
761 1875 1007 1916 dominicis
1030 1875 1360 1915 concionatur:
1391 1880 1435 1914 et
1463 1874 1649 1914 ueneris
1680 1874 1772 1914 die-

144 1946 231 1986 bus
252 1953 295 1986 et
316 1947 445 1987 festis
466 1946 514 1987 P.
539 1945 771 1997 Andreas,
796 1947 928 1986 cuius
951 1958 1094 1997 opera
1114 1945 1336 1997 Episcopi
1359 1945 1577 1985 Vicarius
1599 1945 1659 1985 ad
1674 1946 1772 1996 plu-

136 2017 283 2057 rimas
303 2029 378 2057 res
399 2018 558 2066 utitur,
584 2017 859 2068 praesertim
880 2017 939 2057 ad
967 2016 1238 2057 monialium
1266 2017 1411 2056 uitam
1441 2016 1612 2067 optime
1639 2015 1771 2055 insti-

136 2088 371 2128 tuendam.
394 2088 533 2128 Fiunt
554 2088 599 2127 in
622 2088 710 2128 hac
731 2088 845 2128 urbe
866 2099 1145 2139 unoquoque
1177 2087 1251 2127 die
1273 2087 1504 2139 quaedam
1531 2086 1772 2126 hominum

138 2160 480 2209 conuenticula,
506 2159 565 2199 ad
587 2170 705 2210 quae
726 2159 998 2210 saepissime
1031 2164 1230 2199 uocatus
1264 2158 1312 2198 P.
1342 2157 1560 2198 Andreas
1588 2157 1772 2197 concio-

136 2236 290 2270 natur.
315 2230 373 2270 Et
402 2242 550 2282 nuper
579 2230 626 2269 in
652 2228 819 2270 maiori
850 2230 965 2270 aede
993 2229 1183 2281 quidam
1211 2229 1517 2269 concionatus
1537 2229 1683 2268 multa
1713 2228 1770 2268 de

136 2307 299 2341 nostra
319 2300 555 2341 Societate
576 2300 883 2352 praedicauit.

218 2370 308 2412 Sed
328 2384 385 2412 ne
406 2371 574 2412 nimius
595 2373 642 2412 in
662 2371 751 2411 hoc
770 2382 944 2423 genere
966 2371 1143 2420 uidear,
1168 2371 1224 2411 de
1246 2370 1566 2411 doctrinarum
1594 2369 1768 2410 nostris

136 2442 302 2482 studiis
323 2443 546 2482 nonnulla
568 2442 764 2482 dicenda
785 2448 910 2482 sunt.
934 2442 1111 2494 Atque,
1136 2448 1185 2482 ut
1207 2441 1319 2482 illud
1347 2441 1609 2492 omittatur,
1633 2440 1766 2480 disci-

136 2506 351 2565 pulorum
371 2524 616 2553 numerum
637 2513 843 2565 quotidie
871 2514 1098 2553 maiorem
1128 2512 1251 2563 fieri,
1283 2513 1372 2552 hoc
1400 2523 1769 2552 commemoran-

136 2584 260 2624 dum:
283 2583 512 2635 quosdam
534 2584 783 2634 optimates
805 2589 850 2623 et
872 2584 1095 2635 Episcopi
1117 2583 1364 2624 Vicarium
1391 2595 1417 2623 a
1448 2582 1652 2623 ciuitatis
1674 2581 1765 2623 Gu-

135 2654 384 2694 bernatore
423 2654 678 2694 obtinuisse
699 2687 706 2705 ‚
748 2660 797 2694 ut
818 2687 825 2705 ,
868 2655 1089 2706 quoniam
1130 2655 1176 2694 in
1211 2654 1300 2694 hac
1336 2653 1594 2694 Academia
1630 2665 1766 2694 nemo

130 2736 308 2776 graeca
330 2724 617 2776 profiteatur,
641 2731 853 2765 nostrum
875 2725 1044 2776 aliquis
1064 2736 1239 2776 graeca
1268 2731 1312 2765 et
1341 2731 1489 2764 artem
1511 2724 1767 2764 oratoriam

135 2807 229 2836 una
244 2795 554 2848 profiteretur.
573 2795 621 2836 Id
640 2795 761 2847 quod
778 2802 822 2835 et
839 2796 1018 2836 ciuitati
1035 2796 1202 2836 honori
1218 2802 1262 2836 et
1277 2795 1532 2847 discipulis,
1548 2796 1626 2847 qui
1642 2795 1768 2836 istud

132 2878 276 2918 saepe
297 2867 606 2918 postularant,
629 2873 905 2918 pergratum
926 2867 1026 2907 fore
1048 2867 1383 2918 intelligebant.
1407 2866 1658 2906 Praeterea
1687 2878 1766 2906 uo-

139 2937 223 2977 luit
243 2936 540 2977 Gubernator
557 2944 607 2977 ut
623 2937 791 2987 oratio,
810 2949 929 2989 quae
946 2937 1084 2977 huius
1102 2937 1389 2978 Academiae
1407 2936 1663 2977 studiorum
1682 2938 1766 2978 ini-
