2047 3179
221 144 269 179 L'o
741 147 966 185 LITTnRAE
986 159 1346 191 QUADRfflEsTREs

954 599 1124 653 CCCI

287 826 557 866 Guilielmus

335 892 462 931 Patri
479 894 652 942 Ignatio
674 894 726 932 de
748 895 928 943 Loyola.

382 957 594 1006 Bononia,
615 959 662 997 ‘23
680 960 797 1007 Junii
820 961 910 998 1554
931 961 954 996 ¹.

983 1162 1080 1228 iiis

288 1382 389 1423 Pax
410 1382 485 1424 X}
512 1383 572 1424 sit
595 1395 778 1436 semper
798 1385 1059 1435 nobiscum,
1085 1391 1172 1425 etc.

288 1453 472 1505 Paucis,
488 1454 762 1495 Reuerende
782 1462 929 1507 pater,
946 1462 995 1496 vt
1018 1456 1311 1496 obedientiae
1329 1461 1585 1507 praecepto
1604 1461 1648 1495 et
1664 1455 1714 1495 Ρ.
1730 1460 1854 1504 tuae,

205 1525 363 1577 quoad
384 1531 563 1577 potero,
588 1526 896 1578 satisfaciam,
920 1539 989 1578 ea,
1012 1539 1131 1579 quae
1148 1527 1282 1578 Dns.,
1302 1527 1532 1567 bonorum
1553 1526 1760 1567 omnium
1779 1538 1855 1566 au-

205 1602 326 1647 ctor,
358 1609 441 1649 per
469 1609 570 1648 nos,
604 1597 788 1638 infirma
820 1598 958 1638 valde
987 1598 1135 1650 ipsius
1168 1598 1494 1649 instrumenta,
1525 1597 1753 1650 proximis
1784 1598 1856 1638 his

206 1669 447 1709 mensibus
481 1669 705 1720 gesserit,
743 1670 1004 1722 explicabo.
1045 1669 1101 1710 Et
1136 1682 1192 1710 ne
1229 1670 1450 1722 cuiquam
1484 1670 1542 1710 sit
1573 1681 1855 1722 persuasum

204 1739 412 1780 minores
433 1751 518 1780 nos
539 1740 679 1781 modo
704 1752 846 1792 quam
868 1740 1096 1782 hactenus
1119 1752 1519 1781 consueueramus
1541 1741 1854 1793 spiritualium

204 1816 478 1852 nostrorum
499 1812 714 1852 laborum
734 1812 915 1853 fructus
936 1818 1129 1864 propter
1149 1812 1295 1853 falsos
1318 1813 1422 1853 illos
1445 1824 1673 1862 rumores,
1697 1812 1744 1852 in
1766 1824 1853 1852 nos

203 1883 344 1934 paulo
368 1889 506 1923 antea
529 1884 760 1924 excitatos
776 1886 805 1934 Ξ,
831 1884 1093 1934 collegisse,
1112 1883 1268 1935 potius
1286 1884 1554 1924 huiusmodi
1575 1883 1852 1935 tragoediae

201 1953 457 1995 effecerunt
494 1961 542 1995 ut
578 1955 798 2007 permulti
832 1954 1061 2006 proximis
1088 1955 1217 1995 hisce
1248 1954 1624 1995 Resurrectionis
1646 1967 1702 1995 ac
1734 1954 1851 1995 Pen-

205 2026 441 2067 thecostes
461 2026 593 2067 festis
615 2027 674 2067 ad
697 2032 854 2077 patres
876 2032 1077 2075 nostros,
1109 2032 1157 2066 ut
1180 2026 1235 2066 de
1263 2027 1474 2078 peccatis
1496 2025 1849 2077 confiterentur,

204 2098 509 2138 accesserint.

282 2168 501 2209 Accessit
523 2169 644 2209 inter
666 2168 782 2209 alias
804 2174 848 2209 et
869 2168 1034 2208 mulier
1056 2168 1289 2220 quaedam
1310 2168 1398 2208 hac
1421 2169 1583 2209 eadem
1607 2169 1662 2209 de
1685 2180 1844 2219 causa,

204 2250 338 2290 quae,
364 2240 581 2291 quamuis
602 2239 869 2280 meretricio
892 2240 970 2279 illo
988 2239 1220 2291 pessimae
1242 2240 1367 2279 vitae
1389 2251 1563 2290 genere
1584 2240 1851 2291 quindecim

202 2311 338 2350 annis
360 2310 549 2351 foedata
570 2311 738 2360 fuerat,
763 2311 951 2351 Domini
973 2316 1130 2351 tamen
1151 2311 1318 2362 spiritu
1340 2311 1513 2362 afflata,
1538 2311 1693 2352 hostia
1715 2311 1842 2362 viua,

203 2380 304 2423 Deo
333 2383 540 2434 placens,
570 2388 675 2434 post
703 2382 1048 2423 confessionem
1075 2381 1254 2432 effecta,
1280 2383 1327 2422 in
1349 2388 1479 2422 casta
1509 2389 1647 2435 atque
1675 2383 1847 2434 pudica

202 2453 317 2499 vita.
342 2453 519 2494 crebris
541 2454 679 2494 modo
701 2453 1077 2494 confessionibus
1107 2453 1299 2505 puritati
1331 2454 1539 2503 studens,
1566 2454 1845 2494 continetur.

201 2524 295 2565 Alii
317 2525 600 2566 conditionis
622 2525 808 2576 quidem
830 2536 923 2565 non
945 2524 1148 2575 infimae,
1172 2525 1309 2576 graui
1332 2526 1457 2566 aeris
1479 2525 1619 2565 alieni
1641 2525 1848 2576 pondere

198 2595 364 2636 fraude
398 2608 454 2637 ac
488 2596 681 2637 foenore
714 2596 918 2648 grauati,
950 2607 1124 2647 magna
1159 2597 1348 2637 tandem
1369 2603 1474 2648 post
1501 2596 1848 2637 confessionem

196 2668 483 2718 poenitentia
507 2667 650 2718 ducti,
674 2668 798 2719 patri
819 2673 982 2707 nostro
1005 2666 1018 2684 ³
1041 2678 1291 2707 aureorum
1313 2679 1545 2708 summam
1567 2667 1712 2707 ferme
1735 2678 1847 2718 qua-

196 2737 560 2789 dringentorum
589 2738 928 2779 restituendam
963 2738 1250 2779 detulerunt:
1287 2738 1593 2790 plurimisque
1629 2738 1851 2789 precibus

255 2876 267 2897 ¹
306 2876 558 2911 Apographum
573 2876 606 2904 in
622 2876 747 2911 duplici
765 2876 853 2909 solio,
867 2883 920 2902 nn.
938 2876 973 2903 70
987 2880 1019 2903 et
1032 2875 1079 2904 80.

253 2923 267 2944 ⁵
306 2923 393 2951 Vide
410 2924 562 2952 PoLANCI
580 2923 784 2956 Chronicon,
801 2928 825 2951 t.
843 2931 890 2953 111.
906 2931 986 2958 pag.
1006 2925 1064 2957 132,
1077 2932 1131 2952 nn.
1149 2925 1201 2951 262
1216 2929 1249 2951 et
1265 2924 1327 2951 263.

252 2971 268 2992 ⁸
305 2970 443 2999 Scilicet
462 2971 644 3000 Francisco
660 2971 802 3005 Palmio,
820 2971 1041 2999 Bononiensis
1057 2972 1174 2999 domus
1190 2972 1375 3006 Superiori.
