2047 3179
907 120 990 157 ΑΝ.
1023 120 1112 156 1555
1758 110 1829 154 327

194 231 356 260 rerum
386 226 677 267 nostrarum,
709 222 946 268 postremo
974 215 1030 254 de
1056 214 1142 264 his,
1176 225 1296 265 quae
1325 212 1498 253 Diuina
1528 212 1713 252 bonitas
1744 223 1829 263 per

196 302 284 331 nos
306 289 492 342 operari
513 289 705 340 dignata
727 293 810 337 est,
840 286 1070 326 breuitate
1100 284 1254 324 debita
1287 296 1342 323 ac
1374 294 1529 323 rerum
1562 283 1828 323 certissima

197 360 289 401 fide
311 361 533 400 dicemus.

279 431 352 471 Ex
371 431 498 471 Vrbe
529 430 672 482 igitur
693 427 889 481 profecti
910 427 968 466 ad
995 427 1020 466 5
1051 427 1136 466 cal.
1168 424 1458 473 Decembris,
1492 428 1623 463 tanta
1653 424 1824 464 animo-

196 513 301 541 rum
323 513 378 542 ac
400 512 651 552 corporum
672 499 915 540 alacritate
937 497 1116 537 itineris
1134 496 1395 536 molestiam
1412 505 1572 534 sumus
1589 495 1821 545 aggressi,

196 578 246 612 ut
269 583 327 612 ex
354 578 450 612 tam
484 571 606 612 felici
642 570 772 611 initio
802 568 1058 609 feliciorem
1081 567 1257 607 exitum
1285 565 1422 605 facile
1451 576 1642 616 sperare
1669 576 1824 616 posse-

196 654 314 683 mus:
339 654 456 694 quae
476 654 551 682 res
572 641 759 682 minime
780 638 938 680 fefellit
968 638 1249 689 opinionem,
1274 647 1413 688 quam
1443 635 1495 676 R.
1520 635 1573 676 T.
1596 635 1644 676 Ρ.
1670 635 1726 676 de
1748 644 1824 676 no-

195 713 279 762 bis,
304 719 349 753 et
378 724 464 753 nos
499 712 554 753 de
588 711 810 752 ineffabili
838 709 1133 762 providentia
1170 707 1258 748 Dei
1293 716 1675 758 conceperamus.
1706 704 1827 747 Nam

194 789 327 823 tanta
349 789 450 824 erat
471 783 639 823 mentis
667 781 907 831 exultatio,
945 786 1102 820 tantus
1132 786 1402 819 nostrorum
1429 777 1621 817 Parrum
1652 788 1706 816 ac
1735 777 1823 817 fra-

188 860 316 894 trum
339 854 496 905 ardor,
519 860 651 895 tanta
672 853 862 905 spiritus
889 850 1194 901 abundantia,
1228 856 1277 890 ut
1307 861 1389 901 per
1415 849 1618 901 hospitia
1649 855 1693 889 et
1721 849 1823 889 uias

194 937 244 964 se
268 925 507 965 continere
529 937 622 965 non
652 930 857 976 possent,
891 923 1002 975 quin
1033 933 1152 971 eam,
1184 932 1322 973 quam
1359 920 1642 960 intrinsecus
1670 925 1822 970 gesta-

196 997 322 1047 bant,
347 996 643 1036 alacritatem
673 995 886 1036 omnibus
916 994 1227 1034 declararent.
1258 991 1392 1032 Unde
1420 990 1639 1031 effectum
1665 996 1750 1042 est,
1774 997 1824 1030 ut

199 1066 467 1108 efficacibus
499 1067 653 1107 uerbis
684 1073 728 1107 et
758 1065 878 1105 uiuis
911 1065 1135 1105 uirtutum
1171 1062 1397 1114 exemplis
1433 1072 1527 1102 non
1559 1069 1737 1113 paucos
1764 1061 1825 1102 ad

195 1138 434 1178 meliorem
456 1144 658 1178 mentem
674 1143 719 1177 et
738 1137 864 1177 uitae
885 1134 1139 1187 spiritualis
1161 1144 1373 1174 normam
1390 1138 1685 1174 reuocarent.
1706 1132 1821 1174 Con-

192 1209 443 1249 fitebantur
475 1209 552 1249 alii
579 1214 776 1260 peccata
806 1219 915 1258 sua,
946 1206 1024 1247 alii
1051 1205 1371 1257 blasphemiae
1401 1204 1565 1245 uitium
1595 1204 1822 1255 relinque-

185 1280 316 1331 bant,
342 1280 675 1320 comburebant
691 1278 901 1319 nonnulli
920 1283 1190 1318 nostrorum
1211 1287 1354 1317 suasu
1375 1281 1536 1328 turpes
1553 1281 1598 1315 et
1619 1275 1823 1315 lasciuas

190 1351 436 1403 imagines,
462 1362 622 1391 omnes
644 1350 856 1402 denique,
880 1349 1047 1401 quibus
1068 1347 1445 1400 praedicauimus
1467 1346 1705 1387 Christum
1722 1357 1821 1386 cru—

192 1422 396 1473 cifixum,
422 1422 595 1474 aliquid
613 1421 869 1473 spiritualis
886 1420 1071 1472 gratiae
1088 1416 1132 1460 et'
1146 1417 1486 1460 consolationis
1508 1418 1717 1469 recipere
1733 1417 1824 1457 uisi

191 1500 314 1534 sunt.
337 1493 585 1544 Reliquum
605 1503 719 1533 uero
739 1491 918 1532 itineris
938 1491 986 1531 in
1006 1489 1193 1542 hymnis
1215 1495 1259 1530 et
1280 1489 1478 1529 canticis
1501 1487 1824 1540 spiritualibus

195 1564 463 1605 dulcissime
484 1563 878 1614 transigebamus.

276 1635 340 1676 At
372 1642 622 1688 postquam
658 1633 946 1674 Maceratam
981 1633 1260 1684 appulimus,
1289 1631 1443 1672 Rflmm'
1467 1630 1707 1671 Marchiae
1740 1630 1824 1670 Le-

195 1712 373 1757 gatum,
398 1719 456 1746 ex
477 1706 767 1757 praescripto
784 1703 974 1745 Domini
991 1703 1345 1753 Gubernatoris,
1365 1702 1625 1750 inuisimus,
1644 1702 1722 1753 qui
1738 1712 1825 1742 nos

195 1777 529 1818 humanissime
548 1783 597 1817 ut
618 1775 920 1817 charissimos
940 1774 1059 1815 filios
1080 1780 1150 1815 est
1171 1774 1481 1826 amplexatUS,
1505 1772 1826 1825 amplissimis-

192 1860 283 1900 que
304 1848 692 1900 promissionibus
713 1852 1040 1899 prosequutus.
1072 1845 1229 1886 Multis
1252 1845 1394 1886 etiam
1417 1845 1570 1886 modis
1591 1844 1825 1896 significa-

194 1920 261 1960 uit
296 1920 617 1971 gratissimum
651 1918 738 1959 sibi
774 1929 876 1958 esse
910 1923 1124 1958 nostrum
1167 1917 1215 1957 in
1256 1917 1519 1957 Marchiam
1554 1915 1824 1968 aduentum,

194 1991 474 2042 praesertim
496 2002 602 2031 cum
624 2002 677 2030 eo
701 2002 727 2030 a
749 1988 803 2029 R.
826 1988 879 2029 T.
902 1988 970 2040 P.,
994 1989 1068 2029 cui
1104 2000 1152 2028 se
1180 1988 1353 2040 optime
1382 1987 1599 2028 affectum
1620 1987 1826 2027 declara-

195 2062 278 2112 uit,
304 2062 662 2103 destinaremus.

276 2133 379 2174 Hoc
400 2134 552 2185 ipsum
573 2132 801 2173 Dominus
821 2132 1125 2183 Vicelegatus
1152 2130 1321 2181 effecit,
1345 2130 1425 2182 qui
1456 2130 1596 2170 etiam
1618 2130 1664 2170 in
1684 2123 1829 2170 Fran-

186 2204 493 2245 ·ciscanorum
511 2203 738 2244 coenobio
759 2203 892 2243 nobis
919 2202 1349 2243 commodissimam
1369 2201 1560 2253 hospitii
1580 2200 1827 2241 habitatio-

194 2287 302 2315 nem
322 2275 483 2327 parari
504 2275 719 2315 iusserat.
744 2273 834 2315 Sed
851 2285 938 2314 nos
959 2272 1016 2313 D.
1042 2272 1384 2314 Gubernatoris
1406 2277 1655 2324 sequentes
1677 2271 1828 2312 consi-

194 2346 321 2397 lium,
346 2346 509 2386 eadem
548 2346 700 2396 domo,
733 2356 824 2397 qua
850 2345 965 2396 ipse,
997 2355 1158 2384 sumus
1189 2343 1276 2394 usi,
1307 2355 1397 2395 quo
1429 2342 1615 2383 facilius
1644 2353 1828 2383 summo

194 2429 330 2457 mane
351 2417 439 2458 iter
461 2417 507 2457 in
528 2416 650 2457 hanc
672 2417 843 2456 almam
866 2415 1055 2456 domum
1072 2415 1280 2466 arripere
1296 2424 1558 2466 possemus.
1576 2412 1827 2454 Desidera-

195 2488 307 2528 bant
335 2488 521 2529 interim
551 2499 733 2528 summa
761 2486 1089 2538 expectatione
1119 2492 1335 2526 nostrum
1362 2484 1616 2525 aduentum
1654 2483 1828 2525 Laure—

194 2559 292 2599 tani
314 2570 490 2609 omnes,
512 2558 790 2610 praesertim
813 2557 1028 2598 canonici
1050 2564 1094 2597 et
1125 2556 1411 2607 sacerdotes,
1449 2556 1543 2608 qui,
1568 2556 1718 2596 nostri
1750 2556 1826 2596 ad-

195 2636 363 2671 uentus
398 2630 664 2671 rumoribus
698 2628 912 2678 excitati,
949 2627 1314 2668 feruentioribus
1359 2627 1527 2668 animis
1567 2639 1718 2667 nouae
1757 2627 1827 2667 rei

187 2707 413 2741 euentum
433 2700 760 2752 expectabant.
784 2699 880 2740 Nos
900 2710 1013 2739 uero
1035 2698 1199 2739 eodem
1219 2697 1381 2738 ordine
1403 2709 1494 2750 quo
1510 2697 1695 2738 Rmum¹.
1716 2697 1824 2738 Pro-

185 2778 421 2812 ‘tectorem
439 2771 449 2791 ¹
467 2771 645 2812 Romae
660 2770 922 2821 inuisimus,
942 2769 1288 2810 sacratissimas
1304 2768 1392 2809 Dei
1411 2768 1666 2810 Genitricis
1683 2766 1826 2809 aedes

250 2932 259 2952 ¹
283 2931 500 2960 Cardinalem
516 2931 731 2966 Rodulphum
747 2930 787 2957 de
804 2929 916 2964 Carpi.
