2047 3179
229 134 300 167 fif-u)
746 135 975 173 LITTERAE
1002 147 1364 180 QUADRIMESTRES

228 230 328 270 nita
348 231 393 270 n’
417 230 587 271 habbia
609 231 668 271 da
690 232 802 272 nuoi
824 232 1014 283 (difficili
1036 245 1060 273 a
1084 240 1246 285 questo
1268 245 1351 285 per
1370 234 1401 274 il
1423 246 1653 276 concorso
1684 237 1724 275 d’
1755 237 1769 277 i
1798 249 1872 289 pe-

228 301 411 349 nitenti)
436 308 667 343 ottenutta
688 304 843 354 gratia
864 304 906 345 d’
931 307 1073 345 esser'
1101 305 1219 345 vditi
1240 305 1286 344 in
1308 305 1603 346 confessione
1631 310 1868 358 generale.

310 372 384 413 Gli
418 374 658 425 peregrini
684 375 947 426 parimente
982 387 1065 427 per
1099 376 1253 426 gratia
1285 375 1359 416 del
1393 375 1593 428 Signore
1628 378 1871 419 ritornano

229 445 373 484 molto
397 444 632 485 sodisfatti
654 452 699 486 et
721 446 924 487 edificati
945 446 991 486 di
1020 453 1184 498 questo
1207 452 1342 488 santo
1363 448 1565 499 luoghO,
1590 451 1628 488 si
1650 460 1731 500 per
1751 449 1778 489 l’
1800 462 1870 490 or-

229 515 336 555 dine
364 515 618 556 bellissimo
649 523 693 557 et
722 518 893 558 decoro
923 517 1043 557 della
1073 517 1250 569 chiesa,
1280 518 1311 558 il
1338 520 1474 570 quale
1502 531 1586 572 per
1614 520 1867 571 vigilanza,

227 586 541 628 sollicitudine
563 594 607 628 et
628 588 876 640 prudentia
900 589 945 628 di
967 588 1273 639 Monsignore
1295 590 1325 629 il
1347 589 1672 631 Gobernatore
1695 590 1705 611 ¹
1734 598 1870 632 tutta-

225 658 305 698 uia
326 670 386 698 va
409 659 680 710 crescendo,
705 663 823 700 com'
850 660 1000 700 anche
1021 660 1096 711 pel
1125 660 1314 712 profitto
1341 668 1385 701 et
1411 663 1735 703 consolatione
1766 664 1868 703 loro

227 729 484 781 spirituale;
509 737 553 771 et
575 731 614 771 si
636 737 968 771 sottometteno
998 732 1244 772 volentieri
1275 732 1380 783 (per
1411 733 1628 784 maggior
1658 734 1810 785 parte)
1842 746 1869 774 a

224 802 479 852 penitentie
501 814 681 850 seuere,
706 814 838 842 come
860 802 1105 854 discipline
1127 814 1211 854 per
1240 804 1284 842 la
1315 803 1496 855 chiesa,
1528 810 1572 844 et
1601 805 1750 844 anche
1781 806 1872 845 alle

224 874 352 913 volte
375 885 457 925 per
478 874 509 914 il
530 873 734 924 Borgho‚
760 874 806 913 in
828 874 962 914 sachi
983 885 1009 914 o
1031 885 1188 924 senza,
1212 874 1419 915 secondo
1442 874 1528 915 che
1549 876 1594 915 la
1611 876 1870 927 prudencia

225 951 271 985 et
300 945 507 996 giudicio
539 946 582 985 di
615 945 877 985 confessori
907 947 969 997 gl’
1001 945 1061 985 ha
1090 945 1306 986 ordinato
1328 947 1532 986 secondo
1561 947 1604 986 la
1627 947 1803 998 qualita
1825 954 1871 988 et

224 1017 439 1069 quantita
460 1017 506 1057 di
527 1018 725 1068 peccati3
750 1017 764 1057 i
787 1018 914 1069 quali
936 1029 1043 1069 qua,
1068 1017 1272 1058 secondo
1294 1019 1322 1057 l'
1348 1018 1566 1069 opinione
1589 1019 1645 1059 de
1666 1019 1797 1059 molti
1829 1020 1868 1060 si

222 1094 425 1129 trouano
461 1089 540 1140 piu
573 1089 711 1140 graui
746 1089 832 1129 che
866 1090 989 1129 nella
1024 1088 1356 1140 penitentiaria
1383 1089 1428 1129 di
1455 1088 1600 1130 Santo
1629 1089 1786 1130 Pietro
1820 1091 1868 1130 in

222 1159 390 1200 Roma.
415 1158 547 1200 Onde
569 1160 680 1211 ogni
701 1160 747 1200 di
767 1160 901 1212 quasi
923 1160 1002 1211 piu
1023 1160 1232 1200 huomini
1253 1160 1397 1200 nobili
1418 1166 1463 1200 et
1479 1160 1675 1211 ignobili
1693 1172 1782 1201 con
1804 1162 1866 1201 al-

222 1232 440 1282 legrezza
474 1231 695 1271 riceuono
731 1237 895 1283 questo
931 1242 1076 1271 suaue
1109 1231 1275 1282 giogo,
1313 1231 1637 1283 spogliandolo
1670 1233 1748 1284 poi
1779 1244 1868 1272 con

222 1308 354 1343 tanto
377 1302 595 1343 sensibile
617 1302 812 1354 aggiuto
836 1309 880 1342 et
902 1314 1019 1353 pace
1049 1302 1095 1342 di
1122 1302 1435 1353 conscientia,
1460 1302 1547 1343 che
1567 1313 1788 1354 vengono
1810 1304 1866 1344 ri—

221 1374 428 1414 trouarsi
449 1386 538 1414 con
559 1374 818 1414 abundanti
838 1374 1037 1425 lagrime
1060 1379 1104 1414 et
1131 1374 1511 1425 ringratiamenti
1537 1373 1611 1414 fin’
1642 1375 1734 1415 alla
1755 1386 1867 1415 casa

220 1451 398 1495 nostra,
424 1446 512 1485 alle
534 1446 658 1485 volte
680 1451 812 1485 tanto
835 1445 1077 1496 commosi,
1102 1445 1188 1485 che
1211 1445 1270 1485 da
1291 1456 1341 1485 se
1363 1451 1655 1497 prometteno
1675 1446 1867 1486 alchuni

221 1518 330 1568 ogn’
355 1529 478 1557 anno
500 1517 546 1557 in
567 1517 689 1557 simil
709 1517 877 1568 giorno
900 1516 1183 1557 confessarsi
1204 1523 1249 1556 et
1270 1517 1650 1566 communicarsi‚
1677 1525 1721 1557 et
1745 1518 1867 1557 altre

221 1588 268 1629 di
295 1589 374 1641 piu
395 1588 495 1629 fare
517 1589 637 1629 festa
660 1595 704 1629 et
727 1590 906 1629 cantar’
933 1588 1074 1629 vfficii
1095 1600 1178 1640 per
1201 1588 1458 1639 ringratiar
1476 1588 1505 1628 il
1529 1587 1728 1639 Signore
1746 1588 1868 1628 della

218 1661 375 1712 gratia
397 1661 608 1701 riceuuta
631 1661 695 1700 tal
717 1661 763 1700 di
785 1661 893 1712 qual
916 1660 1011 1700 mai
1031 1660 1247 1700 haueano
1270 1659 1649 1711 esperimentata.

301 1732 351 1773 Si
386 1744 534 1773 sonno
570 1732 667 1773 dati
702 1732 928 1772 essercitii
949 1764 956 1782 ,
994 1731 1275 1771 catechizati
1315 1730 1493 1781 alcuni,
1532 1737 1576 1771 et
1615 1731 1722 1771 altri
1761 1742 1866 1782 pro—

219 1804 339 1844 mosi
360 1805 452 1844 alla
474 1803 751 1855 perfettione
775 1803 1065 1855 euangelica,
1092 1802 1301 1843 huomini
1323 1809 1367 1842 et
1400 1802 1576 1853 donne,
1600 1808 1671 1842 tra
1695 1803 1708 1842 i
1739 1803 1866 1854 quali

218 1888 314 1916 Vno
336 1879 360 1916 e
381 1882 504 1916 stato
528 1875 735 1916 admisso
756 1876 830 1915 nel
852 1874 1074 1926 collegio,
1112 1885 1246 1914 come
1276 1885 1360 1925 per
1388 1874 1505 1913 altre
1533 1886 1679 1925 penso
1707 1873 1865 1914 hauer'

219 1947 403 1987 auisato
425 1949 469 1987 la
490 1947 543 1987 R.
578 1946 627 1987 P.
652 1946 728 1997 V.,
759 1947 1005 1987 sacerdote
1035 1946 1080 1986 di
1113 1947 1257 1986 molto
1289 1946 1443 1987 buone
1471 1945 1608 1997 parti.
1639 1945 1686 1986 Si
1715 1957 1866 1985 sonno

219 2017 336 2059 fatte
356 2019 463 2070 paci
485 2030 568 2070 per
589 2019 666 2058 uia
689 2018 731 2058 d'
753 2017 1070 2068 essortationi,
1095 2029 1171 2057 ma
1194 2018 1273 2069 piu
1293 2029 1377 2069 per
1398 2018 1477 2057 via
1495 2017 1540 2056 di
1559 2016 1861 2067 confessioni,

219 2090 484 2130 hauendoci
506 2090 616 2130 data
637 2095 798 2129 nostro
821 2089 1021 2140 Signore
1044 2101 1128 2141 per
1155 2099 1241 2129 sua
1271 2089 1429 2140 gratia
1461 2090 1551 2129 tale
1580 2088 1866 2128 aduertenza

219 2161 295 2201 ch'
309 2161 469 2202 auanti
487 2162 525 2201 si
543 2167 677 2213 parta
696 2161 726 2201 il
743 2161 981 2213 penitente
999 2160 1054 2211 (si
1069 2160 1142 2200 far
1158 2160 1197 2201 si
1216 2160 1426 2212 puossa),
1447 2160 1491 2200 di
1508 2160 1580 2199 far
1598 2160 1759 2200 venire
1777 2172 1867 2200 con

218 2233 299 2284 piu
321 2233 630 2273 conueneuoli
653 2233 799 2273 mezzi
829 2233 915 2272 che
945 2232 983 2272 si
1010 2244 1101 2284 puo
1133 2232 1176 2272 la
1206 2239 1339 2283 parte
1367 2231 1568 2271 aduersa
1596 2242 1679 2282 per
1709 2230 1861 2282 pacifi-

218 2304 336 2344 carli
358 2304 568 2355 insieme,
594 2303 748 2344 donde
770 2303 849 2355 piu
870 2304 997 2343 volte
1026 2307 1050 2343 e
1073 2303 1303 2343 accaduto
1333 2303 1405 2343 ch’
1441 2303 1601 2342 auanti
1629 2303 1659 2342 il
1686 2302 1863 2342 confes-

218 2385 325 2415 sore
364 2375 583 2415 amendui
614 2381 936 2415 teneramente
975 2374 1398 2414 abbracchiandosi
1433 2374 1626 2413 insieme
1657 2373 1696 2413 si
1731 2374 1864 2413 siano

216 2446 557 2487 racconciliati.
581 2446 638 2486 Et
660 2446 780 2486 doue
801 2458 895 2486 non
916 2446 954 2485 si
976 2456 1148 2497 puossa
1186 2445 1395 2485 ritrouar
1425 2446 1452 2484 l'
1487 2446 1607 2484 altra
1635 2450 1788 2495 parte,
1824 2444 1863 2483 si

217 2528 338 2568 pone
361 2528 447 2568 pur
468 2517 579 2568 ogni
601 2529 717 2557 cura
738 2517 824 2556 che
847 2522 1080 2568 prometta
1102 2516 1133 2556 il
1155 2515 1406 2567 penitente‚
1432 2516 1610 2555 benche
1644 2515 1862 2566 ingiuria-

215 2593 279 2636 to,
304 2588 360 2628 de
382 2588 607 2628 sforzarsi
628 2594 804 2640 quanto
826 2590 994 2638 puotra
1017 2586 1061 2626 di
1090 2597 1349 2635 congerere
1377 2586 1604 2626 carbones
1631 2586 1767 2636 t'gm‘s
1788 2597 1865 2625 su-

208 2663 300 2709 per
321 2663 463 2710 caput
484 2659 712 2708 alterins:
734 2659 795 2699 dil
819 2658 905 2699 che
928 2658 1164 2698 vberrimo
1186 2657 1331 2698 frutto
1355 2670 1404 2697 sc
1427 2659 1470 2697 n'
1499 2661 1522 2697 e
1544 2663 1734 2707 cauato,
1759 2668 1864 2696 con-

216 2730 446 2770 correndo
468 2731 512 2770 la
533 2730 688 2781 gratia
722 2729 764 2769 di
795 2736 956 2769 nostro
986 2727 1189 2780 Signore
1226 2729 1273 2768 in
1304 2729 1382 2780 piu
1415 2728 1558 2778 modi;
1592 2728 1664 2768 del
1697 2740 1786 2768 uno
1818 2727 1864 2767 di

215 2801 341 2851 quali
363 2802 514 2852 parmi
537 2801 875 2852 raggioneuole
898 2811 1088 2840 esscrne
1111 2811 1193 2851 per
1216 2811 1289 2839 me
1312 2799 1514 2839 chiarita
1533 2800 1575 2839 la
1598 2799 1652 2839 R.
1674 2799 1722 2839 P.
1748 2798 1806 2839 V.

272 2959 281 2979 ¹
322 2959 457 2993 Caspai·
474 2960 512 2986 dc
533 2959 659 2986 Noctis.
