2047 3179
866 105 950 141 ΑΝ.
981 105 1073 141 1554
1750 106 1796 143 55

159 202 305 242 multo
328 201 534 241 deterius
561 200 894 252 praestiterant
918 199 942 240 ¹.
974 199 1089 239 Rem
1117 200 1310 239 audiunt
1336 198 1539 250 quotidie
1569 199 1791 248 diuinam,

162 272 240 324 qui
260 284 318 312 ne
339 272 586 312 dominicis
607 270 794 322 quidem
815 281 869 310 ac
891 269 994 310 aliis
1015 270 1144 310 festis
1166 270 1327 310 diebus
1355 270 1516 310 audire
1538 281 1788 310 consueue-

158 349 279 383 rant.
304 342 511 382 Extitere
533 343 624 392 alii,
649 342 727 393 qui
747 348 942 393 peccata
964 341 1252 382 confessario
1274 340 1648 390 manifestarunt,
1672 353 1792 393 quae

162 426 245 466 per
265 414 433 464 viginti
454 425 602 454 annos
622 425 734 465 prae
762 412 939 463 pudore
959 412 1162 452 confessi
1191 424 1283 451 non
1304 412 1503 452 fuerant.
1529 412 1690 462 Liber,
1716 413 1792 463 qui

163 485 469 536 Contemptus
491 484 661 525 mnndi
677 483 961 533 inscribitur,
985 482 1277 523 vendebatur
1299 482 1484 534 quidem
1503 489 1727 534 argenteo
1746 489 1790 523 et

156 556 367 606 dimidio;
390 557 529 596 modo
551 562 707 596 autem
729 555 906 595 duobus
935 560 979 594 et
1000 554 1191 594 dimidio
1220 559 1420 594 constat.
1451 552 1676 604 Quidam,
1711 555 1789 606 qui

159 638 337 667 merces
359 626 521 667 diebus
546 626 792 668 dominicis
822 625 1193 676 venumdabant,
1226 636 1436 676 opusque
1463 624 1790 665 mechanicum

153 698 403 748 iaciebant,
429 698 521 738 iam
549 698 736 738 omnino
766 697 823 737 ab
853 697 1070 748 incoepto
1098 696 1333 737 destitere.
1366 695 1628 736 Conciones
1657 707 1789 747 prae-

151 775 279 809 terea
302 769 349 809 in
369 770 604 809 nonnullis
626 769 795 809 fiebant
815 768 1020 819 templis,
1043 767 1174 808 festis
1196 773 1335 818 atque
1357 767 1577 819 profestis
1607 766 1784 807 diebus.

156 840 372 880 Priuatae
400 840 460 880 ad
481 841 597 880 haec
625 840 862 880 orationes
890 839 1077 879 habitae
1098 844 1227 889 sunt,
1252 844 1349 878 tum
1380 838 1426 878 in
1447 838 1664 887 uinculis,
1688 844 1788 878 tum

148 912 198 951 in
220 911 496 962 quibusdam
518 923 734 952 sororum
755 910 1004 959 coenobiis,
1029 921 1120 961 qua
1148 908 1335 961 quidem
1356 909 1402 949 in
1423 921 1472 949 re
1494 921 1586 949 non
1616 921 1782 960 parum

152 982 361 1034 profecto
384 982 594 1034 obsequii
620 981 947 1034 praestabatur
967 980 1082 1020 Deo.
1116 979 1316 1031 Quidam
1337 980 1477 1020 etiam
1505 986 1716 1020 nostrum
1740 981 1785 1020 in

152 1054 324 1105 templo
357 1053 523 1093 maiori
559 1053 846 1102 concionem,
884 1063 1025 1104 quam
1060 1051 1270 1092 mandati
1305 1052 1542 1102 appellant
1576 1050 1605 1102 ²,
1643 1051 1785 1091 latine

146 1125 459 1165 concionatus
481 1131 569 1175 est;
593 1136 711 1176 quae
738 1135 903 1164 reuera
932 1124 1097 1164 concio
1123 1125 1299 1163 clerum
1326 1122 1494 1163 mirum
1521 1123 1568 1162 in
1593 1123 1785 1163 modum

152 1196 395 1236 consolata
418 1202 501 1236 est.
528 1196 644 1236 Cum
665 1195 789 1236 enim
809 1200 988 1246 septem
1009 1201 1088 1234 aut
1111 1200 1217 1234 octo
1239 1200 1347 1234 ante
1364 1194 1527 1234 diebus
1548 1205 1689 1245 quam
1705 1194 1782 1233 ha-

150 1267 301 1307 benda
336 1272 479 1317 esset,
510 1267 613 1307 aliis
647 1267 897 1306 commissa
925 1266 1108 1313 fuisset,
1141 1277 1227 1305 nec
1258 1265 1548 1305 inveniretur
1581 1265 1658 1316 qui
1688 1272 1785 1304 tam

148 1338 282 1378 breui
310 1338 534 1389 temporis
563 1339 714 1390 spatio
745 1348 849 1377 eam
876 1336 1141 1377 habendam
1172 1336 1451 1388 susciperet,
1489 1342 1682 1376 ventum
1714 1344 1784 1376 est

149 1410 209 1449 ad
232 1409 341 1449 Rem
362 1415 589 1459 nostrum,
614 1409 693 1460 qui
713 1409 802 1449 illis
1110 1406 1123 1425 ⁵
1143 1407 1388 1447 authorem
1414 1406 1572 1446 statim
1602 1406 1780 1446 obtulit.

146 1480 312 1532 Vsque
334 1480 450 1521 adeo
480 1486 549 1520 est
578 1486 716 1531 grata
741 1479 849 1519 huic
877 1479 1050 1531 populo
1079 1477 1306 1528 Societas,
1329 1483 1381 1517 vt
1403 1477 1668 1517 diuinarum
1689 1478 1782 1517 lau-

143 1552 257 1592 dum
293 1552 503 1592 carmina
538 1563 720 1603 quoque
755 1551 974 1591 Baeticae
1009 1560 1340 1601 usquequaque
1376 1548 1780 1599 circumferantur,

146 1624 272 1676 quod
289 1635 390 1664 eam
410 1623 640 1663 Dominus
656 1622 747 1662 huc
769 1623 961 1662 allatam
977 1621 1193 1672 voluerit,
1213 1619 1336 1672 quod
1353 1620 1540 1672 quidem
1556 1631 1782 1671 magnum

146 1695 237 1736 Dei
259 1695 433 1736 donum
454 1695 747 1744 existimant,
770 1693 1048 1746 praesertim
1075 1704 1182 1733 cum
1202 1692 1394 1733 videant
1415 1691 1662 1742 virtutum,
1687 1691 1783 1731 lite-

147 1778 326 1817 rarum,
350 1766 692 1807 recollectionis
721 1772 860 1817 atque
888 1764 1150 1805 honestatis
1175 1764 1402 1814 fructum,
1433 1774 1572 1815 quem
1598 1762 1680 1803 filii
1711 1763 1784 1803 sui
1814 1794 1817 1797 .

143 1851 205 1878 cx
227 1839 458 1878 Societate
479 1837 646 1878 ferunt.
676 1836 884 1877 Extitere
913 1847 1096 1885 omneS‚
1131 1835 1208 1887 qui
1235 1840 1398 1875 nostra
1426 1834 1783 1885 frequentarunt

145 1909 396 1961 gymnasia
425 1908 756 1961 quadringenti
782 1907 899 1959 fere,
932 1907 1135 1948 maxime
1163 1907 1202 1947 si
1223 1918 1327 1957 eos,
1357 1906 1436 1958 qui
1466 1905 1783 1946 conscientiae

146 1992 284 2021 casus
306 1981 514 2030 audiunt,
538 1980 577 2020 si
596 1991 817 2031 graecos,
842 1979 881 2019 si
901 1979 1137 2029 rhetores,
1167 1978 1206 2018 si
1227 1978 1417 2019 tandem
1444 1977 1781 2028 grammaticos

140 2063 549 2092 connumeremus.
574 2051 758 2091 Habent
780 2051 917 2091 huius
947 2050 1104 2102 oppidi
1125 2049 1396 2090 scholastici
1418 2048 1510 2088 duo
1532 2048 1784 2088 admodum

143 2130 308 2164 notatu
325 2123 482 2174 digna,
502 2123 742 2174 ingenium
759 2133 923 2174 nempe
941 2122 1253 2173 praeclarum,
1273 2132 1364 2172 quo
1381 2121 1590 2171 plerique
1608 2120 1783 2170 pollere

142 2195 386 2245 videntur,
410 2206 464 2235 ac
486 2193 681 2246 proinde
701 2205 814 2234 sane
841 2199 948 2233 sunt
969 2194 1164 2233 multum
1191 2193 1386 2232 solertes
1407 2190 1436 2239 ⁴,
1461 2197 1505 2231 et
1526 2190 1780 2230 maximam

144 2266 329 2307 habitus
356 2267 669 2315 honestatem;
700 2264 908 2316 plerique
930 2265 1053 2304 enim
1081 2264 1222 2316 pallia
1250 2263 1453 2313 oblonga
1475 2268 1519 2302 et
1540 2262 1688 2313 pileos
1720 2261 1780 2302 ad

144 2337 465 2378 sacrificorum
487 2335 500 2355 ὅ
522 2335 872 2377 similitudinem
891 2341 1093 2387 gestant,
1118 2335 1182 2374 ita
1203 2340 1253 2374 vt
1282 2345 1388 2373 cum
1410 2332 1780 2373 salmanticensi-

199 2450 209 2470 ¹
249 2450 338 2478 Vide
356 2450 522 2484 quomodo
538 2449 634 2483 haec,
652 2455 738 2483 quae
755 2449 897 2475 obscure
913 2448 998 2475 satis
1014 2447 1108 2475 dicta
1123 2451 1220 2481 sunt,
1236 2445 1407 2474 intellexit
1425 2446 1602 2473 Pommcus
1617 2453 1622 2472 τ
1639 2445 1653 2458 “
1666 2448 1699 2472 et
1715 2444 1775 2479 eis,

136 2499 198 2533 —qui
214 2502 416 2533 egestatem,
433 2505 571 2525 suorum
587 2497 755 2524 malorum
770 2503 919 2527 causam,
936 2496 1195 2530 praetexebant,
1210 2501 1411 2528 persuasum
1426 2497 1476 2521 est
1494 2493 1581 2528 quod
1597 2493 1681 2520 haec
1702 2500 1778 2527 pro-

139 2551 217 2580 pter
231 2550 376 2580 peccata
390 2546 541 2581 ipsorum
556 2545 588 2572 in
603 2544 711 2571 Deum
725 2543 940 2577 accidebant,
956 2550 1042 2576 cum,
1060 2543 1087 2570 si
1102 2549 1244 2577 regnum
1259 2541 1323 2569 Dei
1340 2544 1547 2576 quaererent
1562 2540 1779 2575 etjustitiam

134 2595 223 2629 ejus,
238 2594 441 2629 temporalia
456 2601 521 2621 non
536 2593 584 2620 eis
600 2596 715 2620 essent
731 2591 920 2625 defutura.„
938 2590 1141 2625 Chronicon,
1158 2595 1181 2618 t.
1198 2598 1244 2621 1v.
1257 2597 1336 2624 pag.
1351 2589 1414 2622 450,
1431 2597 1450 2616 n
1474 2589 1542 2616 964.

195 2642 208 2661 2⁸
247 2642 452 2669 Concionem
468 2642 507 2668 de
523 2640 718 2674 Evangelio
740 2639 829 2666 Ante
851 2639 946 2666 diem
955 2639 1095 2674 festum
1111 2637 1290 2670 Paschae,
1304 2645 1392 2672 quae
1408 2637 1481 2664 fieri
1498 2638 1586 2664 solet
1609 2636 1661 2663 die
1686 2635 1780 2669 Jovis

139 2690 250 2717 sancti
265 2694 345 2717 ante
360 2690 416 2716 vel
432 2693 506 2724 post
522 2689 644 2723 pedum
660 2687 831 2714 lotionem.
847 2686 935 2714 Vide
952 2687 1103 2713 POLANCI
1120 2685 1325 2717 Clzronz'con,
1340 2689 1362 2712 t.
1380 2693 1426 2719 1v,
1444 2692 1523 2718 pag.
1541 2683 1604 2717 449,
1620 2691 1651 2710 n,
1666 2683 1730 2710 961.

193 2737 207 2756 ⁵
244 2736 402 2772 Spatium
417 2737 471 2764 hic
487 2737 520 2764 in
537 2735 736 2770 apographo
752 2739 869 2762 nostro
883 2741 1031 2762 vacuum
1046 2734 1204 2761 relictum
1220 2737 1283 2764 est,
1303 2732 1510 2767 implendum
1526 2730 1686 2759 fortassis
1701 2738 1778 2758 con-

134 2785 325 2812 cionatoris
339 2787 483 2812 nomine.
498 2785 535 2812 Id
551 2784 706 2818 implevit
723 2783 907 2814 Pomm-cus,
925 2783 944 2810 l.
961 2789 977 2809 c
993 2803 998 2813 ,
1017 2782 1080 2809 hoc
1096 2782 1203 2809 modo:
1219 2782 1233 2794 ‘⁴
1246 2785 1279 2809 et
1293 2781 1342 2808 ita
1357 2784 1499 2807 ventum
1521 2783 1573 2806 est
1599 2779 1642 2806 ad
1658 2778 1692 2806 Ρ.
1712 2778 1780 2804 An-

137 2833 281 2866 aonium,
297 2832 490 2866 Rectorem,
507 2833 561 2867 qui
577 2832 641 2859 hoc
656 2838 777 2858 munus
791 2830 890 2858 Patri
905 2829 1065 2857 Navarro
1080 2828 1260 2857 commisit.
1273 2850 1287 2862 „

191 2881 206 2900 ⁴¹·
243 2880 331 2907 Vide
347 2881 380 2908 in
396 2880 544 2909 Pochct
562 2879 766 2911 Clzronicon,
782 2882 805 2906 t.
823 2885 870 2911 1v,
887 2885 970 2912 pag.
988 2877 1052 2909 441.
1069 2881 1184 2904 annot.
1204 2877 1235 2903 2.

192 2928 207 2947 ⁵
243 2928 482 2959 sacerdotum,
495 2935 554 2954 seu
569 2927 689 2954 melius
704 2926 926 2953 clericorum.
