2047 3179
179 143 248 180 176
690 143 917 181 LITTERAE
945 152 1306 187 QUADRmESTREs

178 240 331 280 stiano
352 251 445 280 non
467 241 643 292 loquor,
681 252 823 292 quum
852 240 1066 291 elinguis,
1096 240 1277 288 balbus,
1301 237 1469 287 infanS,
1496 243 1539 276 et
1561 236 1699 287 plane
1720 248 1818 277 mu-

179 318 253 351 tus
274 311 319 351 in
337 311 425 351 hac
448 323 513 362 re,
537 317 586 351 ut
609 311 655 351 in
689 312 903 361 caeteris,
928 311 1159 351 videatur.
1190 309 1441 349 Praeterea
1470 306 1528 347 D.
1557 306 1819 359 Episcopus

180 394 252 422 me
287 381 295 401 ¹
326 382 514 422 adhibet
546 383 591 422 in
621 382 882 432 consilium,
913 381 1124 434 praeficit
1155 392 1227 420 me
1263 377 1518 419 lustrandis
1539 377 1752 418 ecclesiis
1774 384 1821 418 et

180 453 492 494 reformandis
527 454 788 494 coenobiis.
832 453 1014 494 Vellem
1050 453 1138 492 hoc
1174 449 1397 500 consequi
1431 461 1457 488 a
1493 447 1732 500 Patribus,
1767 456 1816 489 ut

180 525 463 565 fructuosius
496 525 686 565 vineam
731 523 921 564 Domini
967 523 1251 571 excolerem,
1294 530 1549 572 progressu
1590 521 1819 571 temporis

180 596 299 636 mitti
320 596 521 647 aliquem
543 595 851 645 sacerdotem,
883 595 963 647 qui
993 593 1246 634 liberaliter
1276 598 1319 631 et
1350 590 1577 631 foeliciter
1612 590 1690 630 illo
1711 603 1821 631 con-

179 667 438 706 fessionum
464 678 654 706 munere
684 666 981 717 fungeretur.
1018 664 1122 704 Hac
1151 663 1331 703 ratione
1366 672 1553 712 possem
1588 661 1822 702 sustinere

181 738 448 789 opinionem
470 737 525 777 de
547 749 620 777 me
642 737 926 777 concitatam
952 735 1076 787 apud
1104 734 1162 775 D.
1191 733 1477 785 Episcopum
1507 739 1552 773 et
1579 732 1823 773 honestius

181 820 350 849 munus
372 807 684 849 concionandi
701 808 948 856 subirem.„

261 880 312 920 In
333 880 423 920 hac
444 879 721 920 lustratione
743 879 1013 919 dioeceseos
1037 877 1197 917 habuit
1228 876 1242 896 ‘²
1264 883 1359 915 tres
1389 881 1469 915 aut
1490 881 1691 926 quatuor
1714 887 1822 916 con·

183 952 341 991 ciones
363 951 409 991 in
430 950 489 991 D.
512 950 733 1002 Episcopi
755 955 1026 1000 conspectu,
1050 948 1256 988 maxima
1278 946 1519 986 hominum
1540 946 1821 998 frequentia,

182 1023 350 1074 quibus
372 1021 489 1062 adeo
516 1022 783 1070 commouit,
815 1029 912 1060 tum
941 1026 1170 1069 caeteros,
1195 1025 1291 1058 tum
1313 1017 1611 1069 Episcopum,
1636 1022 1686 1058 ut
1716 1029 1821 1070 per·

182 1093 382 1134 suaserit
418 1093 654 1145 Episcopo
689 1093 749 1142 id,
788 1091 911 1143 quod
940 1091 1099 1142 magni
1134 1089 1279 1130 habiti
1307 1089 1671 1129 concionatores
1705 1100 1817 1129 nun-

181 1177 321 1217 quam
356 1172 621 1217 potuerunt;
654 1170 697 1204 et
724 1164 831 1204 hinc
861 1175 954 1203 non
985 1162 1122 1202 modo
1149 1161 1206 1201 D.
1238 1161 1502 1213 Episcopus
1527 1160 1609 1201 sed
1642 1163 1821 1201 caeteri

180 1237 333 1288 magis
353 1248 458 1277 eum
479 1248 639 1276 amare
660 1248 716 1275 ac
738 1235 956 1275 venerari
977 1239 1246 1285 coeperunt.

263 1307 476 1348 Societas
504 1307 734 1357 abundat,
762 1318 877 1358 prae
904 1304 1335 1355 concionatoribus,
1366 1303 1706 1356 sacerdotibus,
1743 1305 1825 1356 qui

183 1381 273 1420 hoc
307 1379 656 1420 confessionum
686 1389 879 1418 munere
912 1377 1044 1428 fungi
1074 1383 1290 1428 possunt.
1324 1375 1402 1426 At,
1436 1375 1516 1428 qui
1550 1375 1824 1416 concionari

183 1458 390 1504 possent,
415 1451 693 1502 praesertim
713 1451 760 1490 in
781 1450 929 1499 Italia,
954 1449 1065 1498 rari;
1089 1448 1296 1488 maxima
1313 1447 1529 1488 habenda
1551 1452 1675 1488 esset
1700 1447 1822 1488 ratio

185 1523 353 1563 horum
375 1524 727 1574 praeclarorum
749 1521 1060 1572 ingeniorum.
1081 1519 1234 1570 Pater,
1261 1525 1309 1559 ut
1330 1519 1442 1570 dixi,
1466 1520 1593 1559 valet
1614 1519 1821 1570 ingenio,

185 1595 425 1645 memoria,
452 1594 832 1645 pronuntiatione
853 1599 897 1632 et
919 1591 1109 1643 reliquis
1131 1591 1399 1639 virtutibus,
1424 1602 1543 1642 quae
1565 1591 1612 1631 in
1634 1596 1824 1631 oratore

184 1672 481 1716 expetuntur.
506 1665 569 1705 At
591 1665 833 1705 doctrinae
855 1664 1025 1703 bonam
1047 1669 1229 1713 partem
1258 1674 1346 1702 usu
1373 1669 1417 1703 et
1440 1662 1625 1702 actione
1646 1660 1823 1712 didicit,

185 1746 230 1778 et
252 1738 298 1777 in
326 1737 424 1777 dies
451 1737 653 1787 uberius,
684 1736 784 1776 Deo
816 1737 1026 1788 auspice,
1058 1736 1246 1776 imbibet
1275 1741 1320 1775 et
1347 1734 1549 1784 hauriet,
1580 1733 1690 1773 dato
1712 1733 1825 1784 otio,

185 1816 229 1849 et
246 1808 433 1860 quando
455 1820 549 1848 non
570 1815 703 1860 potes
722 1808 879 1849 facere
897 1809 1018 1861 quod
1040 1809 1127 1859 vis,
1153 1808 1197 1848 id
1220 1807 1367 1848 facias
1388 1812 1476 1846 etc.
1500 1804 1529 1843 ⁵.

265 1880 350 1920 His
385 1879 674 1931 temporibus
704 1887 814 1930 tam,
846 1887 895 1921 ut
926 1893 1109 1930 censeo,
1147 1879 1382 1931 expetitur
1404 1889 1538 1917 amor
1561 1876 1650 1916 Dei
1671 1881 1716 1916 et
1736 1875 1827 1927 spi-

186 1951 301 1991 ritus
328 1952 479 1991 bonus
507 1950 695 2003 [quam]
725 1952 977 1992 verborum
1006 1953 1141 2004 copia
1171 1951 1231 1991 ad
1261 1950 1432 1990 delicta
1460 1948 1632 2000 populo
1668 1947 1829 1997 exagi-

185 2023 343 2063 tanda.
380 2022 534 2063 Cerno
569 2035 683 2063 sane
720 2024 766 2063 in
802 2024 892 2064 hac
931 2024 1044 2064 urbe
1081 2023 1330 2075 quemdam
1360 2020 1669 2073 scapucinum
1704 2018 1827 2068 (sic),

185 2096 261 2146 qui
283 2094 582 2145 gratissimus
603 2101 672 2135 est
703 2096 890 2147 populo,
915 2096 1085 2147 quique
1115 2095 1300 2134 actione
1329 2099 1373 2134 et
1396 2092 1564 2145 spiritu
1585 2092 1727 2142 ualet;
1749 2090 1827 2130 do·

185 2167 336 2206 ctrina
359 2174 513 2206 autem
537 2173 579 2206 et
603 2178 884 2217 magnarum
905 2179 1062 2207 rerum
1080 2166 1365 2217 cognitione,
1385 2169 1612 2217 quantum
1629 2174 1687 2203 ex
1704 2163 1830 2203 illius

186 2237 505 2287 concionibuS,
531 2238 871 2278 consuetudine
893 2246 937 2278 et
955 2238 1144 2289 scriptis
1165 2237 1353 2288 colligO,
1378 2247 1472 2276 non
1492 2240 1718 2287 praestat.
1745 2233 1828 2274 Illa

185 2309 370 2348 demum
391 2308 605 2348 doctrina
627 2309 715 2349 hac
737 2315 1014 2361 tempestate
1036 2309 1254 2360 exigitur,
1279 2308 1344 2348 illi
1361 2306 1579 2347 acerrimi
1596 2306 1829 2346 clamores

186 2387 292 2419 sunt
321 2380 591 2420 necessarii:
624 2380 864 2420 annuncia
886 2380 1066 2432 populo
1102 2391 1200 2420 meo
1224 2382 1419 2431 peccata
1451 2377 1649 2418 illorum
1671 2375 1702 2428 ⁴,
1737 2382 1825 2416 etc.

185 2450 312 2490 Illius
332 2450 545 2490 doctrina
567 2452 807 2502 probatur,
832 2452 924 2503 qui,
959 2452 1048 2491 Dei
1075 2451 1243 2502 spiritu
1273 2456 1533 2499 extructus,
1570 2448 1729 2489 obiicit
1750 2459 1828 2499 po-

187 2523 294 2573 pulo
316 2522 438 2562 illius
459 2521 660 2562 nefanda
683 2523 878 2574 flagitia,
901 2524 1131 2573 libidines,
1166 2522 1415 2572 adulteria,
1438 2527 1484 2561 et
1505 2519 1829 2574 extraordina-

188 2593 283 2633 rias
321 2594 559 2644 utriusque
595 2605 737 2634 sexus
772 2595 1003 2645 libidines,
1054 2595 1226 2646 quique
1267 2595 1383 2634 haec
1412 2592 1590 2633 acriter
1624 2589 1833 2642 quotidie

187 2665 413 2715 exagitat,
437 2665 623 2714 clamat,
655 2665 732 2716 qui
754 2665 890 2706 docet
922 2678 1011 2717 qua
1040 2666 1222 2706 ratione
1251 2664 1428 2706 Christi
1455 2668 1698 2714 compotes
1729 2672 1833 2702 esse

242 2824 251 2844 ¹
294 2824 972 2861 PatrcmFranciscum1‘111n1ium,cujus
988 2828 1095 2854 verba
1111 2832 1201 2860 sunt,
1219 2834 1304 2860 quae
1322 2825 1375 2853 hie
1391 2825 1498 2852 refert
1514 2822 1639 2858 Scipio.

243 2872 256 2891 ¹²
294 2872 368 2906 Ipse
386 2873 425 2900 P.
445 2873 606 2900 Palmius.

241 2920 256 2939 ³
295 2920 435 2952 Quando
450 2928 514 2947 non
531 2927 627 2955 potes
645 2922 755 2948 fate-cre
772 2923 857 2956 quod
876 2924 937 2953 vis,
952 2923 982 2949 id
1000 2924 1108 2950 facins
1124 2923 1211 2957 quod
1228 2926 1337 2957 potes,

243 2969 257 2988 ⁴
296 2969 419 2998 Isaiae,
438 2976 530 3001 tvm,
550 2971 572 2996 1.
