2047 3179
200 154 272 192 296
718 157 948 196 LITTERAE
967 169 1326 201 QUADRIMESTRES

206 251 380 292 siderio
403 254 713 296 consessionis
735 256 915 307 ardent,
939 262 989 296 ut
1024 267 1363 308 saepenumero
1385 256 1432 296 in
1468 257 1620 296 classe
1641 263 1838 307 certent,

206 323 310 374 quis
330 324 511 375 primus
533 325 592 365 ad
615 326 958 368 confessionem
979 328 1098 368 mitti
1120 327 1300 367 debeat.
1323 327 1535 378 Denique
1558 327 1648 368 illis
1665 328 1722 368 ob
1745 329 1841 368 ani-

205 394 268 434 mi
290 396 544 437 candorem
565 409 622 438 ac
651 399 905 450 puritatem
925 399 1134 439 maxima
1155 399 1257 438 laus
1278 398 1486 449 debetur,
1511 405 1650 450 atque
1671 411 1725 438 eo
1747 411 1842 439 ma-

203 466 278 516 gis
298 473 488 508 nostras
517 469 643 509 uires
665 476 954 522 conatusque
981 481 1068 510 nos
1096 481 1289 510 exerere
1317 468 1559 521 debemus,
1597 481 1689 521 quo
1719 470 1844 511 uide-

204 549 308 578 mus
330 551 493 580 eorum
514 541 696 581 animos
718 541 777 582 ad
796 542 1018 581 uirtutem
1044 541 1390 593 propensiores.

284 610 423 651 Faxit
443 610 595 661 Deus,
618 618 668 652 ut
688 624 776 652 nos
807 624 999 652 munere
1022 618 1163 664 atque
1184 612 1334 653 officio
1369 612 1503 653 nobis
1537 613 1746 653 iniuncto
1769 613 1842 653 de-

208 681 300 722 bite
320 682 589 734 fungamur,
613 689 657 723 et
679 683 743 723 illi
765 683 824 723 ad
846 683 1042 723 meliora
1069 688 1113 723 et
1133 683 1249 724 uiris
1271 683 1542 724 christianis
1563 684 1706 735 digna
1727 696 1842 725 sem-

206 764 291 804 per
313 755 543 805 aspirent:
567 766 687 806 quae
709 755 865 795 omnia
888 767 914 794 a
935 754 1036 795 Deo
1060 754 1164 807 Opt.
1188 755 1314 795 Max.
1340 755 1612 795 obtenturos
1632 767 1718 795 nos
1741 767 1845 796 esse

209 825 501 876 confidimus,
526 825 564 865 si
584 824 638 865 R.
662 825 712 866 P.
736 825 865 866 Tuae
882 826 1100 878 precibus
1117 832 1162 866 et
1180 826 1439 877 sacrificiis,
1460 832 1846 878 caeterorumque

208 895 400 937 Patrum
424 904 468 938 et
489 897 688 937 fratrum
706 897 767 937 ibi
789 897 1197 948 commorantium,
1222 896 1518 946 adiuuemus,
1539 898 1706 950 quibus
1724 909 1845 939 com-

206 969 452 1009 mendatos
474 969 521 1008 in
543 968 731 1009 Christo
748 980 836 1009 nos
853 981 955 1009 esse
972 969 1201 1021 cupimus.

288 1039 468 1090 Genua,
491 1040 516 1079 7
540 1040 643 1080 idus
663 1039 908 1080 Februarii
930 1052 1053 1080 anno
1076 1040 1192 1080 1555.

284 1109 426 1163 Jussu
447 1110 540 1151 Rdi
560 1110 609 1151 Ρ.
634 1109 866 1162 Rectoris,

286 1180 340 1222 R.
360 1180 408 1222 P.
434 1181 563 1222 Tuae
587 1182 941 1234 indignissimus
957 1183 1004 1222 in
1026 1182 1213 1223 Christo
1230 1194 1411 1233 seruus,

1011 1326 1290 1367 ALPHoNsus
1320 1326 1629 1366 HERNANDEZ.

286 1540 399 1581 Alsa
420 1553 566 1581 manu
588 1542 637 1582 in
659 1543 802 1582 tertia
822 1542 1032 1594 pagina:
1054 1553 1252 1594 spagna,
1277 1540 1512 1591 Louanio,
1538 1538 1739 1588 Vienna,
1763 1537 1846 1577 Pa-

205 1613 296 1664 rigi
322 1612 347 1651 ¹.

287 1685 646 1737 Superscm'ptz'o
683 1686 732 1726 z'n
762 1690 937 1738 quarta
964 1684 1304 1738 pagina:†Al
1333 1685 1476 1724 molto
1494 1681 1595 1723 R.d0
1625 1681 1777 1722 Padre
1800 1682 1847 1721 in

207 1756 413 1809 Christo,
432 1757 579 1798 Micer
596 1758 779 1809 Ignatio
798 1758 854 1798 de
870 1758 1053 1810 Layola
1075 1757 1202 1809 (sic),
1222 1755 1466 1808 Preposito
1487 1754 1708 1805 generale
1726 1753 1846 1793 della

209 1828 505 1881 Compagnia
527 1830 582 1870 de
608 1829 758 1883 JESV
779 1842 836 1870 en
857 1829 1022 1870 Roma.

289 1901 404 1941 Alsa
440 1913 605 1941 manu:
645 1901 759 1941 1555.
799 1900 1011 1942 Genoua.
1051 1900 1429 1952 Quadrimestres
1450 1899 1475 1938 7
1509 1898 1554 1938 di
1583 1896 1844 1938 Februarii.

208 1972 262 2024 Q.
287 1979 332 2013 et
353 1972 410 2013 A.
436 1972 496 2013 V.

301 2045 567 2095 Vestigium
589 2055 722 2084 cerae
743 2044 916 2084 rubrae
944 2047 988 2084 et
1016 2043 1187 2094 sigilli.

263 2229 272 2249 ¹
315 2229 378 2257 His
394 2229 589 2257 indicantur
605 2231 692 2262 loca,
710 2230 751 2257 ad
768 2237 854 2264 quae
870 2230 992 2257 harum
1015 2230 1212 2256 litterarum
1227 2229 1487 2256 emendatarum
1510 2229 1666 2262 exempla
1687 2226 1776 2254 mitti
1798 2226 1859 2253 de-

213 2278 353 2305 bebant.
