2047 3179
833 121 916 158 AN.
948 121 1039 158 1555
1684 123 1755 160 685

118 231 241 272 quae
263 219 519 259 maximum
539 221 904 259 emolumentum
926 219 972 258 in
994 218 1138 257 literis
1167 217 1392 268 bonisque
1415 218 1622 258 moribus
1643 219 1750 258 huic

122 290 223 330 urbi
239 289 415 339 afferat,
436 290 568 330 cuius
586 290 824 340 exemplar
841 289 934 329 iam
951 288 1009 328 ad
1027 288 1362 328 paternitatem
1380 294 1507 328 tuam
1525 289 1751 338 misimus,

127 361 315 400 missuri
330 366 492 411 postea
510 362 709 400 alterum
725 359 870 400 Ducis
887 359 1119 410 totiusque
1143 365 1350 408 senatus,
1372 359 1449 410 qui
1470 359 1591 399 idern
1614 360 1754 399 omni-

125 443 183 471 no
207 431 484 471 confirmant
508 430 533 471 ¹.

204 502 254 542 In
276 502 448 542 scholis
470 503 625 542 omnia
646 514 730 554 pro
752 513 880 542 more
908 501 1036 549 fiunt,
1061 500 1266 551 nihilque
1288 507 1358 540 est
1382 501 1676 540 immutatum
1698 513 1757 540 ex

124 585 179 613 eo
210 573 332 624 quod
360 572 415 612 R.
452 573 590 613 Pater
626 573 763 613 Natal
798 573 1011 613 instituit:
1048 572 1220 622 legitur
1248 571 1462 611 doctrina
1500 570 1756 612 christiana

122 644 281 696 pueris
302 643 464 684 diebus
486 645 671 684 ueneris
694 657 720 684 a
750 643 798 684 P.
827 643 1021 697 Joanne,
1047 643 1124 694 qui
1155 642 1296 682 etiam
1318 642 1480 682 diebus
1508 642 1755 682 dominicis

124 715 430 755 concionatur
453 716 499 754 in
521 715 722 766 quodam
740 714 1050 758 xenodochio,
1070 714 1116 754 in
1136 725 1225 765 quo
1244 713 1385 753 etiam
1402 713 1516 753 fiunt
1538 726 1564 753 a
1583 714 1758 754 nostris

123 785 351 826 fratribus
380 785 646 837 frequentes
674 786 1035 837 cohortationes,
1066 785 1200 825 uaria
1232 785 1479 836 colloquia,
1510 791 1649 836 atque
1679 785 1756 825 ad·

128 857 420 907 monitiones,
445 869 563 908 quae
586 857 826 909 sigillatim
839 868 1083 897 recensere
1105 868 1508 908 superuacaneum
1526 864 1662 906 esset3
1683 869 1756 896 ne-

126 940 215 980 que
250 940 304 967 eo
335 928 380 967 in
411 929 513 968 loco
541 935 738 978 tantum,
770 928 851 968 sed
880 928 1061 980 ubique,
1094 927 1171 967 ubi
1206 927 1512 967 commoditas
1549 927 1759 967 offertur.

127 998 246 1039 Nam
265 1010 370 1038 cum
388 999 574 1050 quidam
593 1011 618 1039 a
643 1000 816 1039 nostris
837 1000 907 1039 bis
930 1006 1082 1039 essent
1106 998 1385 1050 deprehensi
1409 998 1585 1038 chartis
1606 999 1760 1038 luden-

128 1077 212 1120 tes,
233 1081 338 1109 cum
360 1070 405 1110 id
420 1070 597 1111 factum
613 1084 639 1110 a
656 1071 828 1111 nostris
841 1068 1095 1122 [fratribus]
1111 1082 1205 1109 non
1223 1070 1510 1119 laudaretur,
1526 1069 1605 1120 illi,
1626 1070 1759 1110 omis-

126 1155 179 1183 so
200 1144 325 1192 lud0,
350 1143 540 1182 chartas
562 1142 880 1182 dilacerauere
903 1149 1040 1192 atque
1070 1141 1115 1181 in
1136 1153 1266 1181 mare
1298 1140 1552 1192 projecere,
1577 1141 1761 1192 promit-

129 1221 279 1255 tentes
301 1226 349 1254 se
371 1220 594 1254 uenturos
620 1213 665 1252 in
689 1213 935 1263 collegium
958 1219 1171 1252 nostrum
1190 1212 1248 1252 ad
1267 1211 1597 1252 confitendum.
1621 1211 1762 1252 Bene-

128 1286 281 1326 dictus
309 1285 367 1325 sit
397 1284 641 1331 Dominus,
672 1284 747 1324 cui
776 1283 892 1323 haec
925 1283 1080 1323 omnia
1102 1289 1297 1334 accepta
1320 1282 1495 1323 referre
1525 1283 1760 1333 debemus,

130 1357 208 1409 qui
229 1356 366 1396 efficit
387 1363 435 1395 ut
457 1367 560 1395 eam
582 1355 919 1406 praestantiam
937 1354 1124 1394 uirtutis
1141 1361 1279 1406 atque
1296 1354 1473 1404 ingenii
1492 1354 1545 1404 (si
1568 1366 1657 1406 qua
1677 1355 1760 1403 est)

125 1439 269 1479 quam
289 1427 554 1466 hominibus
575 1426 837 1477 impertitus
858 1431 942 1474 est,
963 1425 1230 1476 impertiant
1253 1425 1340 1476 ipsi
1362 1425 1482 1475 suis,
1507 1426 1759 1465 communi-

130 1504 328 1550 centque
350 1510 455 1537 cum
476 1497 716 1549 proximis;
739 1496 919 1536 fructus
940 1496 1062 1536 enim
1084 1496 1260 1546 ingenii
1281 1502 1325 1535 et
1346 1496 1532 1536 uirtutis
1551 1502 1647 1536 tum
1670 1508 1760 1536 ma-

130 1570 257 1610 xime
280 1570 477 1621 capitur,
502 1580 607 1608 curn
629 1569 675 1608 in
697 1569 962 1619 proximum
985 1579 1213 1620 quemque
1236 1566 1491 1607 confertur.

210 1639 257 1681 Si
292 1641 424 1689 haec,
462 1639 600 1679 Pater
637 1639 822 1690 optime,
856 1650 1003 1690 parua
1032 1639 1113 1678 tibi
1135 1638 1366 1688 uidentur,
1396 1638 1619 1679 habemus
1651 1639 1760 1690 quid

130 1723 216 1752 nos
247 1723 428 1763 quoque
460 1710 645 1750 causari
673 1710 919 1762 possimus;
948 1710 1098 1760 primo
1126 1709 1310 1760 collegii
1341 1710 1487 1749 nostri
1519 1710 1660 1750 situm
1682 1710 1761 1750 im-

131 1789 396 1834 portunum,
421 1781 586 1822 deinde
608 1782 856 1821 aduersam
874 1781 1191 1820 ualetudinem
1207 1779 1300 1820 Rdi
1321 1779 1372 1819 Ρ.
1392 1780 1644 1832 Baptistae,
1667 1782 1760 1833 qui,

126 1855 169 1894 si
189 1855 381 1899 ualeret,
406 1865 498 1892 non
521 1853 678 1893 dubito
710 1852 821 1904 quin
842 1852 986 1892 multo
1010 1852 1143 1903 plura
1165 1851 1342 1901 fierent;
1367 1858 1469 1891 tum
1491 1863 1602 1892 uero
1625 1863 1762 1903 penu-

132 1926 249 1965 riam
284 1924 646 1971 concionatoris,
687 1923 1040 1974 absentiamque
1073 1922 1126 1962 R.
1162 1921 1314 1962 Patris
1346 1921 1550 1973 Laynez,
1593 1923 1669 1974 qui
1704 1923 1760 1962 ab

130 1996 345 2036 omnibus
373 1994 580 2046 quotidie
609 2000 902 2045 expectatur.
935 1992 1085 2044 Spero
1121 1993 1259 2032 modo
1294 1993 1499 2032 aduentu
1520 1992 1572 2032 R.
1599 1993 1646 2034 P.
1671 1992 1761 2033 Do-

127 2066 273 2106 ctoris
295 2066 444 2106 Olarti
466 2065 478 2083 '³
509 2065 672 2104 melius
695 2076 744 2103 se
767 2075 842 2104 res
864 2064 1106 2103 habituras
1128 2075 1267 2114 quam
1295 2063 1540 2103 hactenus.
1571 2063 1761 2104 Interim

131 2145 285 2177 tamen
308 2137 438 2184 haec,
474 2143 722 2187 utcumque
751 2142 872 2185 sunt,
902 2134 1002 2174 Rde
1030 2134 1096 2185 R,
1121 2135 1352 2185 benignus
1376 2134 1553 2185 accipe,
1577 2136 1762 2186 quando

130 2209 264 2259 plura
286 2208 367 2247 tibi
390 2207 555 2247 offerre
577 2218 671 2246 non
692 2217 954 2257 possumus.

213 2278 336 2318 Nihil
360 2279 451 2318 iam
473 2284 684 2329 superest
707 2277 797 2316 nisi
817 2283 865 2316 ut
887 2277 1021 2316 nobis
1042 2277 1277 2326 ignoscas,
1303 2277 1580 2328 ueniamque
1613 2289 1638 2316 a
1661 2277 1760 2316 Deo

131 2362 217 2400 pro
239 2350 375 2389 nobis
398 2355 530 2400 petas
551 2349 589 2388 si
612 2348 722 2399 quid
742 2347 851 2387 boni
872 2359 897 2386 a
916 2347 1049 2387 nobis
1072 2347 1356 2397 negligentia
1376 2348 1760 2398 praetermissum

133 2426 216 2471 est,
241 2428 284 2460 et
307 2420 513 2460 diuinam
529 2419 749 2470 implores
772 2418 1081 2467 clementiam,
1106 2429 1153 2457 ut
1176 2418 1410 2469 possimus
1428 2419 1528 2457 eius
1551 2420 1757 2458 uolunta-

132 2498 225 2531 tem
247 2502 535 2541 cognoscere
557 2496 601 2530 et
622 2490 825 2541 perfecte
848 2489 1028 2540 exequi.
1057 2488 1189 2529 Vale.

211 2561 419 2611 Genuae,
443 2567 575 2600 sexto
598 2559 700 2600 idus
723 2559 938 2600 Octobris
962 2570 1084 2599 anno
1112 2559 1226 2599 1555.

665 2630 786 2670 filius
808 2637 850 2670 et
872 2641 1036 2670 seruus
1059 2630 1231 2669 inutilis
1249 2629 1295 2669 in
1317 2629 1517 2680 Christo,

1072 2736 1348 2776 ALPHONSUS
1369 2736 1677 2776 HERNANDEZ.

191 2886 199 2904 ¹
240 2886 327 2913 Vide
345 2886 488 2912 Pori-ixcx
507 2884 709 2915 C'zronicon,
725 2888 748 2910 t.
766 2891 797 2916 ν,
811 2883 864 2910 ubi
878 2883 916 2909 de
934 2882 1086 2917 Collegio
1102 2883 1272 2910 Genuensi
1289 2883 1415 2917 agitur.

188 2935 202 2953 2
239 2933 302 2966 Sic;
317 2938 367 2960 est
383 2939 497 2961 autem
511 2940 622 2961 sermo
637 2931 676 2958 de
693 2931 727 2958 P.
743 2931 896 2965 Gaspare
913 2931 1054 2958 Loarte.
