2047 3179
211 149 283 186 242
317 148 319 153 '
727 150 828 187 Liri
839 161 954 187 ERAE
974 161 1334 194 QUADRIMESTRES

207 246 401 286 haberet
423 246 588 296 lucem,
614 247 659 286 in
682 258 773 298 quo
797 247 1093 287 verissimum
1116 259 1219 287 esse
1250 248 1584 299 comprobatur
1613 248 1851 301 Sapientis

207 317 397 368 dictum,
423 329 527 357 cum
549 318 719 358 asserit
740 319 954 369 spiritum
984 319 1164 359 tristem
1191 330 1299 359 ossa
1327 319 1567 360 desiccare
1592 319 1617 371 ¹,
1641 333 1750 361 nam
1780 322 1845 363 ita

206 401 376 429 exesus
398 395 488 440 est,
513 396 563 429 vt
590 389 724 441 pellis
752 390 935 430 ossibus
963 390 1220 429 adhaerere
1249 390 1437 430 omnino
1467 391 1703 442 videatur,
1738 405 1843 434 cum

204 461 516 513 vndequaque
538 462 704 501 harum
726 462 1044 501 molestiarum
1067 462 1281 501 leuamen
1302 468 1562 514 quaereret,
1582 475 1666 504 nec
1685 465 1798 505 satis
1816 478 1843 506 a

203 532 495 572 confessario
517 533 773 582 iuuaretur,
798 533 936 573 Rdum
964 532 1149 572 Patrem
1170 539 1398 583 nostrum,
1419 535 1635 585 quamuis
1653 537 1842 576 maledi-

199 610 274 643 cta
297 604 535 655 pleraque,
561 610 611 644 vt
632 604 788 644 fassus
809 610 892 653 est,
918 604 973 644 de
995 604 1212 644 Instituto
1235 612 1396 644 nostro
1418 605 1693 656 audiuisset,
1714 607 1773 647 ad
1790 620 1840 648 se

198 675 465 725 accersiuit,
491 675 565 715 cui
587 687 696 715 suas
719 676 903 726 aperuit
924 675 1166 714 molestias
1187 675 1424 727 animique
1445 678 1838 728 perturbationes,

197 758 224 785 a
246 747 413 798 quibus
434 758 560 797 mox,
585 758 672 798 ope
695 747 853 786 diuina
876 753 919 786 et
941 745 1094 786 Patris
1126 746 1385 787 ministerio
1412 747 1660 798 liberatus,
1686 751 1840 802 coepit

195 818 445 869 plurimum
468 819 650 866 laetari,
675 825 719 857 et
741 819 994 857 immensas
1022 817 1123 857 Deo
1145 818 1329 869 gratias
1362 829 1520 869 agere,
1544 820 1667 871 quod
1696 821 1838 862 talem

192 890 483 940 paracletum
505 896 673 929 nactus
695 888 874 938 fuisset,
895 889 1056 929 dicens
1073 889 1216 929 Patri:
1240 890 1361 930 “scio
1380 891 1488 942 quia
1508 903 1644 932 omne
1662 893 1837 934 donum

192 961 418 1012 optimum
448 961 695 1000 desursum
718 967 787 999 est
810 960 838 1009 ²,
872 967 916 999 et
952 960 1040 1000 hoc
1077 972 1103 1000 a
1125 960 1227 1000 Deo
1261 960 1438 1002 factum
1473 969 1542 1002 est
1578 963 1836 1004 secundum

190 1044 329 1083 quem
360 1032 443 1072 tibi
471 1032 619 1072 vitam
646 1043 800 1071 meam
830 1039 1075 1083 acceptam
1106 1032 1281 1080 refero;
1312 1039 1356 1073 et
1384 1034 1600 1085 proinde,
1641 1035 1679 1074 si
1714 1048 1834 1087 quae

189 1110 296 1143 sunt
331 1103 492 1154 vobis,
531 1110 611 1143 aut
647 1103 803 1154 aliqua
839 1110 1093 1143 occurrant
1125 1104 1315 1155 negotia
1352 1105 1476 1156 apud
1505 1112 1734 1156 senatum,
1775 1120 1829 1147 ea

186 1176 344 1215 omnia
366 1175 413 1215 in
443 1187 516 1215 me
538 1175 756 1226 recipio„.
791 1174 908 1215 Cum
939 1187 1054 1215 vero
1083 1175 1155 1215 die
1182 1176 1395 1227 sequenti
1422 1189 1516 1217 non
1548 1178 1664 1218 satis
1693 1187 1832 1219 caute

184 1258 267 1297 ea,
305 1258 424 1298 quae
459 1247 547 1286 sibi
584 1259 611 1286 a
645 1246 785 1286 Patre
821 1247 1116 1298 praescripta
1151 1247 1368 1298 fuerant,
1411 1249 1740 1300 obseruasset,
1784 1251 1831 1290 in

183 1318 372 1358 easdem
393 1319 608 1369 relapsus
629 1324 699 1358 est
722 1318 975 1369 molestias3
1002 1319 1170 1359 iterum
1192 1320 1427 1360 medicum
1449 1328 1664 1371 reuocat,
1690 1334 1715 1361 a
1739 1334 1830 1374 quo

182 1389 491 1429 saluberrima
513 1390 689 1441 recepit
712 1390 941 1430 antidota.
964 1390 1125 1442 Itaque
1148 1391 1242 1431 iam
1264 1392 1353 1432 sibi
1374 1399 1682 1442 regeneratus
1700 1400 1744 1434 et
1762 1406 1828 1434 re-

181 1467 383 1501 nouatus
406 1461 596 1501 omnino
622 1461 821 1502 videtur.
845 1461 1020 1502 Diuina
1038 1463 1286 1502 clementia
1309 1464 1351 1503 ei
1369 1464 1540 1504 bonam
1557 1464 1679 1504 hanc
1703 1476 1826 1505 men-

187 1540 281 1572 tem
301 1540 529 1585 perpetuo
551 1544 839 1573 conseruare
861 1533 1094 1585 dignetur.

261 1604 378 1645 Cum
413 1605 558 1656 igitur
585 1605 796 1646 diuinum
822 1605 882 1645 sit
910 1617 1028 1657 opus
1057 1606 1104 1645 in
1132 1605 1459 1646 huiuscemodi
1494 1607 1824 1650 afflictionibus

132 1728 136 1732 .
179 1676 461 1717 constitutos
496 1677 756 1727 consolari,
793 1688 848 1717 eo
877 1677 1001 1729 quod
1028 1677 1310 1728 grauissime
1338 1690 1678 1731 nonnunquam
1705 1683 1822 1732 peri-

177 1749 410 1800 clitentur,
433 1761 489 1789 ne
511 1749 558 1789 in
580 1749 957 1800 desperationem
979 1755 1059 1788 aut
1081 1755 1208 1789 certe
1230 1749 1277 1789 in
1297 1749 1616 1801 blasphemias
1638 1751 1821 1804 aliaque

174 1821 220 1860 id
241 1832 391 1872 genus
412 1821 528 1861 vitia
550 1821 879 1873 prolabantur,
903 1820 1042 1861 nullis
1071 1821 1364 1872 parcendum
1391 1821 1633 1862 laboribus
1664 1824 1820 1864 existi-

172 1904 355 1933 mamus
377 1898 426 1933 vt
448 1893 516 1933 eis
537 1893 857 1933 subueniatur.
884 1891 1199 1944 Quapropter,
1219 1893 1500 1944 posthabitis
1521 1894 1724 1945 propriis
1744 1907 1820 1935 ne-

171 1964 335 2015 gotiis,
370 1964 415 2004 in
446 1964 517 2004 his
550 1964 604 2012 (si
635 1976 751 2016 opus
787 1963 868 2015 sit)
903 1963 1173 2016 frequenter
1208 1964 1468 2005 insistimus
1503 1977 1610 2005 cum
1644 1977 1818 2018 magna

171 2035 379 2076 omnium
402 2035 728 2076 aedificatione
751 2047 806 2075 ac
828 2036 1083 2076 multorum
1104 2036 1271 2076 salute.

248 2107 384 2148 Unde
415 2120 442 2147 a
473 2108 688 2147 faucibus
718 2107 952 2159 serpentis
987 2107 1168 2159 antiqui
1204 2108 1336 2148 multi
1370 2119 1454 2159 per
1487 2107 1576 2148 Dei
1609 2109 1816 2159 gratiam

167 2190 308 2231 saepe
337 2180 622 2230 liberantur,
654 2179 950 2231 potissimum
981 2185 1139 2219 autem
1165 2179 1375 2230 illorum,
1409 2179 1487 2231 qui
1515 2186 1707 2232 propter
1736 2193 1814 2233 pa-

164 2256 287 2290 trata
308 2250 524 2291 facinora
545 2252 593 2291 in
616 2263 807 2291 carcere
830 2251 1121 2301 vinciuntur,
1152 2262 1233 2291 eos
1255 2251 1315 2292 ad
1337 2251 1615 2302 patientiam
1636 2264 1691 2292 ac
1714 2264 1812 2293 sce-

164 2322 311 2362 lerum
345 2323 683 2374 poenitentiam
711 2322 1030 2371 exhortando,
1067 2329 1209 2375 vtque
1239 2323 1390 2363 Vitam
1418 2323 1465 2363 in
1492 2323 1658 2364 melius
1688 2336 1810 2364 com-

162 2400 356 2445 mutent,
381 2406 473 2446 quo
493 2395 856 2446 praeteritorum
879 2395 1068 2434 veniam
1091 2395 1289 2446 adipisci
1310 2395 1517 2445 Valeant3
1542 2395 1711 2447 quibus
1733 2407 1812 2436 ex-

160 2464 509 2506 hortationibus
531 2466 740 2517 plerique
763 2473 1136 2516 commouentur,
1161 2466 1254 2518 qui,
1279 2472 1531 2517 postquam
1551 2466 1598 2506 in
1621 2466 1808 2506 vincula

163 2536 365 2576 coniecti
384 2536 593 2585 fuerant,
619 2549 705 2577 nec
727 2536 903 2577 dudum
932 2537 1075 2577 etiam
1103 2544 1242 2578 antea
1272 2537 1587 2589 poenitentiae
1617 2548 1804 2589 recepe-

163 2614 271 2647 rant
293 2616 614 2655 sacramenta,
652 2621 771 2660 quae
794 2610 887 2649 iam
918 2609 1074 2649 oblata
1107 2610 1230 2649 Vltro
1259 2610 1628 2661 amplectuntur,
1660 2609 1808 2650 vitam

163 2679 468 2731 praeteritam
492 2680 793 2728 detestantes,
820 2689 863 2720 et
885 2682 1123 2721 miseriam
1146 2693 1200 2720 ac
1223 2681 1456 2732 tenebras,
1482 2681 1648 2732 quibus
1680 2681 1806 2731 olim,

158 2750 293 2802 quasi
315 2751 441 2790 omni
463 2751 635 2791 iudicio
659 2763 713 2791 ac
735 2752 918 2792 ratione
937 2752 1131 2804 priuati,
1152 2751 1524 2803 effundebantur,
1544 2763 1805 2803 agnoscen-

212 2887 218 2903 ¹
260 2885 422 2920 Spiritus
437 2887 555 2913 tristis
571 2887 726 2914 exsiccat
743 2895 834 2914 ossa.
848 2888 1003 2915 Proverb
1028 2910 1034 2922 ,
1051 2896 1131 2917 xvii.
1147 2897 1178 2915 v.
1191 2888 1237 2916 22.

208 2933 222 2952 ‘-'
261 2932 371 2961 Omne
387 2935 715 2970 datumoptimum,
732 2938 764 2962 et
779 2944 882 2963 omne
902 2937 1034 2964 donum
1049 2937 1265 2971 perfectum,
1281 2938 1471 2966 desursum
1488 2940 1552 2968 est.
1572 2939 1684 2975 Epist.
1698 2940 1735 2967 B.
1749 2939 1812 2973 Ja-

154 2981 407 3017 cobiAp.‚1,v.
427 2982 469 3010 17.
