2047 3179
216 208 289 247 036
737 208 965 246 LITTERAE
986 217 1346 251 QUADRIMESTRES

218 307 448 356 uenimus,
480 306 525 346 in
554 317 644 358 quo
674 305 833 346 sedem
867 305 1011 356 figere
1039 304 1299 345 consueuit.
1336 301 1566 342 Postridie
1597 301 1712 352 (dies
1734 302 1857 342 enim

217 383 320 418 erat
354 377 664 427 dominicus),
699 377 896 428 primam
929 377 974 416 in
1015 375 1256 415 Auuernia
1288 374 1550 425 Euscopiae
1581 374 1857 414 concionem

219 449 360 489 habui
375 449 708 488 circumstante
724 448 1102 500 frequentissima
1120 445 1362 486 hominum
1380 456 1568 495 corona,
1585 452 1723 496 atque
1741 445 1857 484 adeo

218 520 441 572 Episcopi
462 520 654 560 familia.
679 519 921 559 Postremo
943 518 1055 558 Maii
1078 518 1320 568 ingressus
1349 528 1473 567 sum,
1498 516 1616 556 duce
1636 515 1858 567 Episcopi

218 591 418 641 medico,
455 590 724 641 Biliomum,
764 590 1133 630 concionaturus
1168 587 1341 628 ibidem
1374 587 1503 627 feriis
1536 587 1856 637 Pentecostcs,

220 662 345 715 quod
366 669 410 703 et
432 675 459 702 a
480 673 553 702 me
574 662 853 713 praestitum
874 668 943 701 est
965 667 1168 712 quatuor
1190 659 1495 699 concionibus
1516 659 1665 698 tribus
1686 658 1776 697 illis
1799 656 1860 697 fe-

221 734 303 775 riis
330 733 502 774 ibidem
530 733 702 773 habitis
731 743 837 773 cum
865 732 1072 772 maximo
1099 731 1257 783 populi
1291 730 1509 770 confluxu
1537 737 1581 770 et
1610 730 1860 781 applausu.

222 805 396 857 Quinto
422 805 547 858 Junii
574 789 917 856 professionem
947 802 1282 852 theologicam,
1306 800 1527 841 inchoata
1557 800 1614 840 D.
1640 800 1771 840 Pauli
1801 799 1860 839 ad

222 876 465 917 Romanos
498 877 721 928 epistola,
754 875 1026 927 auspicatus
1054 886 1158 914 sum
1186 884 1294 913 cum
1323 884 1573 913 numeroso
1604 871 1863 912 Canonico-

226 960 345 999 rum,
370 947 759 988 scholasticorum
781 958 836 986 ac
853 946 1027 986 ciuium
1045 951 1279 985 conuentu
1297 951 1435 996 atque
1455 943 1633 983 fauore.
1654 941 1862 994 Septimo

222 1019 350 1072 Junii
371 1018 689 1060 Clarmontem
711 1017 965 1069 profectus,
991 1016 1214 1068 postridie
1238 1017 1294 1055 ab
1312 1015 1545 1067 Episcopo
1577 1014 1637 1054 ad
1663 1013 1866 1054 Diaconi

225 1102 394 1131 munus
414 1096 657 1142 promotus
679 1100 797 1130 sum.
821 1088 979 1137 Nono,
1005 1088 1062 1128 ab
1092 1088 1326 1139 Episcopo
1347 1086 1532 1136 missuS,
1557 1086 1867 1126 concionatus

225 1174 330 1202 sum
364 1161 487 1213 apud
524 1161 990 1209 Montemferranum,
1028 1159 1250 1211 oppidum
1286 1157 1545 1199 Clarmonti
1580 1156 1864 1208 proximum.

225 1233 487 1275 Undecimo
511 1232 719 1273 eiusdem
741 1232 915 1272 mensis
936 1232 1114 1283 aliquot
1142 1230 1389 1279 Canonici‚
1413 1235 1604 1281 postero
1634 1228 1706 1268 die
1739 1228 1868 1268 ciues

225 1306 455 1357 potiores,
480 1303 716 1355 impendia
745 1303 859 1343 mihi
880 1302 1152 1349 offerentes,
1181 1301 1463 1353 Euscopiam
1484 1311 1680 1350 venere,
1705 1310 1870 1350 meque

228 1377 285 1416 ab
307 1376 540 1428 Episcopo
562 1375 780 1428 precibus
802 1375 926 1415 victo
949 1380 1222 1414 exorarunt.
1247 1373 1408 1424 Itaque
1430 1371 1706 1412 duodecimo
1726 1370 1867 1423 Junii,

228 1448 473 1488 Praefecto
495 1447 625 1487 vrbis
648 1446 764 1487 duce
786 1454 831 1487 et
854 1446 1052 1498 hospite,
1078 1445 1327 1485 Biliomum
1348 1455 1582 1493 reuersus,
1607 1444 1754 1482 altero
1778 1441 1866 1492 die,

230 1519 559 1561 Eucharistiae
582 1530 719 1558 sacro
747 1518 770 1569 ¹,
795 1519 841 1558 in
863 1518 963 1558 foro
982 1517 1166 1569 publico
1189 1516 1497 1556 concionatus
1514 1526 1630 1555 sum.
1650 1513 1739 1553 Die
1756 1523 1870 1552 vero

230 1591 465 1631 dominico
487 1590 722 1642 proximo,
746 1596 845 1629 tum
866 1589 912 1628 in
936 1587 1050 1628 aede
1071 1587 1182 1628 Diui
1203 1587 1337 1638 Lupi,
1361 1594 1460 1626 tum
1475 1586 1522 1625 in
1538 1585 1712 1636 templo
1735 1595 1873 1624 cano-

229 1662 458 1712 nicorum,
484 1661 761 1702 concionem
782 1660 968 1701 Biliomi
995 1659 1159 1700 habui:
1192 1657 1484 1698 tantumdem
1513 1656 1726 1709 praestiti
1747 1656 1873 1706 vige-

231 1734 350 1774 simo
372 1733 509 1774 tertio
530 1733 671 1786 Junii,
695 1733 775 1784 qui
792 1731 1054 1772 dominicus
1072 1739 1187 1770 erat.
1206 1729 1354 1770 Feriis
1371 1729 1642 1769 Natiuitatis
1658 1727 1716 1768 D.
1735 1727 1871 1780 Joan-

232 1805 304 1845 nis
324 1805 565 1856 Baptistae
586 1816 723 1844 mane
746 1804 792 1844 in
815 1814 996 1843 summo
1020 1803 1208 1853 templo,
1233 1801 1360 1841 feriis
1381 1799 1664 1841 Sanctorum
1680 1798 1807 1838 Petri
1829 1804 1872 1838 et

231 1877 363 1917 Pauli
384 1878 431 1917 in
453 1876 567 1916 aede
589 1876 646 1916 D.
671 1875 790 1927 Lupi
814 1876 1121 1914 concionatus
1149 1884 1266 1913 sum.
1300 1872 1565 1922 Trigesimo
1586 1870 1736 1923 Junii,
1760 1870 1875 1909 sole-

234 1948 329 1989 mni
360 1948 701 2000 supplicatione
724 1946 962 1987 celebrata
994 1945 1118 1996 (dies
1146 1950 1247 1984 erat
1275 1942 1582 1993 dominicus),
1608 1948 1714 1982 ante
1744 1940 1878 1980 meri·

234 2021 358 2061 diem
378 2020 425 2060 in
446 2020 620 2071 templo
642 2018 701 2059 D.
723 2018 857 2069 Lupi;
882 2023 986 2069 post
1014 2016 1335 2068 vespertinum
1365 2014 1567 2054 officium
1596 2012 1719 2064 apud
1750 2011 1877 2052 Mon-

234 2099 329 2133 tem
356 2091 591 2132 Morinum
619 2094 633 2113 2
662 2090 880 2130 milliario
911 2101 937 2128 a
967 2088 1100 2129 nobis
1130 2087 1359 2137 dissitum,
1383 2097 1410 2125 a
1437 2085 1641 2126 Domina
1672 2083 1762 2124 loci
1792 2094 1875 2134 per

234 2164 395 2204 literas
415 2163 655 2213 inuitatus,
680 2161 956 2202 concionem
979 2160 1136 2200 habui.
1159 2158 1309 2199 Feriis
1330 2156 1628 2198 Visitationis
1649 2155 1876 2196 Sacratis—

235 2236 383 2275 simae
406 2234 620 2285 Virginis
640 2234 687 2273 in
711 2244 893 2273 summo
915 2232 1088 2283 templo
1112 2242 1222 2271 mox
1245 2242 1271 2269 a
1293 2229 1490 2281 prandio
1513 2227 1722 2277 Biliomi,
1754 2232 1879 2277 post-

237 2317 325 2357 que
353 2305 691 2357 vespertinum,
730 2303 853 2356 apud
889 2303 1096 2343 Montem
1132 2302 1381 2350 Morinum,
1413 2299 1628 2348 officium,
1667 2297 1879 2348 Euange-

237 2377 351 2417 lium
372 2377 607 2417 enarraui.

318 2447 461 2489 Sexto
493 2448 601 2501 Julii
631 2446 890 2499 Ryomum,
928 2445 1091 2486 urbem
1126 2444 1364 2494 ingratam
1396 2441 1408 2459 ⁵
1441 2442 1695 2491 celebrem,
1733 2439 1881 2492 profe-

238 2526 363 2560 ctus:
397 2518 641 2570 postridie,
675 2524 726 2558 vt
749 2519 942 2558 multum
967 2521 1243 2567 expectatus
1274 2519 1434 2564 antea,
1468 2514 1532 2553 ita
1556 2512 1763 2553 omnium
1793 2512 1881 2551 ins-

240 2590 516 2631 tantissimis
537 2590 755 2642 precibus
776 2589 945 2639 victus,
969 2587 1207 2639 geminam
1230 2586 1275 2625 in
1297 2597 1351 2625 ea
1374 2585 1488 2624 vrbe
1506 2584 1780 2623 concionem
1805 2582 1882 2621 ha-

240 2662 332 2712 bui,
365 2662 547 2702 ciuibus
575 2661 693 2701 adeo
723 2667 961 2711 acceptus,
995 2665 1059 2706 vt,
1094 2657 1240 2697 literis
1262 2656 1496 2707 Episcopo
1519 2654 1688 2703 missis,
1713 2654 1760 2694 in
1780 2664 1882 2705 pro-

242 2733 420 2773 ximum
441 2733 563 2773 diem
584 2731 885 2780 dominicum,
916 2741 1007 2781 quo
1035 2728 1254 2769 solemnis
1284 2737 1541 2779 pauperum
1574 2724 1759 2776 agenda
1783 2729 1884 2764 erat

658 2794 670 2810 ἢ

298 2894 306 2913 ¹
350 2894 383 2921 In
401 2895 487 2921 festo
504 2893 667 2928 Corporis
683 2892 830 2920 Christi.

297 2942 311 2960 ‘²
351 2941 565 2969 Monimorin.

297 2989 310 3006 ⁵
349 2989 415 3023 Sic;
431 2995 491 3016 cur
503 2993 617 3015 autem
635 2988 819 3020 ingratam
836 2987 954 3013 urbem
970 2984 1068 3012 Riom
1083 2985 1233 3019 appellet
1255 2982 1487 3017 Clayssonius,
1515 2981 1728 3015 singularum
1749 2980 1886 3008 urbium

246 3035 382 3063 Galliae
399 3035 581 3063 historiam
598 3034 890 3068 investigantibus
903 3032 1138 3066 relinquimus.
