<?xml version="1.0" encoding="UTF-8"?>
<!DOCTYPE html PUBLIC "-//W3C//DTD XHTML 1.0 Transitional//EN"
    "http://www.w3.org/TR/xhtml1/DTD/xhtml1-transitional.dtd">
<html xmlns="http://www.w3.org/1999/xhtml" xml:lang="en" lang="en">
 <head>
  <title>
</title>
<meta http-equiv="Content-Type" content="text/html;charset=utf-8" />
  <meta name='ocr-system' content='tesseract 3.04.00' />
  <meta name='ocr-capabilities' content='ocr_page ocr_carea ocr_par ocr_line ocrx_word'/>
</head>
<body>
  <div class='ocr_page' id='page_1' title='image "./litteraequadrime15lain_0447.png"; bbox 0 0 2047 3179; ppageno 0'>
   <div class='ocr_carea' id='block_1_1' title="bbox 882 180 1796 218">
    <p class='ocr_par' dir='ltr' id='par_1_1' title="bbox 882 180 1796 218">
     <span class='ocr_line' id='line_1_1' title="bbox 882 180 1796 218; baseline 0 -1"><span class='ocrx_word' id='word_1_1' title='bbox 882 180 966 217; x_wconf 84' lang='lat' dir='ltr'>AN.</span> <span class='ocrx_word' id='word_1_2' title='bbox 998 180 1088 218; x_wconf 90' lang='lat'>1555</span> <span class='ocrx_word' id='word_1_3' title='bbox 1727 181 1796 217; x_wconf 67' lang='lat'>441</span> 
     </span>
    </p>
   </div>
   <div class='ocr_carea' id='block_1_2' title="bbox 145 275 1817 3023">
    <p class='ocr_par' dir='ltr' id='par_1_2' title="bbox 166 275 1800 886">
     <span class='ocr_line' id='line_1_2' title="bbox 166 275 1793 328; baseline -0.002 -8"><span class='ocrx_word' id='word_1_4' title='bbox 166 280 328 320; x_wconf 90' lang='lat' dir='ltr'>decem</span> <span class='ocrx_word' id='word_1_5' title='bbox 350 290 498 320; x_wconf 89' lang='lat' dir='ltr'>annos</span> <span class='ocrx_word' id='word_1_6' title='bbox 520 278 762 319; x_wconf 89' lang='lat' dir='ltr'>confessus</span> <span class='ocrx_word' id='word_1_7' title='bbox 784 289 877 317; x_wconf 91' lang='lat' dir='ltr'>non</span> <span class='ocrx_word' id='word_1_8' title='bbox 898 277 1066 317; x_wconf 88' lang='lat' dir='ltr'>fuerat.</span> <span class='ocrx_word' id='word_1_9' title='bbox 1089 275 1222 317; x_wconf 89' lang='lat' dir='ltr'>Alius</span> <span class='ocrx_word' id='word_1_10' title='bbox 1253 276 1411 316; x_wconf 89' lang='lat' dir='ltr'>itidem</span> <span class='ocrx_word' id='word_1_11' title='bbox 1440 283 1509 316; x_wconf 91' lang='lat' dir='ltr'>est</span> <span class='ocrx_word' id='word_1_12' title='bbox 1537 277 1793 328; x_wconf 88' lang='lat' dir='ltr'>confessus,</span> 
     </span>
     <span class='ocr_line' id='line_1_3' title="bbox 167 347 1798 402; baseline -0.002 -11"><span class='ocrx_word' id='word_1_13' title='bbox 167 363 285 402; x_wconf 90' lang='lat' dir='ltr'>quae</span> <span class='ocrx_word' id='word_1_14' title='bbox 307 362 389 402; x_wconf 89' lang='lat' dir='ltr'>per</span> <span class='ocrx_word' id='word_1_15' title='bbox 410 349 571 390; x_wconf 86' lang='lat' dir='ltr'>decem</span> <span class='ocrx_word' id='word_1_16' title='bbox 592 356 635 389; x_wconf 86' lang='lat' dir='ltr'>et</span> <span class='ocrx_word' id='word_1_17' title='bbox 657 360 741 388; x_wconf 81' lang='lat' dir='ltr'>sex</span> <span class='ocrx_word' id='word_1_18' title='bbox 762 360 910 388; x_wconf 91' lang='lat' dir='ltr'>annos</span> <span class='ocrx_word' id='word_1_19' title='bbox 933 348 1203 388; x_wconf 75' lang='lat' dir='ltr'>occuluerat</span> <span class='ocrx_word' id='word_1_20' title='bbox 1225 353 1436 398; x_wconf 88' lang='lat' dir='ltr'>peccata.</span> <span class='ocrx_word' id='word_1_21' title='bbox 1460 347 1609 397; x_wconf 90' lang='lat' dir='ltr'>Alius,</span> <span class='ocrx_word' id='word_1_22' title='bbox 1635 359 1798 388; x_wconf 88' lang='lat' dir='ltr'>omnes</span> 
     </span>
     <span class='ocr_line' id='line_1_4' title="bbox 167 417 1797 470; baseline -0.002 -8"><span class='ocrx_word' id='word_1_23' title='bbox 167 422 479 462; x_wconf 81' lang='lat' dir='ltr'>confessarios</span> <span class='ocrx_word' id='word_1_24' title='bbox 501 427 816 470; x_wconf 88' lang='lat' dir='ltr'>contemnens,</span> <span class='ocrx_word' id='word_1_25' title='bbox 849 419 985 470; x_wconf 80' lang='lat' dir='ltr'>quasi</span> <span class='ocrx_word' id='word_1_26' title='bbox 1006 430 1172 470; x_wconf 90' lang='lat' dir='ltr'>parum</span> <span class='ocrx_word' id='word_1_27' title='bbox 1193 417 1361 468; x_wconf 89' lang='lat' dir='ltr'>dignos</span> <span class='ocrx_word' id='word_1_28' title='bbox 1391 417 1556 468; x_wconf 86' lang='lat' dir='ltr'>quibus</span> <span class='ocrx_word' id='word_1_29' title='bbox 1589 429 1673 457; x_wconf 89' lang='lat' dir='ltr'>sua</span> <span class='ocrx_word' id='word_1_30' title='bbox 1695 430 1797 468; x_wconf 90' lang='lat' dir='ltr'>pec·</span> 
     </span>
     <span class='ocr_line' id='line_1_5' title="bbox 166 488 1799 543; baseline -0.004 -10"><span class='ocrx_word' id='word_1_31' title='bbox 166 499 272 532; x_wconf 91' lang='lat' dir='ltr'>cata</span> <span class='ocrx_word' id='word_1_32' title='bbox 307 493 645 542; x_wconf 73' lang='lat' dir='ltr'>manifestaret,</span> <span class='ocrx_word' id='word_1_33' title='bbox 684 497 787 543; x_wconf 90' lang='lat' dir='ltr'>post</span> <span class='ocrx_word' id='word_1_34' title='bbox 824 501 972 530; x_wconf 89' lang='lat' dir='ltr'>annos</span> <span class='ocrx_word' id='word_1_35' title='bbox 1011 495 1130 539; x_wconf 89' lang='lat' dir='ltr'>octo,</span> <span class='ocrx_word' id='word_1_36' title='bbox 1171 500 1276 528; x_wconf 90' lang='lat' dir='ltr'>cum</span> <span class='ocrx_word' id='word_1_37' title='bbox 1312 499 1472 528; x_wconf 88' lang='lat' dir='ltr'>coram</span> <span class='ocrx_word' id='word_1_38' title='bbox 1506 488 1607 538; x_wconf 92' lang='lat' dir='ltr'>ipso</span> <span class='ocrx_word' id='word_1_39' title='bbox 1640 489 1799 528; x_wconf 80' lang='lat' dir='ltr'>nescio</span> 
     </span>
     <span class='ocr_line' id='line_1_6' title="bbox 166 559 1798 615; baseline -0.002 -12"><span class='ocrx_word' id='word_1_40' title='bbox 166 564 269 615; x_wconf 87' lang='lat' dir='ltr'>quis</span> <span class='ocrx_word' id='word_1_41' title='bbox 290 563 346 603; x_wconf 91' lang='lat' dir='ltr'>de</span> <span class='ocrx_word' id='word_1_42' title='bbox 367 564 540 602; x_wconf 88' lang='lat' dir='ltr'>nostris</span> <span class='ocrx_word' id='word_1_43' title='bbox 560 563 775 603; x_wconf 85' lang='lat' dir='ltr'>Patribus</span> <span class='ocrx_word' id='word_1_44' title='bbox 798 561 940 601; x_wconf 87' lang='lat' dir='ltr'>uerba</span> <span class='ocrx_word' id='word_1_45' title='bbox 969 560 1171 609; x_wconf 76' lang='lat' dir='ltr'>fecisset,</span> <span class='ocrx_word' id='word_1_46' title='bbox 1204 559 1500 599; x_wconf 90' lang='lat' dir='ltr'>commodum</span> <span class='ocrx_word' id='word_1_47' title='bbox 1533 570 1616 598; x_wconf 90' lang='lat' dir='ltr'>suo</span> <span class='ocrx_word' id='word_1_48' title='bbox 1638 560 1798 610; x_wconf 90' lang='lat' dir='ltr'>palato</span> 
     </span>
     <span class='ocr_line' id='line_1_7' title="bbox 167 630 1799 685; baseline -0.003 -11"><span class='ocrx_word' id='word_1_49' title='bbox 167 634 507 674; x_wconf 84' lang='lat' dir='ltr'>confessarium</span> <span class='ocrx_word' id='word_1_50' title='bbox 530 639 823 685; x_wconf 73' lang='lat' dir='ltr'>assequutus,</span> <span class='ocrx_word' id='word_1_51' title='bbox 849 632 1094 672; x_wconf 82' lang='lat' dir='ltr'>confessus</span> <span class='ocrx_word' id='word_1_52' title='bbox 1116 637 1199 671; x_wconf 88' lang='lat' dir='ltr'>est.</span> <span class='ocrx_word' id='word_1_53' title='bbox 1224 631 1319 671; x_wconf 83' lang='lat' dir='ltr'>Alii</span> <span class='ocrx_word' id='word_1_54' title='bbox 1351 630 1549 681; x_wconf 83' lang='lat' dir='ltr'>denique</span> <span class='ocrx_word' id='word_1_55' title='bbox 1571 630 1716 680; x_wconf 90' lang='lat' dir='ltr'>multi,</span> <span class='ocrx_word' id='word_1_56' title='bbox 1740 642 1799 670; x_wconf 92' lang='lat' dir='ltr'>ne</span> 
     </span>
     <span class='ocr_line' id='line_1_8' title="bbox 170 701 1800 755; baseline -0.003 -10"><span class='ocrx_word' id='word_1_57' title='bbox 170 705 216 744; x_wconf 93' lang='lat' dir='ltr'>in</span> <span class='ocrx_word' id='word_1_58' title='bbox 244 705 441 755; x_wconf 86' lang='lat' dir='ltr'>singulis</span> <span class='ocrx_word' id='word_1_59' title='bbox 469 704 769 745; x_wconf 82' lang='lat' dir='ltr'>recensendis</span> <span class='ocrx_word' id='word_1_60' title='bbox 797 703 1022 744; x_wconf 89' lang='lat' dir='ltr'>molestus</span> <span class='ocrx_word' id='word_1_61' title='bbox 1051 703 1153 751; x_wconf 89' lang='lat' dir='ltr'>sim,</span> <span class='ocrx_word' id='word_1_62' title='bbox 1187 702 1392 741; x_wconf 85' lang='lat' dir='ltr'>confessi</span> <span class='ocrx_word' id='word_1_63' title='bbox 1428 707 1554 750; x_wconf 89' lang='lat' dir='ltr'>sunt,</span> <span class='ocrx_word' id='word_1_64' title='bbox 1592 701 1670 752; x_wconf 86' lang='lat' dir='ltr'>qui</span> <span class='ocrx_word' id='word_1_65' title='bbox 1696 713 1745 740; x_wconf 88' lang='lat' dir='ltr'>se</span> <span class='ocrx_word' id='word_1_66' title='bbox 1773 713 1800 740; x_wconf 88' lang='lat' dir='ltr'>a</span> 
     </span>
     <span class='ocr_line' id='line_1_9' title="bbox 170 772 1800 816; baseline -0.002 -1"><span class='ocrx_word' id='word_1_67' title='bbox 170 776 460 815; x_wconf 88' lang='lat' dir='ltr'>confessione</span> <span class='ocrx_word' id='word_1_68' title='bbox 481 776 787 815; x_wconf 86' lang='lat' dir='ltr'>saluberrimo</span> <span class='ocrx_word' id='word_1_69' title='bbox 808 775 1028 816; x_wconf 89' lang='lat' dir='ltr'>uitiorum</span> <span class='ocrx_word' id='word_1_70' title='bbox 1050 773 1261 813; x_wconf 89' lang='lat' dir='ltr'>antidoto</span> <span class='ocrx_word' id='word_1_71' title='bbox 1284 774 1454 812; x_wconf 83' lang='lat' dir='ltr'>multos</span> <span class='ocrx_word' id='word_1_72' title='bbox 1485 784 1632 812; x_wconf 90' lang='lat' dir='ltr'>annos</span> <span class='ocrx_word' id='word_1_73' title='bbox 1664 772 1800 812; x_wconf 85' lang='lat' dir='ltr'>absti-</span> 
     </span>
     <span class='ocr_line' id='line_1_10' title="bbox 170 852 386 886; baseline 0 0"><span class='ocrx_word' id='word_1_74' title='bbox 170 852 386 886; x_wconf 91' lang='lat' dir='ltr'>nuerant.</span> 
     </span>
    </p>

    <p class='ocr_par' dir='ltr' id='par_1_3' title="bbox 145 916 1813 1679">
     <span class='ocr_line' id='line_1_11' title="bbox 248 916 1799 969; baseline -0.003 -11"><span class='ocrx_word' id='word_1_75' title='bbox 248 917 523 958; x_wconf 87' lang='lat' dir='ltr'>Uberrimus</span> <span class='ocrx_word' id='word_1_76' title='bbox 545 930 726 969; x_wconf 85' lang='lat' dir='ltr'>quoque</span> <span class='ocrx_word' id='word_1_77' title='bbox 752 917 1101 957; x_wconf 90' lang='lat' dir='ltr'>confessionum</span> <span class='ocrx_word' id='word_1_78' title='bbox 1122 916 1302 955; x_wconf 88' lang='lat' dir='ltr'>fructus</span> <span class='ocrx_word' id='word_1_79' title='bbox 1324 927 1382 955; x_wconf 84' lang='lat' dir='ltr'>ex</span> <span class='ocrx_word' id='word_1_80' title='bbox 1413 926 1466 954; x_wconf 89' lang='lat' dir='ltr'>eo</span> <span class='ocrx_word' id='word_1_81' title='bbox 1497 916 1799 966; x_wconf 78' lang='lat' dir='ltr'>cognoscitur</span> 
     </span>
     <span class='ocr_line' id='line_1_12' title="bbox 171 985 1799 1040; baseline -0.003 -11"><span class='ocrx_word' id='word_1_82' title='bbox 171 989 295 1040; x_wconf 93' lang='lat' dir='ltr'>quod</span> <span class='ocrx_word' id='word_1_83' title='bbox 317 990 595 1039; x_wconf 90' lang='lat' dir='ltr'>complures,</span> <span class='ocrx_word' id='word_1_84' title='bbox 620 996 715 1028; x_wconf 87' lang='lat' dir='ltr'>tam</span> <span class='ocrx_word' id='word_1_85' title='bbox 746 987 1016 1028; x_wconf 80' lang='lat' dir='ltr'>scholastici</span> <span class='ocrx_word' id='word_1_86' title='bbox 1039 998 1179 1039; x_wconf 88' lang='lat' dir='ltr'>quam</span> <span class='ocrx_word' id='word_1_87' title='bbox 1209 998 1266 1026; x_wconf 77' lang='lat' dir='ltr'>ex</span> <span class='ocrx_word' id='word_1_88' title='bbox 1289 986 1406 1031; x_wconf 82' lang='lat' dir='ltr'>aliis,</span> <span class='ocrx_word' id='word_1_89' title='bbox 1440 986 1585 1025; x_wconf 90' lang='lat' dir='ltr'>uariis</span> <span class='ocrx_word' id='word_1_90' title='bbox 1616 985 1799 1035; x_wconf 86' lang='lat' dir='ltr'>religio-</span> 
     </span>
     <span class='ocr_line' id='line_1_13' title="bbox 169 1056 1803 1110; baseline -0.002 -11"><span class='ocrx_word' id='word_1_91' title='bbox 169 1060 319 1110; x_wconf 88' lang='lat' dir='ltr'>nibus,</span> <span class='ocrx_word' id='word_1_92' title='bbox 354 1071 497 1099; x_wconf 91' lang='lat' dir='ltr'>suasu</span> <span class='ocrx_word' id='word_1_93' title='bbox 531 1066 802 1100; x_wconf 87' lang='lat' dir='ltr'>nostrorum</span> <span class='ocrx_word' id='word_1_94' title='bbox 828 1059 1033 1107; x_wconf 88' lang='lat' dir='ltr'>Patrum,</span> <span class='ocrx_word' id='word_1_95' title='bbox 1067 1069 1169 1098; x_wconf 91' lang='lat' dir='ltr'>sese</span> <span class='ocrx_word' id='word_1_96' title='bbox 1201 1057 1484 1106; x_wconf 80' lang='lat' dir='ltr'>dicauerint3</span> <span class='ocrx_word' id='word_1_97' title='bbox 1517 1057 1581 1096; x_wconf 89' lang='lat' dir='ltr'>ita</span> <span class='ocrx_word' id='word_1_98' title='bbox 1611 1062 1660 1096; x_wconf 92' lang='lat' dir='ltr'>ut</span> <span class='ocrx_word' id='word_1_99' title='bbox 1689 1056 1803 1096; x_wconf 86' lang='lat' dir='ltr'>mihi</span> 
     </span>
     <span class='ocr_line' id='line_1_14' title="bbox 170 1124 1802 1182; baseline -0.003 -11"><span class='ocrx_word' id='word_1_100' title='bbox 170 1131 289 1171; x_wconf 89' lang='lat' dir='ltr'>citra</span> <span class='ocrx_word' id='word_1_101' title='bbox 312 1130 455 1170; x_wconf 88' lang='lat' dir='ltr'>ullam</span> <span class='ocrx_word' id='word_1_102' title='bbox 477 1131 779 1182; x_wconf 81' lang='lat' dir='ltr'>hyperbolem</span> <span class='ocrx_word' id='word_1_103' title='bbox 801 1130 1127 1170; x_wconf 82' lang='lat' dir='ltr'>renunciatum</span> <span class='ocrx_word' id='word_1_104' title='bbox 1148 1129 1220 1177; x_wconf 86' lang='lat' dir='ltr'>sit,</span> <span class='ocrx_word' id='word_1_105' title='bbox 1245 1124 1325 1168; x_wconf 77' lang='lat' dir='ltr'>uix</span> <span class='ocrx_word' id='word_1_106' title='bbox 1346 1127 1631 1168; x_wconf 87' lang='lat' dir='ltr'>monasteria</span> <span class='ocrx_word' id='word_1_107' title='bbox 1663 1127 1802 1167; x_wconf 87' lang='lat' dir='ltr'>huius</span> 
     </span>
     <span class='ocr_line' id='line_1_15' title="bbox 171 1198 1802 1253; baseline -0.003 -11"><span class='ocrx_word' id='word_1_108' title='bbox 171 1202 304 1253; x_wconf 87' lang='lat' dir='ltr'>regni</span> <span class='ocrx_word' id='word_1_109' title='bbox 324 1207 391 1241; x_wconf 90' lang='lat' dir='ltr'>tot</span> <span class='ocrx_word' id='word_1_110' title='bbox 413 1201 548 1241; x_wconf 84' lang='lat' dir='ltr'>simul</span> <span class='ocrx_word' id='word_1_111' title='bbox 569 1213 737 1253; x_wconf 80' lang='lat' dir='ltr'>capere</span> <span class='ocrx_word' id='word_1_112' title='bbox 758 1213 909 1253; x_wconf 85' lang='lat' dir='ltr'>posse;</span> <span class='ocrx_word' id='word_1_113' title='bbox 934 1207 979 1241; x_wconf 94' lang='lat' dir='ltr'>et</span> <span class='ocrx_word' id='word_1_114' title='bbox 998 1201 1044 1251; x_wconf 90' lang='lat' dir='ltr'>ii,</span> <span class='ocrx_word' id='word_1_115' title='bbox 1067 1200 1145 1252; x_wconf 92' lang='lat' dir='ltr'>qui</span> <span class='ocrx_word' id='word_1_116' title='bbox 1180 1199 1372 1239; x_wconf 84' lang='lat' dir='ltr'>admissi</span> <span class='ocrx_word' id='word_1_117' title='bbox 1399 1199 1519 1238; x_wconf 89' lang='lat' dir='ltr'>inter</span> <span class='ocrx_word' id='word_1_118' title='bbox 1542 1198 1658 1238; x_wconf 85' lang='lat' dir='ltr'>alios</span> <span class='ocrx_word' id='word_1_119' title='bbox 1679 1203 1802 1248; x_wconf 87' lang='lat' dir='ltr'>sunt,</span> 
     </span>
     <span class='ocr_line' id='line_1_16' title="bbox 145 1268 1803 1319; baseline -0.004 -6"><span class='ocrx_word' id='word_1_120' title='bbox 145 1302 148 1306; x_wconf 48' lang='lat'><strong>&gt;</strong></span> <span class='ocrx_word' id='word_1_121' title='bbox 171 1280 268 1313; x_wconf 90' lang='lat' dir='ltr'>tam</span> <span class='ocrx_word' id='word_1_122' title='bbox 287 1283 482 1312; x_wconf 91' lang='lat' dir='ltr'>suauem</span> <span class='ocrx_word' id='word_1_123' title='bbox 503 1272 839 1312; x_wconf 88' lang='lat' dir='ltr'>aedificationis</span> <span class='ocrx_word' id='word_1_124' title='bbox 860 1272 1051 1312; x_wconf 92' lang='lat' dir='ltr'>odorem</span> <span class='ocrx_word' id='word_1_125' title='bbox 1073 1283 1131 1311; x_wconf 86' lang='lat' dir='ltr'>ex</span> <span class='ocrx_word' id='word_1_126' title='bbox 1152 1282 1201 1310; x_wconf 90' lang='lat' dir='ltr'>se</span> <span class='ocrx_word' id='word_1_127' title='bbox 1224 1270 1454 1319; x_wconf 90' lang='lat' dir='ltr'>emittunt,</span> <span class='ocrx_word' id='word_1_128' title='bbox 1475 1275 1523 1309; x_wconf 88' lang='lat' dir='ltr'>ut</span> <span class='ocrx_word' id='word_1_129' title='bbox 1545 1274 1588 1309; x_wconf 91' lang='lat' dir='ltr'>et</span> <span class='ocrx_word' id='word_1_130' title='bbox 1611 1268 1715 1308; x_wconf 89' lang='lat' dir='ltr'>aliis</span> <span class='ocrx_word' id='word_1_131' title='bbox 1735 1280 1803 1308; x_wconf 89' lang='lat' dir='ltr'>re-</span> 
     </span>
     <span class='ocr_line' id='line_1_17' title="bbox 169 1339 1811 1394; baseline -0.002 -11"><span class='ocrx_word' id='word_1_132' title='bbox 169 1343 348 1394; x_wconf 90' lang='lat' dir='ltr'>ligiosis</span> <span class='ocrx_word' id='word_1_133' title='bbox 377 1343 581 1394; x_wconf 86' lang='lat' dir='ltr'>antiquis</span> <span class='ocrx_word' id='word_1_134' title='bbox 609 1354 833 1394; x_wconf 86' lang='lat' dir='ltr'>magnum</span> <span class='ocrx_word' id='word_1_135' title='bbox 864 1343 923 1382; x_wconf 92' lang='lat' dir='ltr'>sit</span> <span class='ocrx_word' id='word_1_136' title='bbox 950 1342 1168 1382; x_wconf 90' lang='lat' dir='ltr'>solatium</span> <span class='ocrx_word' id='word_1_137' title='bbox 1189 1347 1234 1381; x_wconf 91' lang='lat' dir='ltr'>et</span> <span class='ocrx_word' id='word_1_138' title='bbox 1265 1340 1477 1380; x_wconf 89' lang='lat' dir='ltr'>nonnihil</span> <span class='ocrx_word' id='word_1_139' title='bbox 1506 1339 1734 1388; x_wconf 88' lang='lat' dir='ltr'>stimulus,</span> <span class='ocrx_word' id='word_1_140' title='bbox 1759 1345 1811 1379; x_wconf 87' lang='lat' dir='ltr'>ut</span> 
     </span>
     <span class='ocr_line' id='line_1_18' title="bbox 170 1410 1810 1466; baseline -0.003 -12"><span class='ocrx_word' id='word_1_141' title='bbox 170 1414 229 1454; x_wconf 90' lang='lat' dir='ltr'>ad</span> <span class='ocrx_word' id='word_1_142' title='bbox 249 1414 585 1466; x_wconf 84' lang='lat' dir='ltr'>perfectionem</span> <span class='ocrx_word' id='word_1_143' title='bbox 607 1414 875 1464; x_wconf 87' lang='lat' dir='ltr'>diligentius</span> <span class='ocrx_word' id='word_1_144' title='bbox 906 1414 1139 1453; x_wconf 86' lang='lat' dir='ltr'>anhelent.</span> <span class='ocrx_word' id='word_1_145' title='bbox 1172 1412 1304 1452; x_wconf 91' lang='lat' dir='ltr'>Haec</span> <span class='ocrx_word' id='word_1_146' title='bbox 1326 1411 1482 1451; x_wconf 91' lang='lat' dir='ltr'>omnia</span> <span class='ocrx_word' id='word_1_147' title='bbox 1505 1411 1664 1451; x_wconf 89' lang='lat' dir='ltr'>diuina</span> <span class='ocrx_word' id='word_1_148' title='bbox 1684 1410 1810 1450; x_wconf 90' lang='lat' dir='ltr'>boni-</span> 
     </span>
     <span class='ocr_line' id='line_1_19' title="bbox 170 1481 1811 1536; baseline -0.002 -11"><span class='ocrx_word' id='word_1_149' title='bbox 170 1491 243 1525; x_wconf 88' lang='lat' dir='ltr'>tas</span> <span class='ocrx_word' id='word_1_150' title='bbox 264 1496 348 1536; x_wconf 88' lang='lat' dir='ltr'>per</span> <span class='ocrx_word' id='word_1_151' title='bbox 369 1490 556 1525; x_wconf 91' lang='lat' dir='ltr'>nostros</span> <span class='ocrx_word' id='word_1_152' title='bbox 579 1484 745 1525; x_wconf 82' lang='lat' dir='ltr'>Patres</span> <span class='ocrx_word' id='word_1_153' title='bbox 762 1485 948 1536; x_wconf 90' lang='lat' dir='ltr'>operari</span> <span class='ocrx_word' id='word_1_154' title='bbox 965 1484 1159 1535; x_wconf 83' lang='lat' dir='ltr'>dignata</span> <span class='ocrx_word' id='word_1_155' title='bbox 1177 1490 1261 1533; x_wconf 91' lang='lat' dir='ltr'>est,</span> <span class='ocrx_word' id='word_1_156' title='bbox 1283 1483 1361 1535; x_wconf 89' lang='lat' dir='ltr'>qui</span> <span class='ocrx_word' id='word_1_157' title='bbox 1378 1481 1579 1534; x_wconf 86' lang='lat' dir='ltr'>quidem,</span> <span class='ocrx_word' id='word_1_158' title='bbox 1600 1482 1639 1522; x_wconf 92' lang='lat' dir='ltr'>si</span> <span class='ocrx_word' id='word_1_159' title='bbox 1654 1482 1811 1533; x_wconf 90' lang='lat' dir='ltr'>plures</span> 
     </span>
     <span class='ocr_line' id='line_1_20' title="bbox 170 1552 1813 1607; baseline -0.003 -11"><span class='ocrx_word' id='word_1_160' title='bbox 170 1563 340 1606; x_wconf 84' lang='lat' dir='ltr'>essent,</span> <span class='ocrx_word' id='word_1_161' title='bbox 361 1557 505 1596; x_wconf 92' lang='lat' dir='ltr'>multo</span> <span class='ocrx_word' id='word_1_162' title='bbox 524 1556 758 1607; x_wconf 87' lang='lat' dir='ltr'>copiosior</span> <span class='ocrx_word' id='word_1_163' title='bbox 776 1555 955 1596; x_wconf 90' lang='lat' dir='ltr'>fructus</span> <span class='ocrx_word' id='word_1_164' title='bbox 973 1568 1031 1595; x_wconf 83' lang='lat' dir='ltr'>ex</span> <span class='ocrx_word' id='word_1_165' title='bbox 1052 1566 1217 1595; x_wconf 92' lang='lat' dir='ltr'>eorum</span> <span class='ocrx_word' id='word_1_166' title='bbox 1238 1553 1510 1594; x_wconf 88' lang='lat' dir='ltr'>ministeriis</span> <span class='ocrx_word' id='word_1_167' title='bbox 1527 1552 1653 1592; x_wconf 90' lang='lat' dir='ltr'>haud</span> <span class='ocrx_word' id='word_1_168' title='bbox 1675 1553 1813 1592; x_wconf 89' lang='lat' dir='ltr'>dubie</span> 
     </span>
     <span class='ocr_line' id='line_1_21' title="bbox 171 1627 488 1679; baseline -0.003 -12"><span class='ocrx_word' id='word_1_169' title='bbox 171 1627 488 1679; x_wconf 86' lang='lat' dir='ltr'>colligeretur.</span> 
     </span>
    </p>

    <p class='ocr_par' dir='ltr' id='par_1_4' title="bbox 170 1695 1817 3023">
     <span class='ocr_line' id='line_1_22' title="bbox 250 1695 1812 1750; baseline -0.002 -12"><span class='ocrx_word' id='word_1_170' title='bbox 250 1697 519 1739; x_wconf 91' lang='lat' dir='ltr'>Deueniens</span> <span class='ocrx_word' id='word_1_171' title='bbox 541 1698 600 1738; x_wconf 91' lang='lat' dir='ltr'>ad</span> <span class='ocrx_word' id='word_1_172' title='bbox 631 1698 692 1749; x_wconf 88' lang='lat' dir='ltr'>id,</span> <span class='ocrx_word' id='word_1_173' title='bbox 728 1698 851 1750; x_wconf 88' lang='lat' dir='ltr'>quod</span> <span class='ocrx_word' id='word_1_174' title='bbox 879 1699 935 1738; x_wconf 92' lang='lat' dir='ltr'>de</span> <span class='ocrx_word' id='word_1_175' title='bbox 964 1698 1179 1738; x_wconf 91' lang='lat' dir='ltr'>doctrina</span> <span class='ocrx_word' id='word_1_176' title='bbox 1208 1697 1464 1737; x_wconf 89' lang='lat' dir='ltr'>christiana</span> <span class='ocrx_word' id='word_1_177' title='bbox 1496 1708 1570 1736; x_wconf 89' lang='lat' dir='ltr'>me</span> <span class='ocrx_word' id='word_1_178' title='bbox 1608 1695 1812 1735; x_wconf 85' lang='lat' dir='ltr'>secundo</span> 
     </span>
     <span class='ocr_line' id='line_1_23' title="bbox 170 1766 1808 1819; baseline -0.002 -10"><span class='ocrx_word' id='word_1_179' title='bbox 170 1770 273 1810; x_wconf 90' lang='lat' dir='ltr'>loco</span> <span class='ocrx_word' id='word_1_180' title='bbox 309 1768 544 1809; x_wconf 89' lang='lat' dir='ltr'>dicturum</span> <span class='ocrx_word' id='word_1_181' title='bbox 575 1781 677 1809; x_wconf 88' lang='lat' dir='ltr'>sum</span> <span class='ocrx_word' id='word_1_182' title='bbox 705 1769 954 1819; x_wconf 86' lang='lat' dir='ltr'>pollicitus,</span> <span class='ocrx_word' id='word_1_183' title='bbox 985 1768 1150 1808; x_wconf 87' lang='lat' dir='ltr'>Patres</span> <span class='ocrx_word' id='word_1_184' title='bbox 1179 1768 1226 1808; x_wconf 92' lang='lat' dir='ltr'>in</span> <span class='ocrx_word' id='word_1_185' title='bbox 1253 1780 1307 1808; x_wconf 91' lang='lat' dir='ltr'>ea</span> <span class='ocrx_word' id='word_1_186' title='bbox 1342 1768 1556 1808; x_wconf 90' lang='lat' dir='ltr'>docenda</span> <span class='ocrx_word' id='word_1_187' title='bbox 1591 1766 1808 1808; x_wconf 88' lang='lat' dir='ltr'>eumdem</span> 
     </span>
     <span class='ocr_line' id='line_1_24' title="bbox 171 1838 1808 1891; baseline -0.002 -11"><span class='ocrx_word' id='word_1_188' title='bbox 171 1840 358 1880; x_wconf 90' lang='lat' dir='ltr'>modurn</span> <span class='ocrx_word' id='word_1_189' title='bbox 380 1840 634 1880; x_wconf 89' lang='lat' dir='ltr'>obseruant</span> <span class='ocrx_word' id='word_1_190' title='bbox 661 1851 799 1891; x_wconf 91' lang='lat' dir='ltr'>quem</span> <span class='ocrx_word' id='word_1_191' title='bbox 830 1846 983 1879; x_wconf 87' lang='lat' dir='ltr'>antea:</span> <span class='ocrx_word' id='word_1_192' title='bbox 1016 1839 1407 1891; x_wconf 89' lang='lat' dir='ltr'>deprehendimus</span> <span class='ocrx_word' id='word_1_193' title='bbox 1428 1850 1522 1878; x_wconf 90' lang='lat' dir='ltr'>non</span> <span class='ocrx_word' id='word_1_194' title='bbox 1544 1849 1735 1889; x_wconf 89' lang='lat' dir='ltr'>paucos,</span> <span class='ocrx_word' id='word_1_195' title='bbox 1761 1838 1808 1877; x_wconf 89' lang='lat' dir='ltr'>in</span> 
     </span>
     <span class='ocr_line' id='line_1_25' title="bbox 171 1909 1806 1962; baseline -0.002 -11"><span class='ocrx_word' id='word_1_196' title='bbox 171 1911 308 1951; x_wconf 91' lang='lat' dir='ltr'>rebus</span> <span class='ocrx_word' id='word_1_197' title='bbox 330 1911 500 1951; x_wconf 91' lang='lat' dir='ltr'>diuinis</span> <span class='ocrx_word' id='word_1_198' title='bbox 522 1923 688 1962; x_wconf 90' lang='lat' dir='ltr'>parum</span> <span class='ocrx_word' id='word_1_199' title='bbox 705 1910 948 1961; x_wconf 87' lang='lat' dir='ltr'>sollicitos,</span> <span class='ocrx_word' id='word_1_200' title='bbox 968 1911 1067 1951; x_wconf 90' lang='lat' dir='ltr'>sola</span> <span class='ocrx_word' id='word_1_201' title='bbox 1085 1910 1327 1950; x_wconf 90' lang='lat' dir='ltr'>doctrinae</span> <span class='ocrx_word' id='word_1_202' title='bbox 1346 1910 1615 1961; x_wconf 81' lang='lat' dir='ltr'>cognitione</span> <span class='ocrx_word' id='word_1_203' title='bbox 1634 1909 1806 1949; x_wconf 88' lang='lat' dir='ltr'>cautio-</span> 
     </span>
     <span class='ocr_line' id='line_1_26' title="bbox 170 1980 1807 2033; baseline -0.002 -11"><span class='ocrx_word' id='word_1_204' title='bbox 170 1993 245 2022; x_wconf 89' lang='lat' dir='ltr'>res</span> <span class='ocrx_word' id='word_1_205' title='bbox 266 1982 470 2030; x_wconf 82' lang='lat' dir='ltr'>effectos,</span> <span class='ocrx_word' id='word_1_206' title='bbox 496 1982 839 2033; x_wconf 89' lang='lat' dir='ltr'>conspicientes</span> <span class='ocrx_word' id='word_1_207' title='bbox 860 1982 986 2022; x_wconf 90' lang='lat' dir='ltr'>uitae</span> <span class='ocrx_word' id='word_1_208' title='bbox 1008 1993 1121 2022; x_wconf 91' lang='lat' dir='ltr'>suae</span> <span class='ocrx_word' id='word_1_209' title='bbox 1149 1981 1535 2021; x_wconf 89' lang='lat' dir='ltr'>consuetudinem</span> <span class='ocrx_word' id='word_1_210' title='bbox 1555 1980 1807 2032; x_wconf 87' lang='lat' dir='ltr'>plurimum</span> 
     </span>
     <span class='ocr_line' id='line_1_27' title="bbox 172 2050 1809 2104; baseline -0.001 -12"><span class='ocrx_word' id='word_1_211' title='bbox 172 2064 197 2092; x_wconf 93' lang='lat' dir='ltr'>a</span> <span class='ocrx_word' id='word_1_212' title='bbox 219 2054 382 2104; x_wconf 86' lang='lat' dir='ltr'>regula</span> <span class='ocrx_word' id='word_1_213' title='bbox 403 2053 667 2092; x_wconf 91' lang='lat' dir='ltr'>diuinorum</span> <span class='ocrx_word' id='word_1_214' title='bbox 685 2053 1013 2092; x_wconf 89' lang='lat' dir='ltr'>mandatorum</span> <span class='ocrx_word' id='word_1_215' title='bbox 1030 2052 1315 2103; x_wconf 87' lang='lat' dir='ltr'>discrepare.</span> <span class='ocrx_word' id='word_1_216' title='bbox 1334 2052 1385 2091; x_wconf 90' lang='lat' dir='ltr'>In</span> <span class='ocrx_word' id='word_1_217' title='bbox 1401 2051 1500 2091; x_wconf 89' lang='lat' dir='ltr'>dies</span> <span class='ocrx_word' id='word_1_218' title='bbox 1520 2050 1678 2102; x_wconf 88' lang='lat' dir='ltr'>populi</span> <span class='ocrx_word' id='word_1_219' title='bbox 1695 2061 1809 2101; x_wconf 86' lang='lat' dir='ltr'>erga</span> 
     </span>
     <span class='ocr_line' id='line_1_28' title="bbox 173 2122 1813 2174; baseline -0.002 -11"><span class='ocrx_word' id='word_1_220' title='bbox 173 2136 260 2164; x_wconf 94' lang='lat' dir='ltr'>nos</span> <span class='ocrx_word' id='word_1_221' title='bbox 295 2135 427 2163; x_wconf 89' lang='lat' dir='ltr'>arnor</span> <span class='ocrx_word' id='word_1_222' title='bbox 455 2124 607 2173; x_wconf 87' lang='lat' dir='ltr'>magis</span> <span class='ocrx_word' id='word_1_223' title='bbox 637 2135 691 2162; x_wconf 93' lang='lat' dir='ltr'>ac</span> <span class='ocrx_word' id='word_1_224' title='bbox 720 2123 871 2173; x_wconf 89' lang='lat' dir='ltr'>magis</span> <span class='ocrx_word' id='word_1_225' title='bbox 900 2123 1189 2173; x_wconf 87' lang='lat' dir='ltr'>accenditur,</span> <span class='ocrx_word' id='word_1_226' title='bbox 1220 2128 1264 2162; x_wconf 90' lang='lat' dir='ltr'>et</span> <span class='ocrx_word' id='word_1_227' title='bbox 1295 2122 1466 2174; x_wconf 86' lang='lat' dir='ltr'>opinio,</span> <span class='ocrx_word' id='word_1_228' title='bbox 1495 2133 1636 2173; x_wconf 89' lang='lat' dir='ltr'>quam</span> <span class='ocrx_word' id='word_1_229' title='bbox 1657 2122 1713 2161; x_wconf 92' lang='lat' dir='ltr'>de</span> <span class='ocrx_word' id='word_1_230' title='bbox 1734 2132 1813 2160; x_wconf 93' lang='lat' dir='ltr'>no-</span> 
     </span>
     <span class='ocr_line' id='line_1_29' title="bbox 174 2192 1811 2246; baseline -0.002 -11"><span class='ocrx_word' id='word_1_231' title='bbox 174 2202 271 2235; x_wconf 87' lang='lat' dir='ltr'>stra</span> <span class='ocrx_word' id='word_1_232' title='bbox 306 2195 498 2235; x_wconf 90' lang='lat' dir='ltr'>minima</span> <span class='ocrx_word' id='word_1_233' title='bbox 526 2194 761 2235; x_wconf 82' lang='lat' dir='ltr'>Societate</span> <span class='ocrx_word' id='word_1_234' title='bbox 790 2203 1122 2246; x_wconf 88' lang='lat' dir='ltr'>conceperunt,</span> <span class='ocrx_word' id='word_1_235' title='bbox 1153 2205 1337 2245; x_wconf 87' lang='lat' dir='ltr'>semper</span> <span class='ocrx_word' id='word_1_236' title='bbox 1366 2199 1579 2244; x_wconf 90' lang='lat' dir='ltr'>augetur,</span> <span class='ocrx_word' id='word_1_237' title='bbox 1614 2192 1811 2232; x_wconf 86' lang='lat' dir='ltr'>racioci-</span> 
     </span>
     <span class='ocr_line' id='line_1_30' title="bbox 172 2263 1810 2318; baseline -0.002 -13"><span class='ocrx_word' id='word_1_238' title='bbox 172 2271 339 2306; x_wconf 86' lang='lat' dir='ltr'>nantes</span> <span class='ocrx_word' id='word_1_239' title='bbox 360 2271 563 2318; x_wconf 85' lang='lat' dir='ltr'>quantus</span> <span class='ocrx_word' id='word_1_240' title='bbox 584 2265 642 2305; x_wconf 88' lang='lat' dir='ltr'>sit</span> <span class='ocrx_word' id='word_1_241' title='bbox 663 2270 935 2305; x_wconf 87' lang='lat' dir='ltr'>nostrorum</span> <span class='ocrx_word' id='word_1_242' title='bbox 956 2271 1144 2316; x_wconf 85' lang='lat' dir='ltr'>patrum</span> <span class='ocrx_word' id='word_1_243' title='bbox 1166 2276 1280 2316; x_wconf 86' lang='lat' dir='ltr'>erga</span> <span class='ocrx_word' id='word_1_244' title='bbox 1303 2264 1544 2316; x_wconf 82' lang='lat' dir='ltr'>proximos</span> <span class='ocrx_word' id='word_1_245' title='bbox 1565 2274 1711 2312; x_wconf 88' lang='lat' dir='ltr'>amor,</span> <span class='ocrx_word' id='word_1_246' title='bbox 1733 2263 1810 2314; x_wconf 87' lang='lat' dir='ltr'>qui</span> 
     </span>
     <span class='ocr_line' id='line_1_31' title="bbox 174 2333 1814 2387; baseline -0.002 -11"><span class='ocrx_word' id='word_1_247' title='bbox 174 2348 255 2377; x_wconf 88' lang='lat' dir='ltr'>eos</span> <span class='ocrx_word' id='word_1_248' title='bbox 276 2342 431 2377; x_wconf 91' lang='lat' dir='ltr'>tantos</span> <span class='ocrx_word' id='word_1_249' title='bbox 452 2336 641 2376; x_wconf 90' lang='lat' dir='ltr'>labores</span> <span class='ocrx_word' id='word_1_250' title='bbox 662 2342 850 2387; x_wconf 89' lang='lat' dir='ltr'>tamque</span> <span class='ocrx_word' id='word_1_251' title='bbox 872 2343 1230 2387; x_wconf 89' lang='lat' dir='ltr'>perseuerantes</span> <span class='ocrx_word' id='word_1_252' title='bbox 1252 2335 1407 2375; x_wconf 89' lang='lat' dir='ltr'>subire</span> <span class='ocrx_word' id='word_1_253' title='bbox 1431 2341 1586 2385; x_wconf 90' lang='lat' dir='ltr'>cogat:</span> <span class='ocrx_word' id='word_1_254' title='bbox 1619 2334 1742 2373; x_wconf 87' lang='lat' dir='ltr'>vnde</span> <span class='ocrx_word' id='word_1_255' title='bbox 1764 2333 1814 2373; x_wconf 85' lang='lat' dir='ltr'>fit</span> 
     </span>
     <span class='ocr_line' id='line_1_32' title="bbox 175 2404 1814 2458; baseline -0.003 -10"><span class='ocrx_word' id='word_1_256' title='bbox 175 2414 224 2448; x_wconf 92' lang='lat' dir='ltr'>ut</span> <span class='ocrx_word' id='word_1_257' title='bbox 245 2408 392 2448; x_wconf 90' lang='lat' dir='ltr'>maior</span> <span class='ocrx_word' id='word_1_258' title='bbox 415 2407 691 2447; x_wconf 89' lang='lat' dir='ltr'>adhibeatur</span> <span class='ocrx_word' id='word_1_259' title='bbox 712 2405 953 2456; x_wconf 88' lang='lat' dir='ltr'>diligentia</span> <span class='ocrx_word' id='word_1_260' title='bbox 976 2407 1022 2446; x_wconf 91' lang='lat' dir='ltr'>in</span> <span class='ocrx_word' id='word_1_261' title='bbox 1043 2407 1200 2458; x_wconf 91' lang='lat' dir='ltr'>pueris</span> <span class='ocrx_word' id='word_1_262' title='bbox 1222 2406 1460 2446; x_wconf 87' lang='lat' dir='ltr'>mittendis</span> <span class='ocrx_word' id='word_1_263' title='bbox 1477 2412 1520 2446; x_wconf 90' lang='lat' dir='ltr'>et</span> <span class='ocrx_word' id='word_1_264' title='bbox 1539 2405 1586 2445; x_wconf 85' lang='lat' dir='ltr'>in</span> <span class='ocrx_word' id='word_1_265' title='bbox 1608 2404 1814 2444; x_wconf 87' lang='lat' dir='ltr'>saluber-</span> 
     </span>
     <span class='ocr_line' id='line_1_33' title="bbox 174 2476 1811 2529; baseline -0.002 -11"><span class='ocrx_word' id='word_1_266' title='bbox 174 2479 294 2518; x_wconf 87' lang='lat' dir='ltr'>rima</span> <span class='ocrx_word' id='word_1_267' title='bbox 330 2478 504 2518; x_wconf 87' lang='lat' dir='ltr'>Christi</span> <span class='ocrx_word' id='word_1_268' title='bbox 539 2477 753 2518; x_wconf 87' lang='lat' dir='ltr'>doctrina</span> <span class='ocrx_word' id='word_1_269' title='bbox 781 2477 1081 2528; x_wconf 89' lang='lat' dir='ltr'>addiscenda,</span> <span class='ocrx_word' id='word_1_270' title='bbox 1115 2477 1239 2529; x_wconf 87' lang='lat' dir='ltr'>quod</span> <span class='ocrx_word' id='word_1_271' title='bbox 1273 2476 1492 2516; x_wconf 85' lang='lat' dir='ltr'>Patribus</span> <span class='ocrx_word' id='word_1_272' title='bbox 1519 2482 1684 2527; x_wconf 89' lang='lat' dir='ltr'>sponte</span> <span class='ocrx_word' id='word_1_273' title='bbox 1707 2487 1811 2514; x_wconf 90' lang='lat' dir='ltr'>cur-</span> 
     </span>
     <span class='ocr_line' id='line_1_34' title="bbox 176 2546 1814 2608; baseline -0.002 -20"><span class='ocrx_word' id='word_1_274' title='bbox 176 2549 384 2588; x_wconf 88' lang='lat' dir='ltr'>rentibus</span> <span class='ocrx_word' id='word_1_275' title='bbox 415 2548 603 2588; x_wconf 88' lang='lat' dir='ltr'>adhibet</span> <span class='ocrx_word' id='word_1_276' title='bbox 623 2547 898 2588; x_wconf 89' lang='lat' dir='ltr'>acutissima</span> <span class='ocrx_word' id='word_1_277' title='bbox 913 2548 1137 2608; x_wconf 68' lang='lat' dir='ltr'>calcaria.</span> <span class='ocrx_word' id='word_1_278' title='bbox 1157 2547 1326 2587; x_wconf 86' lang='lat' dir='ltr'>Euenit</span> <span class='ocrx_word' id='word_1_279' title='bbox 1344 2559 1437 2587; x_wconf 91' lang='lat' dir='ltr'>non</span> <span class='ocrx_word' id='word_1_280' title='bbox 1455 2559 1564 2587; x_wconf 90' lang='lat' dir='ltr'>raro</span> <span class='ocrx_word' id='word_1_281' title='bbox 1583 2546 1814 2596; x_wconf 84' lang='lat' dir='ltr'>homines,</span> 
     </span>
     <span class='ocr_line' id='line_1_35' title="bbox 177 2618 1816 2670; baseline -0.001 -12"><span class='ocrx_word' id='word_1_282' title='bbox 177 2620 297 2659; x_wconf 85' lang='lat' dir='ltr'>inter</span> <span class='ocrx_word' id='word_1_283' title='bbox 318 2630 367 2659; x_wconf 90' lang='lat' dir='ltr'>se</span> <span class='ocrx_word' id='word_1_284' title='bbox 388 2619 586 2667; x_wconf 90' lang='lat' dir='ltr'>uicinos,</span> <span class='ocrx_word' id='word_1_285' title='bbox 612 2619 706 2658; x_wconf 89' lang='lat' dir='ltr'>suis</span> <span class='ocrx_word' id='word_1_286' title='bbox 729 2618 893 2658; x_wconf 87' lang='lat' dir='ltr'>studiis</span> <span class='ocrx_word' id='word_1_287' title='bbox 915 2626 1183 2670; x_wconf 88' lang='lat' dir='ltr'>occupatos,</span> <span class='ocrx_word' id='word_1_288' title='bbox 1208 2619 1295 2658; x_wconf 91' lang='lat' dir='ltr'>hac</span> <span class='ocrx_word' id='word_1_289' title='bbox 1318 2619 1453 2658; x_wconf 89' lang='lat' dir='ltr'>simul</span> <span class='ocrx_word' id='word_1_290' title='bbox 1471 2618 1669 2657; x_wconf 89' lang='lat' dir='ltr'>honesta</span> <span class='ocrx_word' id='word_1_291' title='bbox 1686 2627 1816 2656; x_wconf 79' lang='lat' dir='ltr'>exer-</span> 
     </span>
     <span class='ocr_line' id='line_1_36' title="bbox 177 2688 1817 2741; baseline -0.002 -12"><span class='ocrx_word' id='word_1_292' title='bbox 177 2690 399 2730; x_wconf 88' lang='lat' dir='ltr'>citatione</span> <span class='ocrx_word' id='word_1_293' title='bbox 421 2690 658 2740; x_wconf 89' lang='lat' dir='ltr'>occupari,</span> <span class='ocrx_word' id='word_1_294' title='bbox 684 2689 963 2739; x_wconf 88' lang='lat' dir='ltr'>quibusdam</span> <span class='ocrx_word' id='word_1_295' title='bbox 980 2701 1038 2729; x_wconf 86' lang='lat' dir='ltr'>ex</span> <span class='ocrx_word' id='word_1_296' title='bbox 1058 2701 1149 2729; x_wconf 90' lang='lat' dir='ltr'>una</span> <span class='ocrx_word' id='word_1_297' title='bbox 1170 2696 1303 2741; x_wconf 85' lang='lat' dir='ltr'>parte</span> <span class='ocrx_word' id='word_1_298' title='bbox 1321 2688 1611 2737; x_wconf 90' lang='lat' dir='ltr'>canentibus,</span> <span class='ocrx_word' id='word_1_299' title='bbox 1637 2688 1741 2727; x_wconf 85' lang='lat' dir='ltr'>aliis</span> <span class='ocrx_word' id='word_1_300' title='bbox 1758 2699 1817 2727; x_wconf 79' lang='lat' dir='ltr'>ex</span> 
     </span>
     <span class='ocr_line' id='line_1_37' title="bbox 180 2759 1816 2811; baseline -0.002 -11"><span class='ocrx_word' id='word_1_301' title='bbox 180 2762 328 2800; x_wconf 89' lang='lat' dir='ltr'>altera</span> <span class='ocrx_word' id='word_1_302' title='bbox 350 2760 560 2800; x_wconf 89' lang='lat' dir='ltr'>uicissim</span> <span class='ocrx_word' id='word_1_303' title='bbox 580 2759 984 2811; x_wconf 82' lang='lat' dir='ltr'>respondentibus3</span> <span class='ocrx_word' id='word_1_304' title='bbox 1011 2760 1075 2800; x_wconf 87' lang='lat' dir='ltr'>ita</span> <span class='ocrx_word' id='word_1_305' title='bbox 1104 2759 1153 2799; x_wconf 89' lang='lat' dir='ltr'>fit</span> <span class='ocrx_word' id='word_1_306' title='bbox 1180 2767 1231 2800; x_wconf 89' lang='lat' dir='ltr'>ut</span> <span class='ocrx_word' id='word_1_307' title='bbox 1258 2766 1302 2800; x_wconf 89' lang='lat' dir='ltr'>et</span> <span class='ocrx_word' id='word_1_308' title='bbox 1324 2760 1439 2809; x_wconf 89' lang='lat' dir='ltr'>Deo,</span> <span class='ocrx_word' id='word_1_309' title='bbox 1465 2759 1644 2810; x_wconf 91' lang='lat' dir='ltr'>angelis</span> <span class='ocrx_word' id='word_1_310' title='bbox 1667 2766 1711 2798; x_wconf 92' lang='lat' dir='ltr'>et</span> <span class='ocrx_word' id='word_1_311' title='bbox 1735 2759 1816 2798; x_wconf 90' lang='lat' dir='ltr'>ho-</span> 
     </span>
     <span class='ocr_line' id='line_1_38' title="bbox 178 2830 1816 2881; baseline -0.001 -11"><span class='ocrx_word' id='word_1_312' title='bbox 178 2831 394 2881; x_wconf 90' lang='lat' dir='ltr'>minibus,</span> <span class='ocrx_word' id='word_1_313' title='bbox 427 2831 759 2870; x_wconf 89' lang='lat' dir='ltr'>suauissimam</span> <span class='ocrx_word' id='word_1_314' title='bbox 787 2831 1050 2870; x_wconf 88' lang='lat' dir='ltr'>armoniam</span> <span class='ocrx_word' id='word_1_315' title='bbox 1077 2830 1342 2871; x_wconf 90' lang='lat' dir='ltr'>conficiant.</span> <span class='ocrx_word' id='word_1_316' title='bbox 1372 2830 1605 2870; x_wconf 83' lang='lat' dir='ltr'>Effectum</span> <span class='ocrx_word' id='word_1_317' title='bbox 1635 2835 1704 2869; x_wconf 89' lang='lat' dir='ltr'>est</span> <span class='ocrx_word' id='word_1_318' title='bbox 1726 2830 1816 2868; x_wconf 88' lang='lat' dir='ltr'>hac</span> 
     </span>
     <span class='ocr_line' id='line_1_39' title="bbox 180 2900 1816 2953; baseline -0.002 -11"><span class='ocrx_word' id='word_1_319' title='bbox 180 2913 295 2942; x_wconf 90' lang='lat' dir='ltr'>cura</span> <span class='ocrx_word' id='word_1_320' title='bbox 316 2907 586 2942; x_wconf 86' lang='lat' dir='ltr'>nostrorum</span> <span class='ocrx_word' id='word_1_321' title='bbox 621 2908 822 2953; x_wconf 89' lang='lat' dir='ltr'>patrum,</span> <span class='ocrx_word' id='word_1_322' title='bbox 852 2908 902 2942; x_wconf 90' lang='lat' dir='ltr'>ut</span> <span class='ocrx_word' id='word_1_323' title='bbox 930 2901 1144 2942; x_wconf 90' lang='lat' dir='ltr'>doctrina</span> <span class='ocrx_word' id='word_1_324' title='bbox 1172 2902 1220 2942; x_wconf 90' lang='lat' dir='ltr'>in</span> <span class='ocrx_word' id='word_1_325' title='bbox 1244 2902 1301 2942; x_wconf 90' lang='lat' dir='ltr'>iis</span> <span class='ocrx_word' id='word_1_326' title='bbox 1331 2901 1460 2952; x_wconf 92' lang='lat' dir='ltr'>locis,</span> <span class='ocrx_word' id='word_1_327' title='bbox 1492 2900 1656 2953; x_wconf 90' lang='lat' dir='ltr'>quibus</span> <span class='ocrx_word' id='word_1_328' title='bbox 1679 2907 1816 2940; x_wconf 89' lang='lat' dir='ltr'>antea</span> 
     </span>
     <span class='ocr_line' id='line_1_40' title="bbox 181 2972 1817 3023; baseline -0.001 -11"><span class='ocrx_word' id='word_1_329' title='bbox 181 2972 452 3023; x_wconf 88' lang='lat' dir='ltr'>docebatur,</span> <span class='ocrx_word' id='word_1_330' title='bbox 491 2972 759 3023; x_wconf 87' lang='lat' dir='ltr'>diligentius</span> <span class='ocrx_word' id='word_1_331' title='bbox 789 2973 933 3013; x_wconf 87' lang='lat' dir='ltr'>multo</span> <span class='ocrx_word' id='word_1_332' title='bbox 962 2972 1202 3013; x_wconf 87' lang='lat' dir='ltr'>doceatur:</span> <span class='ocrx_word' id='word_1_333' title='bbox 1231 2972 1280 3013; x_wconf 93' lang='lat' dir='ltr'>fit</span> <span class='ocrx_word' id='word_1_334' title='bbox 1309 2973 1449 3013; x_wconf 89' lang='lat' dir='ltr'>etiarn</span> <span class='ocrx_word' id='word_1_335' title='bbox 1478 2979 1528 3012; x_wconf 84' lang='lat' dir='ltr'>vt</span> <span class='ocrx_word' id='word_1_336' title='bbox 1562 2972 1693 3023; x_wconf 90' lang='lat' dir='ltr'>pueri</span> <span class='ocrx_word' id='word_1_337' title='bbox 1723 2982 1817 3011; x_wconf 90' lang='lat' dir='ltr'>non</span> 
     </span>
    </p>
   </div>
  </div>
 </body>
</html>
