2047 3179
213 158 284 194 554
728 157 955 194 LITTERAE
981 168 1342 201 QUADRIMESTREs'

211 258 411 309 ipsomet
433 260 534 298 loco
556 258 772 310 supplicii
803 258 1054 298 conciones
1084 257 1336 296 habentur:
1370 268 1531 296 earum
1562 256 1742 296 fructus
1763 257 1851 296 soli

212 329 313 369 Deo
349 337 455 369 sunt
491 330 747 370 manifesti:
790 341 910 369 Vnus
949 336 1107 369 tamen
1146 328 1423 376 multorum,
1467 338 1583 379 quos
1618 338 1706 378 ego
1746 338 1850 367 esse

213 401 452 451 existimo,
490 402 603 441 mihi
639 401 853 442 innotuit.
890 401 1117 441 Intererat
1157 399 1410 450 aliquando
1446 399 1539 449 vir,
1577 399 1655 449 qui
1690 399 1747 439 ob
1783 399 1848 439 in-

212 472 389 513 flictum
411 473 498 513 sibi
521 474 577 513 ab
606 473 881 513 aduersario
916 475 1127 523 (propter
1160 472 1366 521 alapam)
1396 471 1577 520 vulnus,
1607 478 1846 516 extremae

214 542 482 596 [unctionis]
507 546 608 585 oleo
630 551 794 585 sancto
816 550 1070 596 perunctus
1097 542 1270 592 fuerat,
1296 544 1373 594 qui
1395 543 1535 583 etiam
1562 554 1659 582 non
1692 542 1848 582 multis

214 623 323 656 ante
341 616 503 656 diebus
524 624 723 656 mortem
744 617 808 656 illi
830 617 1121 656 moliebatur:
1147 617 1185 655 is
1206 616 1348 666 igitur
1372 615 1558 655 Patrem
1579 614 1635 653 de
1656 613 1846 653 homici-

212 687 289 728 dio
311 687 620 728 disserentem
642 689 851 737 audiens,
872 694 1116 739 tantopere
1139 694 1445 739 compunctus
1466 687 1565 737 fuit,
1589 693 1638 726 ut
1660 684 1849 737 propria

213 766 380 810 sponte
403 759 476 799 die
498 759 731 799 dominica
753 760 968 811 proxime
991 759 1204 810 sequenti
1221 760 1346 798 domi
1368 759 1520 810 ipsum
1542 759 1783 809 alloquens
1805 765 1851 797 et

215 833 558 882 complectens,
601 832 935 871 reconciliatus
979 831 1167 871 omnino
1209 831 1272 870 illi
1310 830 1462 870 fuerit.
1505 829 1663 870 Seruis
1711 831 1853 869 etiam

214 903 455 954 (quantum
495 914 657 942 eorum
696 903 784 942 fert
823 903 1018 954 captus)
1054 903 1241 953 pietatis
1276 902 1499 953 dogmata
1535 906 1850 952 exponuntur,

213 974 335 1014 unde
357 982 401 1014 et
422 974 697 1024 collegimus
718 975 920 1014 fructum
943 986 1035 1013 non
1056 974 1306 1024 modicum,
1328 980 1637 1013 mercatorem
1653 972 1847 1022 scilicet,

214 1046 306 1097 qui,
331 1045 490 1085 audito
511 1047 654 1085 semel
677 1053 823 1097 patre,
848 1047 1022 1096 statim,
1047 1053 1095 1085 ut
1118 1046 1206 1097 ipsi
1223 1053 1417 1096 peccata
1436 1044 1749 1094 confiteretur,
1768 1043 1851 1083 do-

216 1129 344 1157 mum
365 1117 568 1157 aduenit.

297 1188 458 1229 Restat
488 1196 535 1229 ut
562 1189 618 1229 de
647 1188 695 1229 P.
727 1189 955 1240 Magistro
982 1190 1193 1241 Baptista
1224 1197 1267 1229 et
1296 1189 1345 1229 Ρ.
1376 1188 1518 1228 Ρ111110
1555 1189 1786 1228 dicamus:
1821 1187 1853 1226 ii

216 1261 338 1301 enim
367 1268 535 1300 octauo
563 1272 748 1312 quoque
782 1261 854 1301 die
887 1261 935 1301 in
961 1261 1108 1301 variis
1138 1260 1273 1312 liujus
1299 1261 1429 1301 vrbis
1458 1259 1662 1310 templis,
1693 1270 1748 1298 eo
1776 1269 1851 1309 ap-

215 1333 382 1384 plausu
421 1344 510 1384 quo
550 1344 734 1383 semper
773 1333 947 1382 solent,
982 1334 1348 1373 concionantur:
1383 1339 1584 1383 quantus
1619 1339 1775 1371 autem
1811 1336 1855 1370 et

214 1416 357 1456 quam
378 1405 541 1444 varius
574 1406 632 1444 sit
654 1404 856 1455 fructus,
880 1404 1017 1445 facilc
1048 1411 1117 1444 est
1145 1405 1365 1455 colligere
1393 1416 1452 1444 ex
1483 1402 1854 1443 confessionibus

215 1477 469 1516 multorum
503 1488 758 1525 annorum,
792 1488 851 1516 ex
880 1479 1025 1516 multa.
1052 1477 1315 1528 frequentia
1344 1476 1390 1516 in
1416 1475 1624 1516 visendis
1651 1473 1853 1514 xenodo-

216 1549 350 1599 chiis,
376 1561 433 1588 cx
456 1549 715 1589 ministerio
737 1549 798 1588 ibi
821 1562 845 1588 a
870 1550 1025 1589 multis
1047 1549 1253 1588 exhibito
1275 1547 1491 1599 infirmis3
1516 1548 1630 1597 duo,
1656 1558 1855 1598 quorum

216 1631 336 1660 unus
358 1632 514 1672 eques,
540 1622 657 1660 alter
679 1628 912 1661 mercator
934 1629 1049 1671 erat,
1083 1632 1220 1671 quem
1242 1620 1476 1660 habebant
1505 1619 1699 1659 nimium
1721 1630 1852 1658 orna-

217 1698 315 1732 tum
336 1692 611 1742 vendidere,
636 1692 727 1732 imo
751 1700 794 1732 et
816 1693 945 1743 ipsos
966 1692 1170 1743 parietes
1200 1691 1432 1743 tapetibus
1464 1691 1782 1742 expoliarunt,
1806 1695 1855 1729 ut

218 1764 488 1804 necessaria
520 1765 800 1815 pauperibus
832 1775 1029 1815 erogare
1066 1770 1270 1815 possent.
1309 1763 1514 1803 Fuerunt
1550 1769 1593 1802 61
1630 1762 1852 1812 virgines,

218 1847 354 1886 quae,
378 1837 540 1876 relicto
558 1835 693 1887 hujus
710 1837 870 1876 mundi
888 1848 1010 1876 vano
1029 1843 1071 1875 et
1092 1835 1270 1875 caduco
1293 1843 1538 1886 apparatu,
1559 1833 1857 1873 solitudinem

218 1914 262 1946 et
283 1907 619 1958 poenitentiam
637 1909 893 1958 elegerunt:
912 1908 1124 1947 instituta
1142 1907 1283 1947 etiam
1301 1907 1386 1946 fuit
1408 1907 1526 1945 inter
1545 1906 1674 1945 viros
1696 1904 1857 1944 frater-

219 1979 342 2018 nitas
360 1979 620 2025 charitatis,
640 1979 704 2019 ita
720 1979 843 2019 enim
861 1980 1137 2030 appellatur,
1156 1990 1246 2030 qua
1260 1978 1545 2029 pauperibus
1562 1977 1655 2016 iam
1668 1987 1856 2027 recupe-

217 2051 429 2090 rantibus
452 2051 702 2090 sanitatem
731 2051 978 2101 pristinam
1004 2050 1272 2090 necessaria
1302 2055 1605 2100 pararentur,
1629 2059 1715 2087 nec
1746 2046 1859 2086 solis

218 2123 305 2173 his,
324 2134 491 2162 verum
508 2122 723 2162 omnibus
736 2122 904 2161 misere
922 2121 1181 2172 egentibus:
1201 2120 1418 2160 conuenit
1434 2120 1594 2159 itidem
1611 2119 1731 2158 inter
1749 2118 1858 2157 ado-

219 2195 449 2234 lescentes
471 2206 541 2243 ea,
567 2206 686 2245 quae
707 2194 836 2244 prius
858 2194 902 2233 in
925 2193 1060 2241 ludiS,
1086 2192 1316 2232 conuiuiis
1337 2197 1380 2230 61
1403 2190 1505 2230 111115
1527 2190 1683 2229 multis
1717 2191 1858 2240 (quae

219 2267 338 2305 solet
359 2272 490 2305 aetas
511 2266 588 2305 illa
611 2265 799 2315 habere)
817 2265 1013 2316 prodige
1031 2263 1384 2312 consumebant,
1406 2262 1452 2301 in
1472 2273 1582 2301 vsus
1600 2271 1857 2312 pauperum

219 2345 513 2377 conuertere:
538 2337 707 2377 mirum
730 2337 870 2376 etiam
900 2342 1125 2387 quantum
1147 2335 1233 2374 sibi
1265 2341 1465 2374 caueant
1487 2333 1700 2372 homines
1731 2331 1859 2371 vrbis

220 2407 357 2460 hujus
380 2421 405 2448 a
428 2408 646 2460 perjuriis
667 2416 710 2448 et
734 2406 1023 2459 jusjurandis
1043 2405 1163 2458 (sic).

301 2479 407 2520 Duo
430 2487 586 2520 autem
613 2487 878 2532 supersunt,
904 2490 1023 2530 quae
1044 2478 1127 2518 tibi
1149 2477 1353 2517 maxime
1383 2487 1629 2515 recensere
1656 2473 1857 2524 gaudeo:

221 2552 445 2602 primum,
471 2553 593 2603 quod
615 2553 674 2600 is,
706 2553 784 2603 qui
811 2551 870 2591 ab
898 2550 1272 2600 Archiepiscopo
1303 2546 1571 2598 Hispalensi
1599 2546 1753 2585 vicem
1777 2555 1860 2596 gu-

220 2624 446 2663 bernandi
470 2624 930 2675 archiepiscopatum
950 2629 993 2661 et
1015 2632 1184 2661 munus
1206 2620 1265 2660 ad
1286 2617 1636 2670 persequendos
1658 2616 1765 2656 fidei
1781 2617 1861 2656 ho-

221 2700 317 2734 stes
339 2696 521 2746 accepit
544 2695 632 2745 (vir
654 2695 841 2745 quidem
863 2701 907 2733 et
935 2693 1197 2733 eruditione
1221 2698 1264 2730 et
1296 2689 1544 2741 prudentia
1568 2689 1745 2737 clarus,
1781 2698 1860 2726 no-

222 2766 385 2817 bisque
411 2778 437 2806 a
459 2767 689 2818 principio
718 2766 921 2805 maxime
944 2764 1199 2813 addictus),
1224 2769 1272 2802 ut
1294 2761 1557 2801 mercedem
1586 2770 1777 2799 suorum
1798 2759 1856 2798 la-

222 2837 386 2876 borum
407 2838 682 2888 susciperet,
707 2837 1029 2888 spiritualibus
1050 2847 1100 2874 se
1122 2833 1331 2874 exercuit
1354 2832 1529 2882 aliquot
1551 2830 1712 2870 diebus
1730 2841 1861 2869 exer-

221 2907 501 2949 citamentis:
525 2918 752 2960 quantum
773 2916 929 2948 autem
950 2907 997 2947 in
1019 2906 1075 2946 iis
1096 2904 1370 2958 profecerit,
1400 2903 1474 2942 vel
1502 2902 1602 2952 ipse
1633 2912 1770 2952 quem
1802 2912 1862 2940 ex

223 2991 272 3020 Se
295 2981 475 3021 diffudit
497 2983 610 3022 odor
634 2990 848 3032 testatur;
878 2982 995 3021 adeo
1023 2982 1164 3021 etiam
1197 2979 1429 3031 imperare
1458 2973 1561 3013 alliis
1589 2982 1785 3013 CXOSUIH
1814 2977 1860 3011 et
