2047 3179
877 146 959 183 AN.
991 146 1082 183 1555
1727 148 1797 184 557

165 255 240 287 tae
287 246 604 287 conscientiae
648 243 833 296 gaudiis
872 242 1210 293 propemodum
1250 242 1655 293 inexplicabilibus
1697 255 1793 293 per-

163 319 381 359 fruuntur
403 318 523 357 inter
545 317 739 355 vulnera
761 313 1037 365 pientissimi
1057 313 1169 365 Jesu
1191 319 1235 352 et
1258 313 1401 352 vbera
1424 313 1794 363 gloriosissimae

165 389 254 429 Dei
275 388 542 435 Genitricis,
567 387 624 426 ad
647 386 778 426 cuius
798 383 1067 424 felicissima
1089 383 1323 434 praesidia
1342 395 1523 422 summa
1542 384 1792 423 deuotione

165 460 493 509 confugerant,
519 457 846 507 accipiuntque
869 467 894 494 a
918 454 1091 494 nostris
1113 454 1319 493 melioris
1338 454 1461 493 vitae
1480 455 1654 494 monita
1677 456 1795 494 salu-

166 531 301 570 taria.
326 529 531 579 Singulis
553 540 666 568 vero
684 527 844 567 diebus
861 525 1109 566 dominicis
1128 531 1171 564 et
1188 524 1318 564 festis
1337 537 1394 564 ex
1411 524 1579 564 vicinis
1597 525 1793 564 ciuitati-

164 603 250 642 bus
271 607 315 640 et
336 600 518 651 oppidis
540 599 732 639 veniunt
754 598 883 637 multi
906 595 964 636 ad
985 608 1086 646 nOS,
1111 608 1203 635 non
1225 597 1374 635 solum
1398 596 1793 646 peregrinationis

163 673 334 721 gratia,
359 670 438 710 sed
461 671 600 710 etiam
623 676 671 709 vt
690 669 936 720 generales
959 667 1277 707 confessiones
1294 666 1485 715 faciant,
1510 675 1559 706 vt
1578 667 1623 706 in
1645 673 1795 716 poste-

166 755 267 782 rum
290 742 464 794 puriori
487 740 772 781 conscientia
795 747 838 779 et
865 745 994 779 certa
1022 738 1138 778 bene
1169 737 1360 778 Viuendi
1391 738 1571 777 ratione
1599 738 1698 777 Deo
1721 738 1793 778 de—

164 813 387 861 seruiant;
410 824 501 863 quo
524 813 662 851 etiam
684 811 732 851 fit
755 817 803 850 vt
824 822 916 850 non
935 809 1073 860 pauci
1089 809 1179 848 viri
1197 815 1240 848 et
1263 809 1496 857 muliereS,
1517 809 1794 859 praesertim

166 883 389 934 virgines,
414 883 588 922 relictis
610 882 754 921 seculi
775 880 1117 928 blandimentis,
1142 879 1242 919 Deo
1266 891 1314 918 se
1332 879 1611 928 deuoucant,
1636 886 1679 918 et
1698 886 1793 931 tan-

166 955 285 1004 dem,
310 956 543 1005 superatis
565 952 926 1002 difficultatibus,
952 958 1241 990 consecrent.

246 1025 378 1065 Multi
400 1025 554 1072 etiam,
589 1031 837 1075 antequam
862 1035 887 1062 a
915 1022 1045 1061 nobis
1074 1021 1312 1071 recedant,
1343 1022 1613 1072 asperrimis
1641 1023 1793 1073 poeni-

165 1097 323 1137 tentiis
350 1104 393 1136 et
421 1096 573 1136 Deum
601 1097 789 1146 placant
817 1101 861 1134 et
888 1092 1222 1133 nefandissima
1252 1093 1450 1132 crimina
1481 1093 1676 1133 diluunt.
1714 1094 1795 1133 Est

166 1168 288 1208 enim
305 1167 422 1207 haec
444 1168 567 1206 alma
585 1166 748 1205 domus
767 1164 949 1204 sentina
966 1170 1010 1203 et
1026 1164 1375 1214 receptaculum
1393 1163 1681 1204 nefariorum
1699 1176 1794 1205 sce-

165 1240 313 1279 lerum
334 1239 476 1278 totius
499 1237 870 1286 christianitatis;
894 1247 986 1275 non
1007 1235 1129 1286 quod
1152 1235 1197 1274 in
1220 1247 1274 1274 ea
1297 1235 1406 1275 talia
1427 1236 1792 1282 committantur,

166 1316 245 1350 aut
266 1310 343 1349 diu
365 1321 458 1349 non
480 1309 635 1348 abluta
658 1313 980 1359 permaneant;
999 1306 1081 1346 sed
1097 1312 1147 1346 vt
1164 1307 1210 1346 in
1227 1307 1348 1346 illius
1367 1306 1502 1346 domo
1521 1307 1681 1346 mundi
1697 1319 1793 1347 sce-

165 1382 262 1421 lera
292 1381 556 1427 abluantur,
589 1391 671 1430 per
703 1390 842 1430 quam
873 1377 961 1418 sibi
991 1377 1314 1417 reconciliauit
1346 1379 1617 1428 prolapsum
1644 1389 1795 1428 genus

164 1453 434 1493 humanum.
459 1451 561 1491 Non
584 1451 726 1501 igitur
744 1450 1055 1499 dedignantur
1071 1449 1212 1488 etiam
1227 1448 1503 1488 nobilissimi
1524 1449 1694 1500 quique
1707 1450 1795 1500 pri-

163 1524 286 1564 uatis
306 1530 349 1563 et
372 1523 568 1574 publicis
589 1521 847 1571 disciplinis
870 1531 1040 1571 corpus
1061 1531 1197 1559 suum
1218 1526 1434 1570 atterere,
1455 1528 1498 1560 et
1518 1532 1702 1560 omnem
1714 1520 1795 1561 hu-

164 1607 355 1635 manum
382 1594 600 1633 ruborem
627 1592 875 1643 deponere,
906 1602 996 1642 quo
1028 1596 1236 1642 optatam
1267 1591 1660 1641 grauissimorum
1690 1604 1795 1643 pec-

164 1673 378 1707 catorum
400 1665 586 1704 veniam
607 1664 795 1703 valeant
817 1661 1027 1713 adipisci,
1058 1673 1198 1713 quam
1221 1669 1265 1701 et
1294 1669 1642 1713 consequuntur
1665 1670 1795 1703 tanta

166 1737 377 1777 cordium
399 1735 699 1783 exultatione,
724 1740 774 1773 vt
796 1739 900 1784 post
923 1732 1142 1783 egregias
1161 1732 1385 1772 victorias
1408 1733 1463 1772 de
1485 1745 1642 1784 carne,
1667 1746 1794 1774 mun-

166 1808 224 1848 do
251 1815 297 1848 et
324 1807 508 1847 diabolo
540 1806 737 1853 habitas,
771 1804 962 1843 veniant
989 1803 1048 1843 ad
1080 1815 1166 1843 nos
1201 1815 1308 1843 cum
1344 1805 1584 1844 lachrimis
1614 1806 1795 1855 gratias

165 1890 372 1920 summas
393 1884 601 1928 agentes,
627 1876 748 1927 quod
765 1882 861 1915 tam
882 1875 1163 1915 salutaribus
1185 1875 1349 1914 mediis
1367 1875 1455 1915 illis
1472 1877 1685 1925 salutem,
1707 1877 1797 1916 lae-

165 1950 329 2000 titiam,
355 1949 558 2000 gratiam
580 1954 623 1987 et
645 1947 843 1997 gloriam
866 1946 1198 1997 pepererimus
1225 1946 1604 1997 constituantque
1626 1947 1708 1986 tali
1724 1947 1797 1987 die

166 2021 364 2072 singulis
385 2020 518 2059 annis
540 2019 586 2058 in
609 2018 883 2058 memoriam
911 2017 1029 2056 tanti
1056 2016 1267 2056 beneficii
1295 2028 1482 2057 sacram
1514 2018 1796 2058 communio·

165 2104 271 2133 nem
293 2091 516 2142 recipere,
541 2096 584 2129 et
605 2089 776 2129 diuinis
808 2088 969 2128 officiis
995 2087 1096 2127 Deo
1126 2087 1277 2127 laudis
1304 2095 1348 2127 et
1369 2089 1633 2139 gratiarum
1656 2089 1797 2129 actio-

167 2164 239 2203 nis
254 2162 433 2202 hostias
454 2161 712 2200 immolare.

248 2233 394 2273 Paces
415 2233 554 2272 etiam
576 2232 695 2270 inter
718 2230 958 2270 discordes
980 2237 1086 2269 sunt
1110 2230 1277 2280 factae,
1303 2236 1399 2269 tam
1427 2230 1471 2269 in
1505 2230 1700 2280 priuatis
1721 2242 1796 2270 ex-

167 2303 511 2345 hortationibus
527 2313 666 2354 quam
689 2302 735 2341 in
757 2301 1144 2349 confessionibus,
1169 2312 1261 2340 non
1284 2301 1382 2340 sine
1406 2311 1577 2351 magna
1610 2300 1798 2341 affluen-

167 2377 232 2417 tia
253 2375 438 2415 diuinae
455 2373 652 2424 gratiae,
672 2384 790 2424 quae
808 2378 852 2412 et
873 2372 1003 2412 nobis
1021 2371 1338 2412 confitentium
1356 2378 1398 2411 et
1413 2373 1616 2422 partium
1636 2372 1797 2412 aduer-

167 2458 327 2488 sarum
347 2445 491 2485 corda
508 2444 571 2484 ita
590 2443 835 2494 permouit‚
859 2449 909 2482 vt
925 2448 1030 2494 post
1046 2454 1195 2493 pauca
1218 2442 1361 2482 verba
1379 2442 1557 2482 ruerint
1573 2443 1620 2482 in
1638 2443 1798 2483 oscula

167 2524 212 2558 et
232 2516 528 2557 dulcissimas
554 2515 824 2566 lachrymas
852 2514 973 2554 inter
1000 2525 1171 2553 suaues
1197 2514 1458 2564 amplexus,
1489 2513 1553 2553 ita
1585 2520 1635 2554 vt
1657 2514 1800 2554 etiam

170 2588 410 2629 adstantes
432 2585 748 2638 permouerint
775 2584 832 2624 ad
855 2585 1022 2624 vberes
1050 2584 1321 2635 lachrymas
1349 2584 1579 2624 scintillae
1600 2584 1708 2625 illae
1735 2585 1798 2625 di-

137 2654 140 2656 ’
168 2660 305 2700 uinae
328 2658 587 2707 charitatis,
611 2662 945 2708 promanantes
972 2667 1030 2695 ex
1053 2655 1234 2695 actibus
1260 2661 1419 2695 tantae
1440 2655 1641 2706 pietatis.
1665 2655 1799 2707 Quod

168 2731 208 2771 si
238 2731 354 2770 alter
381 2741 440 2769 ex
467 2727 760 2768 discordibus
790 2726 990 2766 inueniri
1020 2737 1115 2765 non
1141 2725 1304 2777 possit,
1336 2724 1502 2765 damus
1530 2738 1723 2777 operam
1748 2732 1800 2766 vt

170 2801 247 2852 qui
267 2800 402 2840 nobis
423 2799 668 2840 confitetur
690 2809 773 2838 suo
805 2799 907 2837 loco
931 2803 974 2837 et
1001 2804 1210 2848 tempore
1232 2803 1459 2847 congerat
1482 2797 1713 2838 carbones
1734 2799 1798 2839 in-

170 2883 337 2912 censos
354 2871 399 2910 in
417 2878 555 2922 caput
575 2869 763 2909 inimici.
783 2867 910 2909 Solet
927 2874 1082 2908 autem
1097 2867 1325 2907 Dominus
1343 2867 1604 2908 vberrimos
1620 2868 1800 2910 fructus

171 2955 230 2982 ex
247 2942 335 2982 hoc
356 2941 592 2993 perfectae
613 2939 800 2992 pietatis
819 2938 968 2979 officio
984 2938 1254 2990 frequenter
1272 2938 1509 2989 colligere;
1528 2945 1571 2979 et
1587 2946 1639 2980 vt
1656 2951 1800 2981 vnum
