2047 3179
857 142 940 179 AN.
971 142 1062 179 1555
1711 139 1778 178 661

144 241 183 280 ci
208 241 471 281 custodisca
494 247 538 281 et
560 240 777 282 conserui
795 246 839 280 et
873 239 916 278 ci
946 238 1020 278 dia
1044 238 1198 289 gratia
1222 237 1266 277 di
1297 247 1509 276 crescere
1532 237 1577 276 in
1600 243 1716 276 tutte
1734 238 1776 276 le

148 313 287 352 uirtu.

222 382 330 422 Tuti
350 382 442 432 noi,
466 382 516 422 R.
544 383 611 433 P„
637 382 939 422 humilmente
964 380 1002 420 si
1024 378 1436 420 raccomandiamo
1467 378 1540 418 all'
1573 379 1775 418 orationi

140 454 203 493 -de
225 453 284 493 V.
307 452 361 493 R.

221 523 280 563 Di
303 523 518 573 Venetia,
545 523 621 563 alli
647 523 694 562 19
711 523 756 563 di
778 521 1042 573 Settempre
1068 521 1183 560 1555.

218 593 306 634 Per
328 594 658 634 commissione
676 594 748 634 del
769 593 822 633 R.
848 592 896 632 P.
918 591 1106 632 Rector.

217 665 280 715 Io,
304 665 350 705 di
370 664 427 704 V.
454 665 505 704 R.
532 664 858 716 indignissimo
880 669 924 703 et
947 662 1134 703 minimo
1156 661 1203 701 in
1223 660 1344 713 Xpo.
1369 660 1560 712 figliolo,

1100 803 1322 844 ALou1s10
1353 802 1473 844 NAP1
1495 805 1520 841 ¹.

216 1019 653 1072 Sztperscriptt'oms
686 1018 785 1058 loco
817 1018 866 1057 fu
901 1017 1054 1057 altera
1069 1016 1278 1068 pagina.-
1298 1015 1485 1056 Lettere
1506 1015 1551 1055 di
1580 1021 1769 1067 quattro

133 1092 250 1131 mesi
272 1092 345 1131 del
364 1091 574 1142 Collegio
597 1090 643 1130 di
664 1089 880 1130 Venetia.

214 1161 324 1202 Alia
346 1173 505 1201 mcmu:
528 1161 746 1210 Venetia,
769 1160 836 1210 55,
865 1159 912 1198 19
933 1159 979 1199 di
1000 1158 1107 1198 7.bre

361 1510 643 1538 praecedentium
659 1513 775 1542 Patris
790 1514 924 1550 Aloysii
939 1513 1026 1549 Napi
1042 1514 1240 1542 litterarum
1256 1513 1364 1541 latina
1379 1512 1494 1539 versio
1509 1510 1531 1540 ²³.

890 1621 988 1698 niis

200 1795 365 1837 Gratia
388 1804 431 1837 et
452 1809 546 1848 pax
568 1798 678 1850 Xpi.
701 1799 760 1839 sit
783 1810 972 1851 semper
993 1799 1252 1839 nobiscum.
1276 1797 1443 1838 Amen.

199 1867 314 1918 Etsi,
338 1867 438 1908 R.<³e
465 1869 511 1908 in
532 1869 652 1920 Xpo.
678 1869 832 1920 Pater,
852 1870 942 1909 hoc
965 1870 1011 1910 in
1040 1869 1371 1922 quadrimestri
1388 1868 1503 1908 nihil
1529 1867 1625 1907 fere
1647 1868 1758 1908 noui

118 1939 338 1989 magniue
359 1940 584 1979 momenti
607 1941 876 1992 contigerit,
909 1940 1034 1992 quod
1062 1940 1120 1980 ad
1149 1940 1518 1980 consolationem
1539 1945 1583 1978 et
1605 1938 1758 1979 aedifi-

117 2009 351 2050 cationem
379 2010 644 2050 animarum
671 2018 939 2051 nostrarum
961 2017 1153 2062 spectet,
1177 2011 1259 2050 sed
1288 2010 1441 2062 potius
1463 2009 1597 2049 solita
1617 2015 1756 2061 atque

112 2080 219 2120 aliis
242 2082 452 2132 collegiis
475 2082 758 2131 communia,
799 2083 1104 2134 quamobrem
1134 2081 1374 2122 videretur
1407 2080 1542 2132 quasi
1562 2080 1687 2120 haud
1708 2081 1755 2120 in

113 2152 487 2201 praesentiarum
510 2152 806 2193 scribendum
832 2164 950 2202 esse3
970 2158 1312 2202 verumtamen,
1337 2152 1399 2191 ita
1422 2163 1529 2191 cum
1550 2151 1609 2191 sit
1626 2163 1652 2190 a
1674 2157 1752 2191 tua

116 2222 399 2262 Reuerentia
426 2223 746 2274 constitutum,
765 2229 904 2275 atque
926 2224 1234 2274 collegiorum
1269 2234 1376 2262 cum
1410 2223 1485 2262 hic
1506 2222 1565 2262 sit
1586 2233 1687 2262 mos
1708 2228 1753 2262 et

112 2294 419 2344 consuetudo,
445 2294 623 2345 paucis,
648 2306 768 2346 quae
790 2295 923 2335 nobis
945 2295 990 2335 in
1013 2301 1216 2334 mentem
1236 2293 1445 2342 veniunt,
1472 2293 1695 2344 aperiam.

193 2363 427 2416 Imprimis
448 2376 562 2416 ergo
584 2365 736 2405 dicam
761 2365 817 2405 de
838 2366 1058 2417 quodam,
1082 2365 1160 2416 qui
1180 2371 1367 2416 patrum
1389 2364 1643 2404 admonitis
1666 2364 1752 2404 cir-

108 2436 228 2476 -citer
256 2436 494 2476 sexdecim
531 2448 714 2486 aureos,
754 2448 870 2488 quos
904 2437 1117 2485 debebat,
1150 2435 1375 2486 restituit;
1405 2435 1487 2475 sed
1508 2441 1753 2486 praeterea

110 2507 210 2546 vult
231 2507 372 2547 etiam
395 2507 797 2548 adolescentulam
819 2508 991 2559 partim
1011 2509 1203 2559 proprio
1221 2514 1422 2559 sumth,
1450 2506 1621 2558 partim
1644 2506 1752 2546 alio-

107 2588 225 2628 rum,
250 2578 295 2618 in
317 2579 601 2618 monasterio
625 2580 872 2618 collocare.
896 2578 967 2618 De
991 2578 1365 2619 confessionibus
1382 2583 1537 2617 autem
1553 2577 1750 2617 duorum

105 2650 182 2688 vel
201 2649 342 2688 trium
364 2656 442 2689 aut
464 2656 663 2700 quatuor
685 2661 917 2689 annorum
935 2649 1050 2689 nihil
1074 2649 1246 2699 dicam,
1267 2660 1409 2700 quum
1428 2648 1485 2688 sit
1506 2659 1752 2688 commune

106 2718 422 2771 frequensque
447 2720 663 2760 orn-nibus
680 2732 798 2771 pene
819 2720 865 2759 in
887 2721 1018 2760 locis.
1052 2719 1313 2761 Nonnullae
1342 2705 1524 2771 quoque
1557 2730 1751 2770 genera-

164 2855 174 2875 ¹
213 2855 266 2882 En
283 2856 373 2882 illius
396 2862 584 2889 cognomen
609 2855 753 2889 Aloysii,
776 2855 900 2888 Alvisi,
923 2856 962 2883 de
979 2863 1042 2890 quo
1058 2855 1234 2883 POLANCUS
1249 2856 1282 2883 in
1298 2855 1474 2889 Chronico,
1492 2859 1516 2882 t.
1532 2862 1577 2888 ιν,
1593 2861 1671 2889 pag.
1689 2854 1752 2887 117.

109 2910 146 2930 n.
168 2902 231 2930 225.

167 2951 180 2970 Ξ
218 2951 486 2986 Autographae,
503 2954 598 2978 totae
613 2958 714 2978 manu
730 2950 846 2978 Patris
858 2950 957 2985 Napi,
973 2950 1004 2977 in
1021 2950 1099 2978 folio
1114 2951 1222 2984 unico,
1239 2959 1268 2977 n.
1283 2950 1342 2977 129.
