2047 3179
861 129 893 164 A
902 139 938 164 N.
972 126 1062 163 1555
1714 125 1781 163 731

238 228 373 279 Quod
393 227 441 267 in
461 225 735 278 particulari
756 224 961 264 scribere
983 234 1172 274 possum
1193 228 1262 262 est
1291 222 1413 273 quod
1444 221 1691 272 Dominus,
1722 222 1786 260 in-

158 304 417 339 strumento
440 297 682 338 cuiusdam
703 295 872 345 Patris,
898 295 943 334 in
965 305 1155 334 carcere
1177 293 1313 332 huius
1336 292 1492 343 oppidi
1515 293 1659 331 multa
1682 303 1785 343 ope-

161 376 293 410 ratus
316 375 399 409 est.
425 368 652 409 Omnibus
679 367 841 407 diebus
868 365 1000 405 festis
1023 364 1194 404 dicitur
1223 364 1312 403 illis
1347 363 1561 403 doctrina
1596 363 1786 413 xpiana.

160 441 301 491 fitque
331 441 421 480 illis
449 439 690 491 spirituale
722 436 1024 488 colloquium3
1061 434 1268 486 gaudent
1303 434 1438 474 istius
1472 433 1624 473 Patris
1658 444 1788 484 prae-

160 511 334 559 sentia3
359 511 623 561 relinquunt
643 509 756 549 uitia
778 507 1163 557 infirmitatesque
1186 505 1430 552 humanas,
1455 505 1501 544 in
1524 504 1689 555 quibus
1706 515 1790 555 pro

160 581 418 632 fragilitate
439 581 739 628 labebantur3
768 579 922 618 sciunt
949 577 1216 617 memoriter
1245 588 1365 627 quae
1397 575 1630 623 dicuntur,
1660 586 1789 625 prae·

162 653 299 704 cipue
321 658 521 702 quatuor
543 651 796 699 orationes,
824 648 871 688 14
891 649 1116 688 articulos
1138 646 1261 696 fidei,
1299 645 1346 686 10
1375 646 1493 696 legis
1520 650 1792 696 praecepta,

160 725 223 762 53³
251 721 456 762 Sanctae
479 721 642 761 matris
662 720 917 769 Ecclesiae,
940 719 964 757 7
986 724 1299 765 sacramenta,
1324 717 1432 768 quia
1464 716 1510 755 in
1539 716 1626 755 hac
1659 721 1794 765 parte

162 793 365 834 maxime
386 792 676 832 deficiebant.
699 791 771 831 Ex
792 790 1061 830 mulieribus
1083 799 1260 838 omneS,
1295 800 1353 827 ex
1380 787 1496 827 viris
1524 785 1655 826 multi
1686 797 1791 825 con-

163 864 273 904 fessi
301 870 429 914 suntj.
462 874 548 902 nec
578 863 672 902 iam
699 862 945 902 tristantur
973 861 1018 900 in
1040 859 1272 911 frequenti
1294 858 1353 898 ad
1377 857 1696 898 confessiones
1719 867 1794 896 ac—

166 946 315 975 cessu.
341 933 594 985 Speramus
615 944 813 984 semper,
839 932 1096 983 opitulante
1117 930 1337 979 Domino,
1362 939 1587 979 magnum
1616 933 1659 967 et
1688 926 1794 966 ube-

166 1017 265 1045 rem
285 1005 503 1044 fructum.
528 1004 650 1044 Inter
671 1003 890 1043 mulieres
912 1008 981 1042 est
1001 1013 1094 1041 vna
1115 1000 1253 1041 morti
1275 1000 1609 1047 condeninata3
1640 997 1797 1048 agitur

168 1088 274 1116 cum
295 1076 464 1115 marito
485 1075 541 1114 de
562 1074 721 1125 venia;
745 1073 978 1113 credimus
1000 1072 1103 1122 (Dei
1124 1071 1294 1123 gratia)
1318 1069 1656 1121 impetrabitur.

248 1145 318 1186 De
331 1145 536 1195 moniali,
554 1143 642 1196 [de]
661 1155 751 1195 qua
767 1144 1039 1194 scripsimus
1051 1149 1158 1182 tuae
1169 1141 1447 1182 Paternitati
1463 1139 1798 1191 quadrimestri

167 1217 424 1270 praeterito
446 1216 570 1267 quod
591 1216 716 1255 nullo
737 1215 876 1254 modo
899 1214 956 1254 ad
979 1225 1113 1254 suum
1136 1212 1471 1253 monasterium
1492 1211 1644 1250 redire
1674 1210 1797 1249 vole-

168 1290 262 1339 bat,
288 1288 375 1328 Dei
395 1287 717 1327 misericordia
738 1286 914 1326 factum
935 1290 1005 1325 est
1025 1291 1074 1324 ut
1097 1285 1143 1324 in
1160 1295 1244 1324 suo
1262 1290 1451 1334 recepta
1471 1283 1529 1322 sit
1548 1287 1798 1329 conuentti,

170 1361 248 1400 ubi
277 1360 324 1400 in
352 1359 451 1399 dies
478 1359 523 1398 in
550 1357 801 1397 virtutibus
833 1356 1003 1396 crescit
1032 1367 1137 1395 cum
1167 1354 1520 1407 perseuerantia
1552 1358 1595 1393 et
1625 1362 1798 1402 magno

169 1432 316 1483 ipsius
355 1441 561 1481 suaeque
601 1428 867 1468 abbatissae
905 1426 1093 1478 gaudio,
1140 1426 1248 1477 quia
1283 1426 1489 1477 perierat
1525 1430 1569 1464 et
1608 1424 1800 1463 inuenta

169 1509 252 1543 est.

255 1572 496 1624 Quaedam
516 1572 685 1612 nobilis
705 1583 905 1623 persona
928 1570 1058 1609 venit
1087 1569 1146 1609 ad
1172 1580 1258 1608 nos
1287 1568 1427 1607 anxia
1456 1567 1511 1606 de
1541 1578 1622 1606 sua
1652 1565 1803 1605 salute

174 1656 229 1684 ac
251 1644 345 1684 iam
367 1655 525 1683 amore
547 1642 737 1682 Domini
757 1641 995 1692 languida,
1013 1646 1062 1680 ut
1080 1638 1402 1679 manifestaret
1420 1636 1680 1677 confessori
1696 1647 1797 1687 pec-

174 1721 279 1755 cata
302 1720 346 1754 et
368 1714 596 1754 adulteria
618 1713 785 1764 grauia
806 1713 854 1752 in
876 1712 994 1752 duos
1024 1711 1219 1750 maritos
1251 1709 1509 1760 (defunctos
1537 1708 1644 1757 iam)
1678 1718 1802 1746 com-

172 1786 330 1834 missa,
355 1798 381 1825 a
407 1785 454 1824 14
474 1785 610 1825 annis
630 1784 978 1836 p1·aetermissa;
999 1789 1043 1822 et
1063 1788 1225 1833 postea
1247 1792 1442 1821 manens
1464 1780 1605 1819 vidua
1623 1779 1670 1818 in
1690 1779 1804 1818 mul-

172 1858 232 1898 tis
255 1869 313 1897 ex
334 1857 590 1907 fragilitate
611 1855 762 1895 Deum
784 1854 1065 1894 offenderat:
1087 1853 1212 1892 facta
1236 1851 1553 1900 confessione,
1579 1850 1728 1889 feruet
1757 1849 1804 1889 in

173 1928 262 1968 Dei
283 1939 458 1977 amore,
484 1928 607 1966 dolet
629 1927 684 1966 de
706 1926 927 1977 peccatis,
951 1931 994 1964 et
1016 1924 1063 1964 in
1084 1923 1172 1963 Dei
1194 1923 1385 1962 seruitio
1407 1928 1695 1972 perseuerat.

253 1999 377 2038 Inter
400 2010 494 2047 eos,
519 1998 595 2049 qui
617 1997 923 2048 insequuntur
940 1995 1128 2035 domum
1146 1993 1340 2045 regiam,
1368 1999 1437 2032 est
1459 1998 1589 2032 tanta
1612 1992 1807 2032 interior

175 2070 270 2110 fere
288 2070 333 2109 in
351 2069 564 2109 omnibus
582 2068 820 2119 perfectio,
845 2066 969 2118 quod
990 2072 1185 2106 ornatus
1206 2064 1412 2104 exterior
1430 2063 1622 2103 adiuvat
1639 2062 1809 2103 mentis

175 2141 487 2181 deuotionem.

257 2211 342 2261 Tu,
366 2210 506 2251 Pater
526 2217 684 2250 noster
706 2209 752 2248 in
778 2208 862 2249 X.⁰
893 2208 1146 2249 admodum
1177 2207 1385 2256 colende,
1417 2206 1570 2246 Deum
1598 2204 1807 2255 magnifi-

178 2294 249 2333 ca,
274 2282 652 2334 quandoquidem
678 2287 774 2320 tam
805 2280 994 2320 minima
1033 2280 1079 2319 in
1113 2278 1304 2330 speciali
1334 2277 1595 2326 scribimus,
1627 2287 1720 2315 non
1750 2286 1810 2315 ex

178 2354 361 2394 defectu
384 2352 743 2401 confessionum,
769 2362 874 2391 cum
895 2349 1100 2402 quotidie
1121 2360 1342 2389 numerus
1364 2354 1562 2397 crescat,
1592 2346 1673 2387 sed
1700 2346 1810 2398 quia

182 2425 275 2464 iam
298 2424 402 2464 X.¹¹S
423 2424 578 2463 lumen
599 2423 646 2462 in
668 2433 778 2462 suos
799 2421 918 2461 filios
943 2420 1061 2461 fudit
1087 2426 1138 2460 ut
1171 2419 1375 2460 nefanda
1410 2418 1608 2458 crimina
1643 2417 1810 2457 abhor-

180 2502 337 2535 reant:
361 2504 606 2545 speramus
627 2492 750 2544 quod
771 2492 1005 2543 deinceps,
1030 2491 1077 2531 in
1098 2490 1308 2542 generali
1328 2496 1500 2539 tamen,
1524 2488 1580 2528 de
1607 2487 1810 2529 Societa—

183 2566 241 2606 tis
263 2571 515 2616 augmento
537 2563 833 2615 fideliumque
855 2563 1118 2603 animarum
1141 2562 1345 2602 scribere
1368 2561 1633 2601 debeamus.

261 2635 391 2676 Deus
413 2634 518 2686 Opt.
550 2635 675 2675 Max.
705 2639 885 2674 tantam
916 2633 1049 2673 nobis
1080 2633 1309 2683 largiatur
1337 2631 1556 2682 gratiam,
1589 2642 1680 2681 qua
1709 2630 1813 2670 eius

184 2707 417 2747 voluntati
439 2705 712 2745 satisfacere
732 2705 988 2757 possimus;
1013 2709 1057 2744 et
1085 2704 1253 2744 horum
1283 2702 1582 2752 indignorum
1610 2701 1810 2741 filiorum

181 2786 368 2817 tuorum
390 2789 448 2816 ne
470 2775 778 2826 obliuiscaris,
803 2776 880 2827 qui
898 2776 944 2815 in
960 2775 1051 2815 tuis
1067 2774 1285 2826 precibus
1302 2780 1345 2813 et
1363 2772 1621 2822 sacrificiis,
1643 2778 1686 2812 et
1705 2771 1812 2811 alio-

182 2860 286 2888 rum
316 2847 507 2888 Patrum
538 2858 593 2887 ac
621 2846 819 2886 fratrum
849 2846 1234 2886 charissimorum
1266 2844 1619 2885 commendatos
1649 2843 1813 2883 haberi

185 2919 439 2960 humillime
461 2918 676 2970 petimus.
