2047 3179
871 139 956 177 Am.
986 138 1077 176 1554
1722 144 1787 180 1¹21<

825 588 1109 644 GCGXIX

216 817 265 854 P.
288 817 448 856 Petrus
468 819 726 857 Domenech

267 883 386 920 Patri
405 884 576 931 Ignatio
595 884 649 922 de
666 883 852 932 Loyola.

310 948 589 994 Vallisoleto,
614 949 629 986 1
651 948 926 996 Septembris
948 948 1040 986 1554
1061 949 1085 984 ¹.

915 1104 1013 1182 niis

219 1298 487 1340 Admodum
508 1299 609 1340 Rue
624 1300 672 1341 in
691 1299 878 1342 Christo
899 1299 1052 1340 Pater.

219 1370 384 1411 Gratia
406 1377 452 1411 et
479 1383 574 1423 pax
601 1371 791 1412 Domini
816 1371 966 1412 nostri
993 1371 1104 1424 Jesu
1133 1370 1307 1412 Christi
1335 1371 1395 1411 sit
1418 1381 1602 1421 semper
1623 1371 1776 1411 nobis-

132 1453 260 1482 cum.
286 1441 452 1482 Amen.

214 1513 278 1553 Vt
318 1512 609 1554 satisfaciam
656 1520 908 1566 praecepto
943 1519 1052 1554 tuae
1099 1512 1404 1554 Reuerendae
1450 1512 1772 1561 Paternitatis,

127 1584 342 1624 scribam
364 1584 521 1636 aliqua
552 1596 610 1624 ex
630 1584 717 1635 his,
742 1596 860 1636 quae
880 1595 964 1636 per
983 1596 1069 1624 nos
1092 1584 1215 1633 (licet
1237 1584 1420 1625 inutilia
1444 1585 1772 1632 instrumenta)

132 1655 361 1696 Dominus
382 1662 542 1696 noster
563 1656 652 1696 hoc
674 1655 1006 1708 quadrimestri
1035 1656 1292 1707 praeterito
1321 1655 1369 1696 in
1389 1656 1530 1696 vinea
1558 1667 1645 1696 sua
1667 1667 1773 1707 ope-

130 1727 227 1767 rari
249 1727 470 1778 dignatus
494 1734 578 1767 est.
602 1727 659 1768 Et
679 1734 730 1768 ut
758 1727 981 1768 exordiar
1012 1727 1070 1767 ab
1091 1727 1179 1778 his,
1203 1727 1281 1778 qui
1302 1727 1348 1767 in
1379 1727 1469 1768 hac
1491 1727 1629 1768 domo
1652 1739 1774 1768 com-

130 1804 391 1849 morantur,
429 1810 591 1839 omnes
618 1798 805 1851 quidem
835 1798 951 1839 bene
980 1799 1154 1849 valent,
1184 1799 1341 1850 gratia
1370 1798 1576 1849 Domini,
1615 1810 1775 1850 quam-

127 1881 272 1921 quam
292 1869 364 1910 his
385 1869 550 1910 diebus
572 1870 786 1920 proxime
813 1869 957 1922 lapsis
985 1869 1132 1910 ferme
1162 1881 1323 1910 omnes
1352 1870 1631 1910 laborarunt
1653 1881 1774 1910 mor-

125 1941 188 1980 bo
210 1941 434 1991 catarrhi‚
461 1940 540 1992 qui
559 1941 645 1980 has
667 1941 885 1992 regiones
912 1940 1116 1981 maxime
1144 1940 1350 1992 infestat,
1381 1941 1445 1981 ita
1473 1946 1522 1981 ut
1544 1941 1625 1980 vix
1652 1941 1774 1980 ullus

135 2012 338 2052 euaserit
368 2012 476 2064 quin
505 2012 552 2052 in
574 2011 684 2052 illud
712 2011 941 2052 inciderit:
966 2012 1049 2052 sed
1069 2023 1193 2052 nunc
1221 2012 1315 2052 iam
1344 2012 1503 2052 mitius
1534 2023 1584 2052 se
1613 2011 1770 2051 habet.

133 2082 273 2123 Pater
295 2083 436 2123 etiam
458 2082 710 2133 Goncalez,
742 2082 821 2134 qui
850 2084 915 2132 (ut
935 2083 1029 2123 iam
1057 2083 1166 2123 olim
1193 2083 1376 2135 scripsi)
1406 2082 1626 2122 diuturno
1647 2082 1773 2122 labo-

131 2154 255 2194 rauit
275 2154 454 2205 morbo,
479 2154 644 2194 melius
664 2153 820 2205 habet,
843 2154 934 2194 nisi
953 2153 1043 2194 hoc
1069 2154 1222 2194 hieme
1251 2154 1298 2194 in
1319 2152 1534 2194 eumdem
1556 2153 1771 2194 morbum

130 2225 416 2275 reinciderit,
452 2224 577 2276 quod
603 2223 732 2264 Deus
759 2230 957 2265 auertat.
982 2224 1296 2266 Concionibus
1324 2224 1480 2265 Patris
1501 2223 1772 2265 Prouincia-

130 2297 187 2336 lis
221 2296 353 2336 multi
387 2296 448 2336 ad
482 2296 723 2336 meliorem
750 2295 935 2347 frugem
962 2308 1064 2336 sese
1094 2302 1388 2348 receperunt,
1426 2302 1470 2336 et
1504 2296 1771 2347 praesentia

130 2366 283 2408 Patris
302 2366 546 2408 Francisci
574 2367 827 2407 multorum
854 2367 1036 2408 animos
1057 2367 1104 2407 in
1124 2367 1246 2407 bono
1278 2366 1590 2408 confirmauit.
1616 2367 1768 2418 Quan-

126 2444 228 2479 tum
249 2438 309 2479 ad
329 2444 543 2479 nostrum
564 2438 824 2490 principale
851 2438 1129 2479 exercitium
1159 2437 1584 2479 administrationis
1615 2450 1771 2478 sacra-

129 2515 396 2550 mentorum
430 2508 747 2561 poenitentiae
775 2513 819 2549 et
846 2508 1180 2558 eucharistiae,
1211 2509 1259 2549 in
1285 2509 1384 2549 dies
1411 2509 1581 2550 crescit
1615 2520 1754 2549 nume

133 2592 213 2620 rus
245 2581 336 2621 huc
369 2580 656 2621 venientium
689 2578 748 2620 ad
775 2579 1104 2630 confitendum,
1129 2580 1191 2620 ita
1223 2586 1273 2621 ut
1299 2578 1350 2620 P.
1387 2586 1546 2621 noster
1581 2580 1773 2621 Franci-

125 2662 254 2701 scus,
277 2652 382 2691 visa
402 2651 681 2692 necessitate
703 2651 1042 2702 operariorum,
1059 2657 1103 2691 et
1121 2651 1361 2702 amplioris
1382 2651 1564 2702 domus,
1581 2656 1629 2691 ut
1653 2651 1698 2691 in
1716 2662 1770 2691 ea

126 2722 414 2763 commorari
435 2722 631 2774 possint,
655 2727 702 2761 ut
723 2721 871 2773 possit
893 2721 1111 2762 satisfieri
1138 2721 1377 2762 deuotioni
1398 2722 1666 2771 multorum,
1692 2721 1771 2772 qui

187 2905 196 2925 ¹
235 2905 487 2941 Autographae
502 2905 533 2933 in
550 2905 676 2940 duplici
692 2904 782 2936 folio.
801 2913 855 2933 nn.
875 2904 928 2932 299
939 2909 973 2932 et
987 2905 1198 2933 aux—Aliud
1214 2913 1296 2933 vere
1313 2913 1378 2934 non
1396 2911 1473 2934 sunt
1490 2907 1553 2933 nisi
1570 2906 1775 2940 praeceden-

135 2952 218 2980 tium
233 2952 348 2981 Patris
362 2954 627 2981 Valderrabano
644 2953 842 2980 litterarum
858 2953 966 2980 latina
980 2954 1104 2980 vcisio*
