2047 3179
149 146 218 184 168
665 146 893 183 Ll'rTERAE
921 156 1280 190 QUADRnuEsrREs

145 256 237 296 que
258 255 392 284 suum
414 244 678 285 redderent.
702 244 797 285 Alii
818 245 1120 294 concubinas,
1145 255 1249 284 curn
1273 243 1439 294 quibus
1457 242 1533 282 diu
1556 242 1790 294 flagitiose

147 316 383 366 vixerant,
407 316 493 356 sibi
516 316 723 368 legitimo
747 316 966 367 coniugio
995 317 1260 356 iunxerunt.
1286 313 1503 354 Nonnulli
1534 313 1637 354 illas
1659 314 1785 354 dimi-

146 393 322 428 serunt.
341 387 480 427 Pater
502 387 716 439 Michael,
741 387 1045 428 concionator
1061 393 1234 436 noster,
1255 387 1301 426 in
1318 384 1623 437 profectione,
1647 396 1788 436 quam

147 459 415 499 Messanam
436 460 649 509 instituit,
673 460 869 500 verbum
890 459 979 499 Dei
1001 459 1157 499 multis
1178 458 1225 497 in
1242 457 1357 497 locis
1378 467 1484 496 cum
1501 467 1675 507 magno
1696 456 1787 497 fru-

147 536 224 570 ctu
245 532 434 581 sparsit.
458 531 506 571 In
530 531 680 571 reditu
703 538 874 581 autem,
898 537 949 570 vt
971 541 1147 580 omneS,
1171 530 1208 569 si
1230 540 1320 579 qua
1341 528 1440 568 fieri
1461 534 1635 579 posset,
1658 528 1788 569 iuua-

148 609 232 653 ret,
256 614 340 654 per
363 604 502 642 aliam
524 604 651 643 viam
674 603 883 652 veniens,
909 602 1032 642 idem
1052 602 1162 641 fecit
1184 600 1309 649 alibi,
1329 605 1427 639 tum
1448 599 1700 651 praecipue
1716 599 1788 640 Bi-

149 675 313 714 bonae.
350 674 399 714 P.
429 673 656 725 ElpidiuS,
688 680 942 725 antequam
976 674 1035 713 ad
1062 672 1242 713 Ducem
1264 670 1657 722 proficisceretur,
1683 683 1786 711 cum

150 744 343 785 Vicario
378 745 719 797 Agrigentino,
757 747 901 785 multa
940 744 1134 797 oppida,
1168 743 1382 792 castella,
1419 753 1570 794 pagos
1604 743 1785 783 inuisit:

148 817 484 867 peregrinatio,
509 824 561 857 vt
582 817 697 856 satis
729 817 813 856 fuit
835 818 992 867 longa,
1024 816 1088 856 ita
1117 826 1300 866 quoque
1326 813 1582 854 fructuosa.
1616 813 1789 854 Multas

149 888 273 928 enim
306 899 481 939 prauas
503 888 865 928 consuetudines
885 888 1267 936 emendauerunt,
1298 890 1344 925 et
1371 885 1634 926 animarum
1657 896 1786 926 cura-

147 967 273 999 tores
305 960 364 1000 ad
391 960 617 1000 maiorem
640 960 932 1010 diligentiam
954 959 1281 1008 incitauerunt,
1307 968 1493 1007 vsuras,
1517 957 1721 1009 periuria
1744 963 1788 997 et

148 1031 327 1082 reliqua
361 1032 493 1081 vitia,
531 1043 650 1083 quae
685 1038 817 1072 crant
852 1032 1149 1083 pervulgata,
1174 1029 1513 1080 diminuerunt,
1551 1029 1788 1081 multaque

146 1103 480 1143 substulerunt.
518 1103 754 1143 Exercitia
788 1104 1048 1155 spiritualia
1083 1102 1238 1142 multis
1268 1101 1441 1141 tradita
1477 1108 1598 1150 sunt,
1638 1101 1787 1141 multi-

147 1186 237 1225 que
264 1186 322 1214 ex
351 1175 440 1214 illis
467 1174 779 1226 profecerunt:
818 1181 1039 1226 petuntur
1066 1175 1206 1214 etiam
1234 1186 1260 1213 a
1297 1173 1523 1225 plurimis.
1562 1172 1789 1224 Virgines

146 1246 377 1297 quaedam
400 1246 573 1297 pietate
593 1253 637 1287 et
659 1258 818 1286 amore
840 1246 1015 1287 Christi
1045 1247 1264 1286 incensae
1292 1250 1455 1296 petunt
1486 1246 1533 1285 in
1555 1244 1786 1284 Monaste-

148 1317 229 1356 riis
251 1317 337 1357 sibi
359 1319 514 1357 locum
537 1318 637 1358 dari
660 1330 766 1358 cum
789 1329 962 1369 magna
983 1317 1250 1358 constantia
1272 1324 1315 1356 et
1337 1316 1531 1357 summis
1551 1316 1782 1368 precibus.

146 1389 339 1429 Fratres
366 1390 517 1429 nostri
550 1390 595 1429 in
628 1390 755 1430 omni
781 1390 1024 1430 literarum
1052 1400 1225 1440 genere
1254 1400 1357 1429 sese
1389 1388 1637 1440 diligentes
1658 1399 1788 1428 exer-

147 1467 255 1500 cent
275 1473 361 1501 nec
383 1461 536 1501 minus
564 1462 610 1502 in
631 1463 796 1513 spiritu
830 1462 1091 1513 proficiunt.
1123 1461 1216 1502 Alii
1238 1461 1465 1511 carmina,
1490 1472 1611 1512 quae
1631 1460 1787 1500 valuis

146 1533 304 1583 templi
322 1532 453 1573 festis
471 1533 631 1573 diebus
649 1533 913 1585 affigantur,
934 1533 1143 1574 studiose
1165 1533 1482 1573 conscribunt.
1502 1532 1596 1572 Alii
1614 1532 1785 1572 oratio-

146 1614 230 1643 nes
252 1615 307 1643 ac
335 1604 704 1645 declamationes
732 1605 915 1656 publice
944 1606 1131 1645 habent.
1160 1604 1381 1645 Nonnulli
1409 1604 1526 1644 haec
1548 1603 1705 1644 omnia
1727 1604 1784 1643 si—

147 1675 255 1714 mul.
280 1674 456 1716 Diebus
487 1676 618 1717 festis
639 1677 766 1717 domi
794 1677 1189 1729 disputationibus
1210 1681 1504 1726 exercentur,
1533 1674 1658 1715 vnde
1689 1687 1782 1715 ma-

144 1758 267 1797 gnus
301 1748 580 1788 eruditionis
614 1750 828 1789 cumulus
863 1749 1065 1789 accedit:
1104 1760 1267 1789 omnes
1307 1748 1633 1799 magistratus,
1677 1759 1782 1787 cum

144 1826 300 1859 essent
320 1831 485 1860 recens
507 1821 668 1871 creati,
701 1832 786 1861 nos
813 1821 1089 1870 inuiserunt,
1123 1821 1290 1872 quibus
1318 1820 1612 1872 dignitatem,
1643 1830 1783 1871 quam

141 1890 299 1941 adepti
333 1899 483 1941 erant,
522 1892 681 1932 habita
709 1893 935 1941 oratione,
968 1893 1341 1943 gratulabamur;
1374 1892 1516 1932 etiam
1550 1891 1782 1942 epigram-

142 1968 268 2001 mata
302 1973 476 2013 graeca
513 1970 557 2003 et
586 1964 731 2004 latina
759 1964 807 2004 in
836 1975 999 2004 eorum
1027 1964 1481 2004 commendationem
1503 1961 1781 2014 pronuncia-

141 2033 326 2084 bantur,
352 2035 517 2086 quibus
545 2035 760 2076 omnibus
783 2036 1033 2076 admodum
1063 2036 1434 2086 delectabantur,
1458 2039 1510 2075 vt
1537 2033 1785 2074 alacritate

141 2106 300 2145 vultus
321 2111 365 2145 et
387 2107 543 2146 verbis
565 2107 914 2157 significabant,
940 2114 1027 2148 ete.

223 2176 456 2227 Panormi,
478 2178 627 2229 pridie
650 2179 753 2219 idus
776 2178 1009 2228 Octobris,
1038 2179 1151 2219 1554.

224 2247 276 2287 R.
302 2248 351 2288 P.
375 2248 428 2289 T.
453 2249 573 2289 filius
595 2250 639 2289 in
662 2250 851 2291 Christo
871 2251 1336 2302 obsequentissimus,

1043 2395 1303 2436 GERARDUS
1331 2396 1568 2435 LAPIDIUS.

225 2537 255 2576 I
255 2549 285 2576 n
307 2542 479 2588 quarta
497 2539 703 2589 pagina,
725 2551 843 2591 quae
864 2540 1272 2592 superscriptione
1307 2543 1452 2590 caret,
1479 2539 1592 2579 haec
1615 2538 1783 2590 legun-

141 2612 243 2648 tm':
268 2608 380 2648 1554.
405 2608 630 2650 Palermo.
656 2610 997 2661 Quadrimestri
1021 2612 1063 2651 d’
1084 2614 1158 2651 un'
1181 2624 1303 2652 anno
1321 2609 1785 2660 inte1·o.-Originali

145 2680 302 2719 latine.

225 2751 353 2791 Haec
373 2754 618 2793 annotatio
650 2755 865 2804 refertur
886 2756 947 2795 ad
968 2760 1067 2795 tres
1088 2755 1320 2806 epistolas
1341 2754 1490 2806 hujus
1511 2752 1644 2802 anni,
1665 2763 1786 2804 quae

139 2823 450 2873 praecedunt,
470 2835 677 2875 quaeque
705 2826 940 2865 Panormi
950 2827 1151 2875 fuerunt
1172 2830 1406 2867 exarmare
1425 2825 1586 2866 diebus
1607 2824 1677 2864 23
1699 2823 1783 2876 Ja-

144 2894 311 2933 mtarz'z‘
329 2894 449 2944 (vide
472 2906 635 2947 supra,
661 2903 690 2936 t.
722 2909 766 2945 11,
792 2908 898 2948 pag.
922 2898 1033 2948 561),
1057 2898 1126 2937 24
1149 2897 1278 2950 Jnlz'z'
1296 2898 1418 2949 (vide
1441 2907 1605 2948 supra,
1624 2896 1671 2936 in
1693 2896 1785 2936 hoc

146 2971 176 3005 t.
199 2977 260 3016 111,
285 2976 393 3017 pag.
427 2966 512 3015 59),
536 2970 577 3006 et
608 2968 671 3007 14
699 2968 926 3008 Octobris.
