2047 3179
255 164 326 201 684
765 164 993 202 LITTERAE
1022 175 1382 209 QUADRIMESTRES

258 261 336 300 lui:
360 272 484 301 nunc
507 261 566 301 ad
587 267 802 302 caeteros
824 261 1134 302 scholasticos
1163 261 1423 311 ueniamus,
1447 273 1646 313 quorum
1673 272 1900 301 numerus

260 332 306 371 in
328 332 428 372 dies
450 339 664 384 augetur,
686 340 959 385 crescetque
977 333 1177 384 amplius
1198 333 1286 373 hac
1303 333 1488 384 hyeme.
1505 332 1623 373 Nam
1639 333 1729 372 hac
1747 339 1893 372 aesta-

258 409 302 443 te
323 404 455 444 multi
475 404 612 444 uillas
634 411 679 444 et
700 405 864 444 uineas
886 405 1196 455 incoluerunt,
1221 404 1314 456 qui,
1335 404 1619 444 aduentante
1636 403 1829 454 frigore,
1849 403 1895 443 in

258 475 423 515 urbem
439 487 487 515 se
502 476 743 527 recipient;
757 487 999 528 nunquam
1012 482 1170 516 tamen
1189 482 1375 516 centum
1394 475 1660 526 sexaginta,
1676 481 1720 515 et
1737 475 1899 526 plures

258 547 427 597 adhue,
447 547 708 597 defuerunt,
734 547 811 599 qui
840 547 1051 587 feruente
1074 547 1216 587 etiam
1238 547 1334 587 sole
1356 546 1415 586 ad
1435 558 1522 586 nos
1551 547 1780 586 uenirent.
1805 545 1897 586 Pro

259 617 540 658 innouandis
562 619 803 658 literarum
825 618 992 659 studiis
1014 617 1072 658 ad
1100 618 1275 659 mensis
1301 618 1540 670 sequentis
1562 617 1745 658 initium
1774 628 1896 658 com-

259 690 441 741 positae
463 696 570 730 sunt
605 690 725 730 duae
756 690 1008 738 orationes,
1041 701 1161 741 quae
1183 702 1210 730 a
1232 689 1412 730 duobus
1440 689 1737 729 scholasticis
1759 688 1896 728 habe-

258 762 446 810 buntur,
476 773 660 802 necnon
688 761 1031 812 grammaticae
1061 761 1239 812 theses,
1271 772 1388 813 quas
1420 760 1677 812 discipulus
1709 759 1898 811 quidam

259 839 329 873 est
350 838 602 883 tutaturus,
626 845 746 884 quae
768 844 794 872 a
817 833 1017 873 caeteris
1046 832 1446 884 impugnabuntur
1476 843 1607 872 more
1634 830 1899 883 parisiensi,

258 905 338 944 alii
357 904 467 944 item
489 909 735 956 poetarum
754 910 913 955 partes
939 904 1172 944 subibunt.
1203 903 1333 944 Haec
1355 910 1511 944 autem
1534 903 1691 943 omnia
1720 914 1774 943 eo
1803 907 1899 942 ten-

260 976 388 1027 dunt,
414 982 463 1016 ut
485 977 557 1016 uel
579 976 688 1016 hinc
709 976 879 1016 ciuitas
896 976 1127 1027 intelligat
1146 982 1368 1028 quantam
1392 975 1591 1015 afferant
1611 975 1762 1014 lucem
1779 974 1897 1013 haec

260 1054 423 1088 nostra
445 1047 599 1088 studia
620 1048 865 1098 iuuentuti,
890 1059 1031 1099 quam
1047 1048 1223 1088 caeteri
1238 1053 1573 1099 praeceptores
1590 1045 1745 1086 deludi
1762 1051 1807 1085 et
1824 1045 1898 1084 de·

262 1119 369 1170 cipi,
394 1126 670 1170 tempusque
693 1119 869 1159 frustra
897 1125 1144 1159 conterere
1174 1117 1407 1159 affirmare
1436 1129 1533 1158 non
1561 1124 1799 1167 uerentur,
1823 1117 1900 1167 qui

261 1190 347 1230 etsi
368 1201 456 1229 nos
478 1191 744 1230 clanculum
771 1190 909 1230 dente
931 1190 1155 1230 theonino
1187 1189 1416 1239 mordent,
1450 1195 1607 1229 tamen
1641 1188 1899 1239 diligentior

261 1272 337 1301 res
358 1261 503 1301 multo
525 1261 663 1301 modo
693 1272 741 1301 se
769 1262 997 1313 praebent
1028 1273 1170 1313 quam
1198 1266 1351 1311 antea,
1378 1266 1425 1301 ut
1447 1272 1503 1300 ea
1531 1260 1775 1310 diligentia
1802 1270 1904 1311 pos·

262 1333 354 1373 sint
373 1344 546 1384 pueros
563 1333 781 1384 retinere,
801 1345 1000 1385 quorum
1018 1333 1150 1373 multi
1167 1332 1226 1373 ad
1242 1344 1331 1373 nos
1348 1332 1557 1380 ueniunt,
1576 1331 1776 1382 hincque
1795 1336 1902 1370 sunt

262 1405 369 1445 illae
389 1405 646 1456 lacrymae.
669 1404 890 1445 Nonnulli
911 1417 1053 1457 porro
1076 1417 1134 1445 ex
1156 1404 1396 1456 magistris
1418 1405 1581 1444 uolunt
1600 1403 1811 1443 ordinem
1827 1414 1905 1442 no·

264 1483 413 1516 strum
434 1476 608 1516 imitari
628 1477 907 1528 praesertim
925 1477 971 1517 in
988 1477 1222 1528 precibus,
1242 1488 1362 1528 quae
1381 1475 1607 1516 absolutis
1625 1473 1904 1514 lectionibus

266 1560 291 1587 a
314 1548 488 1588 nostris
509 1547 638 1598 fiunt,
663 1548 823 1600 sicque
845 1548 1044 1588 daemon
1062 1548 1249 1588 interim
1267 1547 1487 1597 illuditur,
1509 1547 1699 1598 suisque
1716 1546 1815 1597 ipse
1833 1556 1903 1584 ar-

265 1620 389 1659 tibus
411 1619 608 1670 capitur.

345 1689 610 1731 Omiseram
633 1703 746 1731 sane
768 1691 814 1731 id
837 1691 962 1743 quod
983 1698 1141 1732 actum
1168 1698 1237 1731 est
1259 1703 1286 1731 a
1308 1691 1482 1731 nostris
1511 1690 1753 1741 discipulis
1775 1689 1819 1729 in
1844 1688 1903 1729 fe-

265 1769 337 1803 sto
360 1761 584 1814 Corporis
607 1761 797 1812 Christi,
831 1763 954 1814 quod
976 1763 1164 1803 minime
1193 1762 1500 1802 omittendum
1531 1761 1762 1802 existimo.
1787 1760 1903 1801 Cum

263 1834 338 1875 hic
375 1834 473 1874 dies
501 1834 774 1874 uniuersam
802 1834 1042 1875 ciuitatem
1070 1845 1325 1885 omnesque
1357 1833 1691 1884 cuiuscumque
1725 1831 1903 1872 ordinis

264 1905 514 1956 religiosos
540 1904 812 1957 frequentes
840 1907 988 1946 soleat
1019 1905 1254 1946 aduocare
1284 1906 1343 1946 ad
1378 1904 1770 1957 supplicationem
1802 1902 1905 1942 Deo

265 1977 520 2017 immortali
537 1976 883 2017 decernendam
901 1989 983 2029 per
1000 1989 1163 2018 omnes
1180 1978 1311 2018 uicos
1328 1977 1549 2029 urbisque
1565 1977 1761 2028 plateas,
1782 1985 1905 2014 com-

266 2048 418 2100 posita
440 2048 627 2088 fuerunt
651 2061 677 2088 a
710 2048 827 2089 Rdo.
859 2048 908 2088 P.
936 2049 1117 2102 Joanne
1146 2049 1376 2101 quaedam
1405 2048 1616 2089 carmina
1646 2048 1693 2087 in
1720 2045 1906 2086 laudem

268 2118 576 2170 Sacramenti,
609 2131 729 2171 quae
758 2120 1010 2160 decantata
1036 2121 1224 2161 fuerunt
1257 2133 1283 2160 a
1320 2126 1521 2172 quatuor
1555 2118 1712 2170 pueris
1743 2128 1905 2158 coram

268 2191 568 2231 sanctissimo
590 2190 914 2242 Sacramento,
940 2191 1087 2242 Duce,
1112 2190 1304 2240 Senatu,
1329 2198 1467 2243 atque
1484 2191 1736 2242 Episcopo,
1758 2193 1904 2228 caete-

269 2274 414 2314 raque
435 2263 656 2303 uniuersa
679 2263 1076 2303 nobilissimorum
1098 2263 1271 2303 ciuium
1301 2269 1509 2312 caterua,
1534 2263 1581 2302 in
1604 2262 1755 2311 altari,
1780 2259 1905 2312 quod

269 2345 354 2385 pro
376 2333 557 2374 foribus
574 2335 759 2385 collegii
776 2335 926 2374 nostri
944 2335 1217 2385 struximus,
1238 2334 1405 2374 imitati
1422 2345 1599 2374 morem
1617 2332 1802 2383 collegii
1820 2330 1904 2371 Ro-

270 2405 411 2445 mani:
431 2416 549 2456 quae
567 2417 642 2445 res
660 2406 916 2446 maximam
938 2406 1092 2446 attulit
1116 2405 1336 2446 uniuerso
1353 2405 1524 2457 populo
1549 2403 1907 2444 admirationem

269 2482 462 2528 propter
488 2476 748 2517 nouitatem
783 2477 845 2527 (in
872 2483 970 2517 tota
999 2477 1229 2528 siquidem
1259 2477 1373 2517 urbe
1404 2476 1517 2516 nihil
1550 2475 1698 2515 simile
1731 2474 1908 2514 factum

271 2549 373 2598 est),
399 2547 611 2599 adeoque
632 2555 772 2598 grata
793 2547 981 2588 fuerunt
1003 2548 1182 2588 ciuibus
1204 2547 1429 2596 carmina,
1456 2553 1504 2587 ut
1525 2546 1733 2598 plerique
1754 2556 1810 2585 ea
1832 2556 1908 2596 po-

271 2618 567 2668 stulauerint,
591 2630 679 2658 nec
701 2619 932 2659 defuerint
955 2619 1032 2670 qui
1060 2630 1116 2658 ea
1145 2618 1286 2659 etiam
1313 2618 1546 2658 excudere
1574 2617 1759 2656 uellent.
1790 2615 1909 2655 Tan-

272 2689 392 2739 dem,
424 2695 474 2729 ut
502 2700 594 2729 uno
622 2690 768 2729 uerbo
799 2690 968 2740 dicam,
1003 2690 1160 2730 omnia
1182 2690 1245 2729 ita
1267 2689 1383 2729 fiunt
1403 2695 1452 2728 ut
1472 2700 1555 2740 per
1576 2694 1721 2728 totam
1749 2686 1910 2726 urbem

273 2761 390 2800 bene
413 2761 573 2800 audiat
594 2761 669 2801 hic
691 2762 836 2811 locus,
860 2761 1142 2813 praesertim
1165 2760 1289 2812 apud
1306 2761 1607 2812 Episcopum,
1628 2758 1705 2810 qui
1727 2769 1818 2798 non
1841 2768 1910 2797 so-

273 2832 367 2870 lum
391 2832 549 2871 uerbis
579 2832 662 2872 sed
683 2833 824 2872 etiam
845 2833 1044 2884 epistola
1066 2832 1124 2872 ab
1146 2832 1248 2883 ipso
1271 2837 1480 2881 exarata,
1506 2842 1625 2881 quae
1646 2829 1817 2881 publici
1847 2834 1910 2867 te-

275 2901 482 2941 stimonii
513 2903 665 2942 uicem
694 2903 885 2953 obtinet,
918 2903 984 2953 id,
1008 2902 1132 2955 quod
1160 2903 1216 2942 de
1243 2901 1477 2943 Societate
1507 2908 1668 2941 nostra
1699 2900 1907 2948 sentiret,

276 2972 520 3022 indicauit,
549 2973 595 3013 in
626 2986 716 3025 qua
746 2975 939 3014 summis
968 2974 1266 3025 prosequitur
1292 2972 1506 3013 laudibus
1534 2971 1830 3021 Societatem,
1861 2976 1909 3010 ut
