2047 3179
182 152 253 189 216
696 151 925 190 LITTERAE
958 163 1318 196 QUADRIMESTRES

183 250 371 289 fuerant
393 253 540 300 arcte,
565 249 612 289 in
630 249 962 290 subueniendis
979 249 1174 290 infirmis
1191 255 1401 300 tempore
1418 248 1647 288 transitus
1669 258 1832 288 eorum·

186 321 243 361 ab
265 320 355 361 hac
377 320 490 371 vita,
515 326 559 360 et
583 320 688 360 aliis
710 321 937 361 similibus
958 321 1107 361 solitis
1130 319 1518 372 occupationibus
1539 325 1729 359 nostrae
1745 318 1825 359 So-

186 392 370 432 cietatis
404 392 532 445 Jesu,
570 391 616 431 in
652 392 820 443 quibus
853 404 1094 444 nunquam
1126 392 1255 432 deest
1291 390 1426 430 nobis
1461 390 1573 442 quid
1607 401 1823 441 agamus.

188 463 404 515 Quinque
433 463 600 504 Patres
628 470 735 504 sunt
765 463 986 503 destinati
1012 462 1257 503 audiendis
1289 461 1681 512 confessionibus,
1715 467 1760 501 et
1782 461 1829 500 in

187 541 288 575 tota
309 535 605 576 hebdomada
626 535 734 575 huic
757 535 824 575 rei
841 535 1102 585 intendunt,
1122 535 1187 574 ita
1200 539 1252 573 vt
1268 533 1394 573 nulla
1411 538 1710 584 pertranseat
1731 533 1829 572 dies

189 607 290 647 sine
310 607 579 647 huiusmodi
596 606 998 658 occupationibus.

267 677 398 718 Haec
419 684 542 728 sunt,
566 676 667 717 R.de
691 676 847 726 Pater,
872 688 991 728 quae
1013 675 1065 716 R.
1092 675 1139 715 P.
1165 675 1216 715 T.
1248 675 1499 716 scribenda
1527 675 1733 715 breuiter
1762 685 1828 714 se-

188 761 238 789 se
259 749 484 790 obtulere:
514 748 633 789 faxit
660 747 789 788 Deus
813 753 864 787 vt
892 759 973 787 cor
1000 753 1213 787 nostrum
1244 751 1426 786 aestuet
1455 745 1746 796 confusione,
1779 750 1830 785 vt

188 821 256 861 sic
276 832 364 861 nos
384 832 470 872 pro
491 820 638 860 nihilo
659 819 916 871 pendentes
945 818 1003 859 ad
1032 818 1132 858 eius
1163 818 1392 858 auxilium
1425 818 1648 858 continuo
1668 817 1830 868 implo-

190 892 391 932 randum
415 897 596 932 mentes
615 896 804 931 nostras
825 890 1135 930 subleuemus.

272 963 459 1015 Emptio
482 963 745 1011 domorum,
778 972 860 1012 per
887 972 974 1001 nos
1003 966 1280 1012 emptarum,
1312 959 1467 1011 gratia
1498 958 1688 999 Domini
1716 957 1831 1009 opti-

191 1046 264 1074 me
286 1034 421 1074 nobis
443 1033 668 1083 succedit,
692 1033 801 1084 quia
831 1031 1057 1083 Princeps
1086 1032 1189 1083 ipsa
1222 1029 1232 1049 ¹
1255 1031 1454 1081 elargita
1477 1037 1547 1070 est
1575 1030 1710 1070 nobis
1736 1029 1831 1069 iam

189 1107 363 1146 bonam
391 1112 574 1156 partem
602 1104 755 1155 pretii.
785 1103 990 1144 Domino
1017 1102 1221 1153 fauente,
1250 1113 1363 1142 vere
1385 1101 1600 1154 proxime
1627 1106 1830 1141 venturo

193 1177 241 1217 in
262 1176 329 1216 eis
351 1176 591 1227 degemus.

271 1248 342 1288 Tu
362 1247 562 1298 interim,
587 1246 688 1287 R.de
709 1247 756 1286 in
778 1246 965 1287 Christo
988 1245 1142 1295 Pater,
1166 1246 1253 1285 hos
1274 1244 1494 1295 indignos
1515 1243 1635 1283 filios
1655 1249 1762 1283 tuos
1783 1243 1836 1282 in.

189 1319 281 1359 tuis
302 1330 357 1359 ac
380 1318 767 1358 charissimorum
791 1317 984 1357 Patrum
1006 1322 1050 1356 et
1071 1316 1285 1366 fratrum,
1310 1316 1358 1356 in
1379 1315 1482 1367 ipsa
1502 1314 1640 1354 domo
1662 1315 1830 1365 degen-

189 1391 320 1441 tium,
340 1389 585 1430 sacrificiis
602 1396 647 1429 et
664 1389 953 1429 orationibus
971 1387 1327 1428 commendatos
1343 1387 1477 1426 habe.
1499 1386 1601 1426 Hoc
1618 1385 1741 1426 idem
1756 1395 1833 1435 pe-

189 1462 330 1502 timus
360 1473 385 1501 a
407 1460 509 1502 R.d0
530 1460 670 1501 Patre
691 1460 983 1512 Hieronymo
1012 1459 1179 1510 Nadal,
1208 1458 1342 1499 cuius
1369 1470 1463 1498 non
1494 1456 1830 1498 obliuiscimur.

269 1533 341 1574 Ex
363 1533 534 1585 oppido
562 1532 841 1583 Vallisoleti,
875 1531 1084 1571 calendis
1103 1530 1333 1584 Januarii,
1366 1541 1491 1569 anno
1520 1541 1545 1569 a
1574 1527 1835 1569 Natiuitate

190 1605 386 1646 Domini
410 1604 530 1644 1555.

266 1676 397 1717 Tuae
419 1674 542 1716 R.dae
568 1674 874 1715 Paternitatis
896 1675 1119 1725 indignus
1139 1673 1277 1725 filius,

1291 1816 1571 1858 DOMENECH.

269 2032 627 2084 Superscrz'ptio
658 2032 708 2072 in
740 2036 915 2083 quarta
943 2031 1154 2083 pagina:
1187 2031 1455 2072 Admodum
1490 2031 1591 2072 R.d0
1619 2033 1667 2072 in
1694 2032 1830 2073 thi-

189 2110 260 2144 sto
281 2103 411 2144 Patri
432 2103 517 2144 M.0
540 2103 724 2155 Ignatio
746 2103 803 2143 de
824 2103 1019 2155 Loyola‚
1046 2102 1322 2154 Praeposito
1344 2103 1556 2154 generali
1583 2102 1842 2144 Societatis

188 2176 314 2228 Jesu,
338 2174 532 2215 Romae.

268 2245 381 2286 Alia
404 2258 565 2287 manu.
595 2246 711 2286 1555.
735 2245 1016 2286 Vallisoleti.
1042 2245 1425 2297 Quadrimestres
1445 2247 1540 2299 p.mi
1562 2247 1790 2301 Januarii.

281 2317 548 2368 Veste'gmm
570 2327 704 2357 cerae
726 2317 900 2357 rubrae
916 2320 960 2357 et
982 2316 1153 2368 sigilli.

246 2478 254 2496 ¹
296 2477 439 2510 Joanna,
456 2477 603 2512 Philippi
618 2477 649 2505 11
664 2485 773 2505 soror.
