2047 3179
188 175 262 212 270
709 176 938 214 LITTERAE
957 187 1316 221 QUADRIMESTRES

891 629 1118 682 CGGLI

262 857 527 896 Theodorus
548 858 758 894 Peltanus

312 922 435 960 Patri
454 923 624 970 Ignatio
647 923 701 959 de
722 921 905 968 Loyola.

357 988 557 1036 Neapoli,
578 988 625 1025 26
643 987 845 1034 Januarii
868 988 960 1025 1555
979 987 1005 1024 ².

959 1181 1060 1258 liis

269 1415 369 1456 Rfle
391 1417 438 1456 in
459 1416 648 1457 Christo
669 1415 810 1456 Pater
828 1445 836 1453 .

272 1487 407 1539 Quod
425 1488 528 1528 aliis
545 1488 835 1540 temporibus
847 1487 996 1528 fusius
1017 1486 1180 1527 forsan
1197 1496 1339 1537 quam
1354 1491 1434 1526 aut
1445 1497 1577 1537 opus,
1597 1491 1677 1525 aut
1694 1484 1838 1524 etiam

190 1567 500 1611 praeceptum
533 1565 649 1611 erat,
679 1560 907 1612 scriptum
928 1559 1028 1611 fuit,
1063 1560 1267 1613 idipsum
1288 1571 1470 1600 summa
1491 1558 1585 1599 iam
1604 1557 1836 1598 breuitate

192 1632 582 1683 perstringemus.

275 1703 450 1744 Omnes
470 1704 699 1754 ualemus,
733 1715 821 1744 nec
842 1704 1090 1756 quisquam
1125 1704 1334 1744 omnium
1369 1701 1511 1755 (quod
1542 1701 1704 1749 sciam)
1737 1707 1836 1740 toto

190 1774 282 1815 hoc
304 1775 530 1815 trimestri
547 1775 781 1816 decubuit.
807 1774 1008 1826 Quidam
1025 1775 1251 1816 oriundus
1268 1774 1513 1826 Hispania,
1534 1779 1578 1813 et
1601 1772 1839 1825 quondam

191 1845 461 1887 Cardinalis
478 1845 562 1888 Coi
584 1846 685 1898 (sic)
706 1847 924 1898 famulus,
949 1846 1185 1888 Attiensis
1207 1845 1234 1897 ²,
1257 1846 1458 1887 fratrum
1480 1845 1585 1886 albo
1616 1843 1834 1885 accessit.

192 1918 315 1958 Huic
338 1919 377 1958 si
398 1919 576 1970 literae,
599 1925 650 1959 ut
672 1919 764 1959 alia
786 1919 943 1959 omnia
978 1919 1113 1958 bonis
1144 1918 1366 1970 optanda,
1391 1917 1703 1966 abundarent,
1727 1915 1838 1955 insi-

192 2001 285 2041 gne
307 1990 496 2030 diuinae
517 1990 741 2030 bonitatis
777 1990 1141 2030 instrumentum
1175 1990 1357 2030 futurus
1387 1994 1503 2037 erat,
1542 1987 1760 2040 quamuis
1794 1992 1840 2026 et

193 2062 280 2102 has
305 2062 494 2114 assequi
522 2073 663 2114 posse
684 2073 792 2113 spes
814 2068 900 2102 est.
936 2061 1074 2101 Hunc
1095 2073 1179 2102 sex
1214 2061 1293 2101 alii
1319 2060 1504 2112 sequuti
1525 2065 1647 2109 sunt3
1673 2069 1840 2098 uerum

194 2134 257 2183 hi,
279 2134 358 2186 qui
377 2134 484 2185 sint,
508 2133 641 2173 iuxta
660 2133 905 2173 nobiscum
928 2133 1112 2183 tenetis3
1137 2144 1299 2173 omnes
1323 2132 1446 2172 enim
1468 2131 1725 2171 incolumes
1747 2128 1837 2168 Ro-

194 2217 321 2246 mam
344 2205 581 2257 appulisse
617 2205 887 2256 accepimus
921 2203 951 2244 ⁵:
980 2205 1127 2255 multi,
1152 2216 1269 2256 quos
1303 2203 1504 2244 necdum
1537 2200 1840 2253 recipiendos>

195 2277 430 2327 duximuS,
454 2288 754 2328 nequaquam
776 2275 991 2328 impigre,
1022 2287 1112 2327 quo
1134 2276 1180 2326 ii,
1214 2274 1271 2315 de
1298 2275 1466 2327 quibus
1487 2274 1582 2313 iam
1604 2273 1833 2322 dicebam,

194 2354 528 2400 peruenerunt,
552 2347 856 2388 contendunt.
881 2346 1168 2388 Confitentes
1194 2358 1313 2399 pene
1335 2351 1526 2386 manent
1547 2344 1836 2396 aequabiles,

194 2421 286 2461 nisi
307 2420 431 2472 quod
452 2420 670 2471 proximo
688 2419 889 2459 iubilaeo
910 2419 1279 2471 frequentissimi
1296 2418 1485 2458 fuerint.

276 2491 398 2532 Rflus
427 2491 476 2532 P.
503 2490 750 2532 Salmeron
772 2498 816 2531 et
837 2490 961 2531 domi
979 2497 1023 2530 et
1044 2490 1159 2530 foris
1181 2490 1359 2542 aliquot
1380 2489 1562 2529 uicibus
1585 2487 1836 2528 conciona-

195 2570 272 2604 tus
293 2569 378 2614 est3
400 2574 567 2603 verum
585 2574 677 2615 quo
699 2561 871 2612 fructu,
897 2573 1048 2614 quoue
1071 2561 1319 2611 auditorio,
1339 2572 1397 2601 ne
1415 2559 1687 2608 obtundam,
1707 2569 1839 2610 prae-

194 2641 340 2675 tereo.
366 2634 742 2685 Quadragesima
764 2634 999 2685 proxima,
1036 2633 1084 2673 in
1110 2632 1337 2684 parochia
1365 2630 1581 2682 Virginis
1600 2628 1767 2669 Matris
1788 2640 1840 2668 se

254 2822 260 2836 '
302 2819 565 2854 Apographum‚
581 2820 679 2847 unico
696 2819 788 2854 solio,
804 2828 833 2847 n.
849 2820 912 2847 143.

249 2869 263 2887 2’
301 2867 412 2899 Huius
426 2875 491 2894 non
508 2866 661 2894 meminit
677 2867 848 2894 Polancus
862 2875 924 2895 nec
940 2867 1109 2895 Schinosi.
1125 2865 1303 2895 Orlandini
1318 2869 1435 2894 autem
1449 2864 1534 2892 nihil
1553 2863 1618 2891 hoc
1630 2870 1717 2890 anno
1729 2863 1834 2890 habet

197 2917 310 2944 dicere
326 2916 366 2943 de
383 2914 536 2949 Collegio
552 2915 791 2950 Neapolitano.

250 2965 264 2984 5
302 2963 455 2991 Duorum
472 2967 604 2990 tantum
620 2963 757 2990 nomina
778 2964 890 2997 aperit
906 2963 1084 2991 Pommcus
1107 2963 1140 2990 in
1163 2962 1341 2996 Chronico,
1356 2964 1378 2989 t.
1391 2969 1425 2989 v.
1447 2959 1614 2993 “joannes
1637 2958 1837 2986 Dominicus

197 3011 408 3040 Fasciardus
423 3015 457 3037 et
472 3010 581 3043 Julius
596 3009 748 3044 Fatius.„
