2047 3179
235 131 306 167 712
747 128 976 167 LITTERAE
1002 138 1361 173 QUADRIMESTRES

236 240 331 268 rus.
356 227 476 269 Nam
494 239 599 268 cum
616 238 777 267 rarum
793 227 853 267 sit
871 227 943 267 his
961 226 1007 266 in
1024 226 1310 277 regionibuS,
1331 225 1471 265 etiam
1488 225 1674 276 magnis
1691 224 1872 274 diebus,

238 305 433 351 excepto
454 298 701 349 paschate,
726 297 939 338 confiteri
959 303 1004 338 et
1026 296 1397 344 communicare,
1421 296 1608 348 plurimi
1635 301 1791 336 tamen
1813 295 1873 335 ad

238 383 323 411 nos
351 369 601 411 confitendi
636 376 680 410 et
716 368 1096 410 communicandi
1129 367 1285 419 gratia
1318 367 1589 419 frequenter
1624 366 1873 417 accedunt,

239 442 517 495 praesertim
545 441 778 482 mulieres.
807 441 930 481 Inter
966 452 1084 491 quas
1116 439 1246 480 fuere
1280 440 1546 488 nonnullae,
1584 450 1718 490 quae,
1751 443 1873 490 post-

240 525 381 566 quam
401 513 575 554 nostris
598 512 841 553 confessae
863 517 985 562 sunt,
1010 511 1298 562 impudicam
1319 522 1460 562 quam
1481 522 1587 550 cum
1615 509 1777 550 alienis
1808 509 1872 550 ui-

240 585 306 625 ris
326 584 635 625 traducebant
652 584 814 628 vitam,
834 594 1027 635 prorsus
1046 582 1400 631 abdicauerunt,
1422 593 1477 622 ac
1495 581 1697 633 propriis
1713 591 1877 620 recon-

243 656 429 697 ciliatae
450 656 566 696 viris
587 666 759 706 magna
784 666 907 694 nunc
929 665 1035 694 cum
1057 653 1393 705 tranquillitate
1414 653 1595 701 viuunt3
1620 652 1739 692 aliae
1756 663 1881 692 erro-

242 739 318 768 res
339 739 529 779 prauos,
553 727 719 779 quibus
740 726 862 766 male
882 736 1137 776 persuasae
1159 724 1387 765 hactenus
1405 723 1732 774 adhaeserant,
1756 735 1783 762 a
1799 734 1877 762 no-

243 800 355 840 stris
377 799 648 849 instructae,
672 797 975 849 reliquerunt,
1001 802 1045 837 et
1060 802 1111 836 vt
1130 803 1238 836 ante
1256 800 1614 845 consueuerant,
1634 794 1806 834 ieiunia
1824 805 1881 834 ac

245 871 337 911 alia
358 870 433 922 pia
457 869 743 910 christianae
764 868 1006 919 religionis
1028 879 1170 919 opera
1193 867 1345 907 denuo
1369 872 1632 915 excercent,
1657 866 1764 906 licet
1785 876 1879 905 non

245 953 394 994 parua
417 952 522 982 cum
544 940 826 990 difficultate,
858 938 1251 991 quemadmodum
1272 944 1316 978 et
1344 937 1569 990 plurimae
1591 936 1746 976 multis
1776 947 1884 977 cum

245 1012 504 1065 lachrymis
525 1018 634 1053 sunt
653 1011 828 1052 nostris
843 1011 1016 1051 fassae.
1035 1009 1085 1051 Si
1101 1010 1289 1062 quando
1307 1009 1430 1050 enim
1453 1009 1662 1049 ieiunant
1680 1013 1759 1048 aut
1776 1019 1881 1048 con-

247 1083 435 1125 fitentur
457 1084 681 1134 crebrius,
707 1095 733 1123 a
755 1082 911 1123 multis
939 1081 1232 1131 deridentur,
1255 1080 1320 1121 ita
1342 1088 1392 1121 vt
1419 1081 1509 1121 hac
1539 1080 1721 1120 ratione
1750 1079 1885 1131 pleri-

247 1169 336 1209 que
359 1168 464 1197 cum
484 1155 739 1196 Nicodemo
756 1154 816 1195 ad
834 1153 1179 1194 confessionem
1195 1159 1239 1193 et
1257 1153 1489 1205 colloquia
1506 1158 1775 1192 nostrorum
1791 1162 1884 1191 non

247 1228 338 1268 nisi
358 1227 519 1268 furtim
541 1226 767 1267 accedere
789 1225 1010 1266 audeant.

328 1299 450 1340 Male
471 1299 595 1339 enim
624 1298 748 1351 apud
773 1298 946 1349 vulgus
976 1296 1214 1348 audimus,
1246 1301 1493 1348 postquam
1528 1295 1891 1335 concionatores

248 1372 438 1424 quidam
471 1370 562 1411 huc
597 1375 915 1421 accesserunt,
955 1369 1033 1421 qui
1067 1368 1302 1420 placentia
1335 1368 1505 1420 populo
1539 1371 1807 1418 proponunt
1845 1371 1889 1406 et

250 1454 544 1496 quacumque
567 1442 748 1483 ratione
769 1447 966 1494 possunt
989 1452 1076 1481 nos
1104 1439 1285 1480 cunctis
1314 1450 1485 1482 exosos
1515 1438 1730 1479 reddunt.
1762 1437 1889 1478 Haec

249 1522 406 1557 autem
426 1515 526 1556 fieri
546 1521 597 1555 Vt
618 1514 823 1555 maxime
844 1519 1039 1566 propter
1061 1512 1186 1553 hunc
1208 1512 1432 1564 populum
1453 1510 1686 1561 dolemus,
1710 1509 1775 1550 ita
1807 1521 1885 1549 no-

249 1594 347 1629 stra
369 1600 427 1628 ex
447 1593 582 1640 parte
601 1586 878 1638 gaudemus,
903 1584 1027 1636 quod
1049 1584 1179 1636 digni
1210 1583 1468 1624 habeamur
1498 1581 1673 1634 aliquid
1701 1580 1890 1622 aduersi

250 1672 335 1712 pro
357 1660 546 1700 nomine
569 1658 744 1699 Christi
765 1657 877 1709 pati.
901 1656 1006 1697 Non
1028 1656 1151 1696 enim
1173 1656 1325 1695 solum
1345 1654 1502 1695 verbis
1522 1665 1609 1693 nos
1627 1654 1749 1693 clam
1768 1652 1890 1693 lace-

250 1738 370 1783 rant,
396 1731 479 1772 sed
500 1736 544 1771 et
564 1729 797 1781 lapidibus
819 1727 1054 1769 fenestras
1076 1727 1398 1768 cubiculorum
1418 1731 1688 1766 nostrorum
1709 1736 1764 1765 ac
1781 1731 1891 1765 tem-

250 1804 315 1856 pli
335 1802 653 1853 confringunt.
676 1800 727 1841 In
749 1812 933 1841 summa
955 1800 1002 1840 id
1023 1799 1156 1840 multi
1178 1798 1467 1839 contendunt
1489 1809 1546 1837 ac
1566 1796 1822 1837 moliuntur
1842 1801 1894 1835 vt

250 1875 457 1930 Jesuitae
497 1873 580 1925 (sic
620 1873 743 1913 enim
782 1883 869 1913 nos
908 1870 1164 1923 appellant)
1205 1869 1553 1922 quamprimum
1592 1869 1701 1908 hinc
1742 1867 1896 1919 expel-

253 1949 426 1988 lantur.

333 2019 599 2069 Caeterum,
619 2030 710 2070 quo
727 2017 880 2069 magis
898 2021 1099 2056 conatur
1116 2015 1316 2055 daemon
1332 2025 1416 2065 per
1433 2025 1544 2053 suos
1561 2011 1787 2052 satellites
1804 2009 1897 2050 fru-

258 2098 387 2133 ctum
407 2092 581 2132 bonum
602 2088 845 2142 impedire,
869 2095 1140 2128 nostrorum
1172 2085 1549 2126 aestimationem
1576 2081 1898 2134 deprimendo,

257 2175 312 2204 eo
334 2163 488 2214 magis
510 2161 635 2214 apud
655 2160 831 2213 probos
847 2159 964 2200 bene
981 2158 1212 2206 audimu5‚
1236 2169 1292 2197 ac
1308 2156 1488 2196 fructus
1505 2155 1693 2207 pietatis
1711 2153 1897 2194 crescit.

258 2235 380 2276 Nam
401 2240 445 2274 et
469 2245 605 2274 sacra
625 2237 788 2272 nostra
810 2230 1017 2283 quotidie
1046 2230 1203 2281 plures
1226 2228 1477 2278 accedunt,
1509 2234 1552 2267 et
1583 2230 1898 2272 sacramenta,

257 2312 308 2347 vt
330 2306 550 2356 diximus
573 2303 872 2356 frequentant
893 2303 1033 2352 longe
1054 2300 1279 2341 crebrius.
1303 2298 1393 2340 Sed
1410 2299 1517 2339 nolo
1537 2297 1609 2337 his
1630 2296 1802 2337 diutius
1819 2296 1899 2336 im-

260 2377 436 2418 morari
462 2382 513 2417 vt
540 2375 728 2428 pietatis
759 2373 910 2415 officia
941 2385 968 2413 a
996 2371 1171 2413 nostris
1198 2371 1405 2411 exhibita
1432 2369 1658 2410 nonnulla
1695 2367 1903 2408 breuiter

261 2449 616 2499 subiungamus.
639 2446 928 2497 Frequenter
951 2443 1010 2484 ad
1030 2443 1241 2484 infirmos
1269 2447 1578 2482 accersuntur
1599 2439 1771 2489 nostri,
1807 2438 1901 2490 qui-

261 2522 460 2561 buscum
490 2524 534 2559 et
561 2523 841 2570 pernoctant
868 2514 1078 2565 subinde,
1112 2520 1157 2554 et
1191 2512 1447 2553 salutiferis
1477 2523 1559 2552 eos
1592 2510 1905 2551 sacramentis

266 2592 480 2633 muniunt
501 2601 676 2641 magna
699 2600 805 2629 cum
827 2588 1037 2640 ipsorum
1059 2584 1380 2626 consolatione
1402 2590 1447 2624 et
1470 2583 1668 2623 aliorum
1690 2580 1903 2622 aedifica-

264 2664 406 2704 tione.
442 2662 550 2703 Fuit
585 2668 629 2702 et
664 2661 710 2700 in
746 2660 852 2700 aula
888 2657 1096 2699 Sere.111ae
1129 2655 1340 2707 Reginae
1379 2654 1632 2695 Bohemiae
1668 2652 1679 2673 ¹
1716 2653 1907 2705 quidam

267 2734 423 2774 Turca
444 2739 598 2774 aetate
618 2732 712 2772 iam
733 2735 979 2783 prouecta,
1010 2729 1090 2781 qui
1123 2740 1149 2768 a
1180 2726 1384 2778 quodam
1413 2725 1613 2766 fratrum
1634 2731 1904 2765 nostrorum

270 2805 590 2846 catechizatus
612 2810 655 2844 et
677 2802 834 2843 multis
856 2799 1266 2842 adhortationibus
1296 2798 1342 2838 in
1372 2796 1576 2838 Domino
1605 2795 1909 2836 confirmatus

322 2965 334 2986 ¹
374 2965 462 2993 Vide
478 2972 597 2999 supra.
609 2971 687 2999 pag.
700 2963 768 2998 390,
782 2967 899 2991 annot.
916 2963 940 2989 J.
