2047 3179
245 162 317 200 558
761 163 988 201 LITTERAE
1015 174 1375 207 QUADRIMESTRES

247 271 307 300 ex
328 260 484 300 multis
505 271 838 311 proponamus,
859 267 959 301 erat
975 261 1049 301 vir
1066 262 1256 313 quidam
1269 261 1520 302 admodum
1536 261 1779 312 factiosuS,
1804 263 1882 314 qui

247 343 422 383 graues
438 331 708 372 inimicitias
729 333 995 382 exercebat,
1016 334 1362 384 multorumque
1380 334 1659 384 sanguinem
1678 334 1884 385 quotidie

246 404 449 454 sitiebat,
474 415 709 455 quumque
730 404 769 443 is
791 404 848 443 ab
876 416 970 444 vno
998 416 1056 444 ex
1085 405 1259 444 nostris
1288 404 1506 445 Patribus
1531 411 1582 445 vt
1602 411 1782 445 tantam
1803 406 1883 445 im-

246 475 470 526 pietatem
492 474 748 525 deponeret
769 475 1099 526 impelleretur,
1126 487 1381 527 numquam
1401 476 1491 527 piis
1524 476 1715 516 monitis
1736 477 1885 517 voluit

249 547 566 599 acquiescere3
590 551 699 587 tunc
722 545 861 586 Pater
884 547 958 586 ille
980 546 1174 587 addidit:
1201 547 1315 587 “nisi
1342 547 1433 587 hoc
1460 547 1644 597 feceris,
1668 548 1800 588 breui
1822 548 1883 588 di-

247 619 406 659 uinam
427 621 653 660 Vltionem
675 619 976 671 experieris„:
996 629 1137 670 quam
1159 618 1572 658 comminationem
1589 619 1664 658 ille
1682 625 1883 659 contem-

249 691 340 742 psit
369 698 414 731 et
442 691 738 731 obstinatiori
767 690 921 730 animo
954 690 1000 730 in
1029 696 1226 741 peccato
1259 691 1594 741 perseuerauit.
1627 690 1718 731 Sed
1748 690 1888 731 Pater

249 763 680 803 misericordiarum
712 769 756 802 et
784 762 913 802 Deus
941 761 1083 801 totius
1105 761 1461 811 consolationis,
1488 762 1566 813 qui.
1595 764 1695 802 vult
1726 774 1889 802 omnes

250 835 463 875 homines
494 835 651 874 saluos
682 833 796 882 fieri,
829 840 879 872 Vt
910 832 1039 873 illum
1070 833 1290 872 educeret
1320 832 1376 872 de
1408 833 1614 873 tenebris
1647 840 1690 873 et
1721 834 1886 874 vmbra

247 906 427 955 mortis,
453 905 783 946 ardentissima
804 905 921 945 febri
943 905 1179 945 hominem
1197 905 1423 953 visitauit,
1447 905 1509 944 ita
1523 914 1573 945 vt
1595 905 1717 945 inter
1734 906 1888 946 incen-

248 978 326 1018 dia
345 983 542 1018 mortem
566 977 707 1017 etiam
728 977 1071 1016 extimesceret.
1094 976 1170 1016 Ad
1191 976 1426 1016 saniorem
1441 976 1584 1027 igitur
1602 983 1801 1017 mentem
1820 989 1886 1018 re—

249 1061 431 1097 uersus,
461 1061 653 1088 manum
680 1048 872 1088 Domini
900 1047 1110 1098 agnouit,
1141 1053 1199 1098 et,
1228 1047 1482 1087 verborum
1511 1047 1666 1088 Patris
1693 1060 1886 1096 memor,

250 1121 379 1161 illum
396 1131 570 1171 magna
594 1119 842 1160 deuotione
863 1110 1049 1168 acciuit,
1074 1125 1118 1159 et
1140 1130 1246 1159 cum
1268 1119 1525 1158 abundanti
1547 1119 1683 1170 copia
1704 1120 1890 1171 lachry-

250 1204 434 1232 marum
462 1183 659 1243 p'eccata
682 1203 765 1231 sua
791 1196 860 1230 est
888 1190 1146 1240 consessus,
1182 1202 1461 1242 omnemque
1491 1190 1705 1230 odiorum
1734 1203 1889 1231 cumu-

250 1265 346 1304 lum
369 1263 553 1303 abiecit:
578 1275 698 1315 quae
726 1275 802 1302 res
823 1268 867 1302 et
898 1262 963 1302 illi
983 1262 1073 1313 ipsi
1094 1268 1138 1302 et
1160 1262 1263 1302 aliis
1292 1262 1450 1302 multis
1478 1262 1736 1312 perfectam
1764 1263 1891 1302 laeti-

250 1337 367 1377 tiam
389 1335 699 1386 comparauit.

332 1407 491 1448 Solent
518 1407 683 1447 Patres
706 1418 761 1446 ac
780 1406 952 1446 fratres
974 1404 1239 1445 huiusmodi
1261 1405 1667 1445 exhortationibus
1695 1412 1739 1445 et
1770 1404 1889 1445 infir-

252 1491 437 1520 morum
458 1478 808 1520 visitationibus
835 1478 936 1517 Deo
968 1483 1012 1518 et
1039 1477 1270 1529 proximis
1296 1476 1492 1517 fideliter
1523 1466 1783 1528 deseruire,
1815 1477 1891 1517 tri·

251 1552 554 1602 buissentque
577 1550 799 1589 continuo
819 1549 942 1589 hanc
963 1560 1156 1600 operam
1182 1548 1460 1599 degentibus
1481 1548 1526 1588 in
1548 1548 1783 1600 hospitali,
1804 1549 1894 1589 nisi

254 1623 470 1675 publicae
491 1634 547 1661 ac
569 1621 784 1673 priuatae
806 1620 1140 1672 occupationes
1162 1620 1466 1660 obstitissent.
1502 1619 1570 1659 Ea
1592 1626 1750 1659 tamen
1779 1632 1893 1660 cura

254 1694 539 1734 demandata
562 1700 630 1733 est
664 1699 865 1744 quatuor
893 1691 1218 1732 sacerdotibus
1245 1691 1518 1741 lauretanis‚
1552 1691 1645 1742 qui,
1677 1692 1895 1743 quamuis

252 1765 558 1806 concionibus
581 1771 624 1804 et
653 1763 1058 1804 adhortationibus
1089 1775 1183 1802 non
1214 1774 1269 1802 ea
1292 1763 1448 1802 omnia
1481 1770 1735 1814 praestent,
1771 1775 1890 1815 quae

253 1837 403 1878 nostri
438 1843 682 1888 praestare
717 1836 944 1884 solebant,
978 1835 1043 1875 ita
1071 1841 1228 1874 tamen
1258 1846 1307 1874 se
1342 1841 1527 1885 gerunt,
1561 1841 1612 1874 vt
1642 1835 1895 1875 commisso

254 1908 436 1948 muneri
457 1907 732 1947 satisfacere
753 1907 1021 1947 videantur.

332 1980 383 2020 In
404 1981 577 2030 templo
599 1979 908 2019 Beatissimae
924 1977 1137 2028 Virginis
1155 1977 1343 2017 habitae
1361 1983 1468 2016 sunt
1491 1977 1742 2017 conciones
1765 1983 1893 2029 quot-

252 2058 364 2103 quot
387 2051 549 2091 haberi
572 2051 747 2101 placuit
769 2050 971 2090 Domino
996 2048 1314 2090 Gubernatori
1339 2047 1363 2089 ¹:
1387 2048 1434 2088 in
1457 2048 1608 2088 media
1639 2049 1780 2088 etiam
1803 2049 1897 2100 pla-

254 2129 330 2163 tea
352 2129 396 2163 et
418 2123 463 2162 in
492 2123 678 2174 porticu
705 2121 869 2174 palatii
897 2120 1166 2161 concionati
1188 2126 1293 2160 sunt
1322 2119 1496 2159 fratres
1517 2125 1684 2159 contra
1714 2119 1898 2159 histrio-

253 2207 337 2234 nes
358 2201 402 2234 et
429 2194 732 2246 impostores,
763 2204 946 2232 necnon
975 2197 1140 2232 contra
1168 2191 1441 2231 saltantium
1472 2191 1720 2231 mulierum
1750 2198 1896 2231 cater-

254 2277 354 2306 uas.
380 2264 507 2306 Solet
530 2265 653 2304 enim
676 2265 874 2304 daemon
891 2264 938 2303 in
955 2262 1140 2314 magnis
1157 2262 1437 2314 populorum
1454 2262 1760 2302 concursibus
1778 2263 1898 2313 psal-

252 2337 447 2378 tatrices
481 2337 700 2377 mulieres
727 2336 785 2376 ad
816 2336 1014 2375 choreas
1049 2334 1113 2374 ita
1149 2334 1463 2380 inflammare,
1503 2340 1554 2373 vt
1582 2333 1628 2373 in
1662 2333 1895 2385 tripudiis,

255 2409 472 2450 cantibus
493 2415 537 2448 et
560 2407 769 2460 cytharis
796 2413 958 2447 noctes
985 2407 1224 2446 insomnes
1254 2405 1524 2451 traducant3
1549 2406 1760 2456 soletque
1790 2405 1898 2445 talis

257 2482 433 2521 abusus
463 2481 717 2520 multorum
748 2478 1081 2519 scandalorum
1113 2477 1361 2517 materiam
1391 2476 1770 2527 subministrare,
1803 2476 1900 2527 qui-

257 2553 358 2603 bus,
384 2558 610 2604 quantum
631 2551 677 2591 in
698 2551 832 2591 nobis
854 2557 937 2599 est,
962 2549 1156 2589 obviare
1177 2559 1433 2598 numquam
1455 2546 1726 2587 desinimus.

337 2623 603 2664 Literarum
627 2622 797 2672 studia,
821 2627 919 2661 tum
940 2621 1166 2661 librorum
1188 2619 1399 2671 penuria,
1423 2624 1523 2658 tum
1544 2618 1820 2658 tumultibus
1841 2630 1899 2658 ex

258 2701 409 2735 morte
431 2695 628 2735 duorum
650 2693 927 2734 Pontificum
955 2691 969 2710 ²
999 2691 1263 2740 concitatiS,
1293 2696 1391 2730 tum
1418 2690 1618 2742 denique
1639 2689 1896 2729 mutatione

255 2767 399 2806 totius
420 2766 517 2806 fere
539 2765 737 2816 Collegii
758 2764 1051 2804 Recanatum
1071 2762 1084 2780 ³
1105 2768 1299 2814 propter
1331 2761 1454 2801 aeris
1480 2760 1804 2812 intemperiem
1834 2759 1902 2800 fa·

312 2903 320 2922 ¹
364 2902 501 2937 Gaspar
516 2903 556 2929 de
572 2901 703 2929 Doctis.
720 2901 807 2929 Vide
823 2901 972 2928 POLANCI
989 2899 1124 2933 Chron„
1138 2903 1166 2927 t.
1184 2905 1229 2933 xv,
1244 2906 1324 2933 pag.
1338 2898 1384 2932 46,
1404 2901 1519 2926 annot.
1535 2897 1560 2924 1.

313 2951 327 2969 2
364 2950 443 2983 Julii
462 2950 507 2976 111
523 2954 556 2977 et
573 2949 724 2977 Marcelli
743 2949 788 2977 ΙΙ.

314 2998 328 3016 ⁵
366 2997 544 3026 Recanati.
560 3005 665 3031 prope
682 2996 900 3023 Adriaticum
916 3002 1018 3022 mare.
