2047 3179
868 134 905 170 A
913 144 949 170 N.
981 133 1071 170 1555
1709 133 1781 171 769

150 232 386 272 hominem
413 242 548 271 suum
577 242 680 270 esse
706 229 925 280 negabat,
949 229 1030 269 sed
1052 229 1240 269 Domini
1259 229 1521 269 Cardinalis
1537 242 1639 269 esse
1657 230 1777 270 dicc-

151 304 243 353 bat3
273 314 322 342 se
349 302 585 342 hominem
611 312 712 341 esse
742 301 1012 351 religiosum
1043 307 1086 340 et
1117 311 1384 351 pauperem,
1415 312 1500 340 nec
1531 301 1782 351 quicquam

154 374 324 414 habere
359 385 444 413 nec
475 373 646 413 habere
678 373 812 412 vellc.
850 371 1048 411 Dicebat
1082 371 1220 410 etiam
1257 371 1392 410 fratri
1426 378 1476 411 vt
1511 372 1783 412 sacerdotes

155 456 249 494 eos,
274 444 397 495 apud
418 456 533 495 quos
554 443 886 491 diuersaretur,
911 453 1207 482 commonere
1227 440 1404 482 faceret
1425 453 1496 491 ne,
1522 453 1628 482 curn
1649 455 1698 483 se
1721 444 1780 483 al-

156 517 476 566 loquerentur,
507 525 675 554 nomen
702 513 811 564 hoc,
844 512 1074 562 videlicet,
1105 511 1304 552 §enoria
1333 520 1630 563 vsurparent,
1660 514 1784 564 quod

157 598 324 626 nomen
354 585 601 637 Episcopis
630 590 821 636 propter
852 583 1131 634 dignitatem
1159 583 1215 623 ab
1243 583 1455 623 omnibus
1483 583 1625 623 tribui
1650 585 1783 624 solet.

158 656 380 696 Faciebat
402 662 646 706 praeterea
667 661 718 695 vt
739 654 945 706 hospites
966 654 1102 694 simul
1123 654 1467 704 accumberent,
1500 661 1543 694 et
1564 666 1656 694 una
1679 666 1787 695 cum

158 729 224 767 eis
246 728 399 767 cibum
418 727 647 778 capiebat,
671 737 924 777 eorumque
940 725 1173 765 neminem
1193 725 1280 765 sibi
1296 725 1590 765 accumbenti
1608 732 1688 765 aut
1705 726 1788 766 mi-

157 799 359 838 nistrare
386 804 465 837 aut
494 797 633 837 etiam
659 803 800 848 caput
831 796 1013 848 aperire
1040 795 1237 846 sinebat,
1269 807 1412 847 seque
1443 796 1530 836 sibi
1560 796 1787 848 optimum

159 869 525 909 ministratorem
546 880 648 908 esse
669 867 866 907 dicebat.
891 866 1084 918 Quoties
1105 867 1438 918 occupationes
1455 867 1685 918 sinebant,
1711 880 1786 907 au-

150 940 315 980 diebat
343 938 675 980 confessiones.
707 938 825 978 Cum
855 938 902 978 in
929 937 1099 989 oppida
1128 944 1406 989 peruentum
1436 944 1552 989 erat,
1582 944 1713 978 recta
1740 950 1790 978 se

163 1010 431 1051 conferebat
452 1010 498 1049 in
518 1010 755 1061 templum,
780 1009 933 1060 ibique
957 1009 1114 1048 statim
1135 1014 1215 1049 aut
1237 1009 1504 1049 chrismatis
1526 1021 1792 1050 sacramen-

163 1088 209 1121 to
230 1081 459 1131 initiabat,
479 1085 558 1120 aut
575 1080 943 1120 concionabatur
957 1079 1038 1130 eis,
1057 1079 1182 1131 apud
1199 1091 1314 1131 quos
1331 1080 1671 1130 diuersabatur,
1692 1081 1795 1132 pias

155 1152 393 1203 >quasdam
426 1150 650 1203 precandi
684 1151 788 1190 vias
822 1151 1119 1201 rationesque
1154 1150 1384 1201 tradebat,
1422 1162 1504 1191 eos
1534 1152 1794 1193 instruebat

165 1235 256 1274 qua
277 1222 459 1263 ratione
480 1228 524 1262 et
550 1227 747 1273 peccata
774 1221 924 1261 vitare
945 1227 1135 1273 possent
1161 1227 1206 1261 et
1233 1222 1409 1262 aditum
1430 1222 1517 1262 sibi
1544 1224 1591 1263 in
1613 1224 1796 1264 coelum

170 1293 437 1344 patefacere
458 1294 684 1349 valerent.
708 1292 836 1332 Haec
860 1292 1002 1343 igitur
1019 1293 1228 1344 negotia,
1250 1293 1416 1344 siquid
1433 1295 1657 1345 temporis
1675 1306 1793 1346 supe

166 1370 308 1415 rerat,
332 1375 438 1404 cum
454 1364 713 1415 hospitibus
734 1363 829 1403 suis
846 1364 1031 1414 agebat;
1046 1376 1186 1415 saepe
1204 1364 1344 1404 etiam
1361 1365 1418 1404 ab
1438 1376 1530 1405 uno
1555 1365 1727 1417 oppido
1744 1367 1790 1407 in

169 1435 294 1475 aliud
315 1435 402 1475 iter
422 1435 615 1486 pedibus
636 1434 853 1475 faciebat.

249 1506 396 1546 Multa
417 1506 523 1556 alia,
547 1505 686 1545 Pater
708 1506 916 1556 colende,
936 1512 1193 1557 praetereO,
1214 1518 1333 1558 quae
1350 1507 1479 1547 Deus
1498 1514 1591 1559 opt.
1612 1520 1736 1549 max.
1751 1509 1797 1549 in

169 1579 260 1618 hoc
280 1577 718 1628 Archiepiscopatu,
752 1575 905 1617 Patris
926 1577 1146 1629 Episcopi
1177 1589 1319 1629 opera
1341 1589 1466 1629 usus,
1495 1579 1662 1631 effecit3
1691 1581 1806 1620 mul-

175 1657 223 1689 ta
257 1648 399 1688 etiam
432 1647 753 1699 praetermitto
789 1648 845 1688 de
879 1649 977 1687 eius
1011 1649 1269 1699 praeclaris
1303 1649 1570 1701 uirtutibus,
1607 1662 1805 1702 quarum

176 1719 424 1770 splendore
445 1719 577 1759 multi
597 1719 656 1759 ad
676 1719 861 1759 uirtutis
882 1730 1091 1759 amorem
1111 1720 1389 1760 excitantur.
1413 1719 1703 1772 Praepotens
1731 1722 1808 1762 illc

177 1791 320 1841 Deus,
339 1802 365 1830 a
387 1802 477 1842 quo
494 1790 650 1830 omnia
666 1790 782 1830 haec
799 1796 1038 1841 tamquam
1055 1802 1081 1830 a
1097 1791 1292 1842 perenni
1313 1791 1515 1842 quodam
1536 1792 1661 1832 fonte
1683 1804 1805 1833 ema·

177 1867 306 1912 nant,
329 1861 464 1901 nobis
485 1861 531 1901 id
551 1861 796 1912 largiatur,
820 1867 871 1901 vt
890 1867 986 1901 tam
1007 1861 1269 1912 singulares
1290 1862 1487 1903 uirtutes
1509 1863 1682 1903 imitari
1702 1876 1807 1915 pos-

170 1935 337 1975 simus.

260 2005 479 2046 Calendis
511 2004 729 2045 Octobris
764 2005 1044 2056 principium
1079 2005 1337 2046 studiorum
1368 2006 1413 2046 in
1441 2007 1589 2047 nostri
1624 2009 1809 2060 collegii

183 2077 404 2128 peristylo
427 2076 712 2116 celebratum
730 2082 815 2115 est.
839 2075 984 2115 Erant
1002 2076 1174 2115 multae
1190 2077 1441 2126 orationes,
1463 2090 1570 2118 cum
1590 2091 1809 2132 magnae,

183 2155 281 2189 tum
300 2147 440 2187 etiam
457 2147 602 2187 variis
620 2146 852 2186 coloribus
870 2146 1106 2198 literisque
1123 2153 1332 2199 ornatae,
1350 2148 1606 2199 parietibus
1626 2149 1810 2202 affixae,

184 2230 352 2259 versus
385 2218 526 2258 etiam
559 2223 920 2269 praeceptorum
953 2223 997 2257 et
1033 2217 1367 2269 discipulorum
1400 2219 1585 2260 circiter
1617 2220 1733 2273 1800,
1766 2223 1815 2263 in

179 2289 354 2341 quibus
374 2288 520 2329 multa
540 2294 674 2328 erant
695 2288 1035 2339 epigrammata
1067 2289 1113 2327 in
1141 2289 1325 2329 laudem
1356 2288 1587 2331 Dominae
1608 2298 1814 2344 nostrae,

187 2367 233 2401 et
253 2360 452 2400 aliorum
472 2359 716 2409 Diuorum;
739 2359 962 2398 nonnulla
993 2359 1040 2398 in
1059 2358 1288 2411 Principis
1316 2360 1582 2401 Cardinalis
1612 2363 1815 2416 laudem,

189 2433 334 2472 multa
356 2431 496 2471 etiam
522 2430 578 2470 de
599 2429 861 2480 uirtutibus;
886 2441 1084 2481 quorum
1105 2430 1275 2481 partim
1297 2431 1525 2472 columnis
1545 2434 1718 2484 partim
1737 2447 1821 2486 pa-

190 2503 384 2543 rietibus
405 2501 544 2541 affixa
564 2506 712 2540 erant.
736 2500 874 2540 Mane
895 2507 1067 2551 autem,
1090 2500 1303 2541 confecto
1325 2502 1495 2542 missae
1513 2515 1666 2555 sacro,
1686 2505 1821 2546 scho-

190 2573 344 2614 lastici
365 2572 422 2612 ad
445 2572 681 2612 orationes
708 2577 1042 2622 conuenerunt,
1074 2577 1212 2622 atque
1239 2572 1302 2612 ibi
1329 2573 1529 2624 primum
1560 2575 1822 2628 aliquantu-

192 2645 287 2684 lum
307 2643 619 2695 disputarunt,
643 2641 809 2682 deinde
831 2641 1043 2693 dialogus
1066 2642 1255 2694 quidam
1271 2650 1403 2684 actus
1420 2650 1504 2695 est,
1524 2646 1736 2687 oratione
1752 2660 1825 2689 so-

191 2716 288 2755 luta
311 2714 528 2766 scriptus,
552 2713 731 2753 facetus
747 2719 791 2752 et
808 2713 1013 2764 eleganS,
1033 2720 1075 2753 et
1092 2713 1382 2754 auditoribus
1400 2715 1651 2756 admodum
1666 2717 1822 2759 iocun—

193 2786 300 2826 dus.
331 2784 554 2826 Permulti
585 2784 709 2824 enim
739 2783 1000 2835 adfuerunt,
1034 2784 1257 2836 multique
1289 2797 1489 2837 magnae
1524 2788 1828 2830 authoritatis

196 2857 304 2897 uiri.
327 2856 538 2907 Vespere
559 2866 674 2895 vero
694 2854 981 2906 frequentior
1011 2855 1250 2895 hominum
1277 2857 1523 2898 multitudo
1546 2862 1765 2901 conuenit
1787 2870 1832 2902 et

200 2927 348 2967 multo
366 2926 594 2967 celebrior
609 2925 655 2965 in
672 2931 884 2966 nostrum
901 2926 1148 2977 collegium
1165 2938 1424 2968 concursus
1443 2935 1510 2969 cst
1527 2929 1695 2972 factus.
1716 2932 1835 2973 Nam

397 3004 446 3039 T.
468 3016 510 3040 111
1587 3019 1633 3054 49
