2047 3179
236 117 309 156 382
756 120 984 160 LITTERAE
1003 134 1363 166 QUADRIMESTRES

236 215 501 257 dicatorum
541 218 652 268 viri,
694 218 922 270 Magister
960 220 1190 261 Canarius
1234 220 1243 239 ¹
1285 227 1328 261 et
1363 221 1592 273 Magister
1627 224 1875 267 Vicentius

240 286 430 328 Caluus.
467 288 631 340 Agunt
662 290 907 331 dialectice
947 298 992 331 et
1026 291 1289 342 theologice
1328 294 1471 333 semel
1511 300 1649 346 atque
1689 295 1872 338 iterum:

233 358 409 399 frustra
429 366 588 401 tamen
609 361 933 401 efficacissima
963 373 1048 401 sua
1083 370 1364 412 argumenta
1394 371 1682 415 proponunt;
1709 367 1873 408 obcae-

234 436 392 471 catum
415 431 537 471 enim
558 439 660 472 erat
695 443 776 472 cor
807 433 941 472 illius.
975 432 1110 473 Mane
1132 434 1262 474 solus
1291 433 1336 474 Ρ.
1361 434 1564 485 XuareZ,
1590 437 1664 477 cui
1686 438 1786 489 ipse
1809 439 1867 479 ab

232 501 405 542 auditis
432 503 728 543 contionibus
758 510 859 543 erat
887 503 1099 554 affectus,
1124 504 1328 556 quadam
1350 507 1486 546 suaui
1509 508 1871 550 ratiocinatione

229 573 336 613 illuc
358 585 464 614 eum
485 574 686 624 deducit,
710 582 761 615 vt
783 581 967 626 optaret
989 582 1033 616 et
1055 587 1114 616 ex
1135 576 1290 617 animo
1319 583 1497 628 peteret
1519 590 1544 617 a
1566 578 1769 620 Domino
1793 581 1869 620 do-

230 644 430 685 ctrinam
460 652 503 685 et
532 646 659 685 viam
685 646 872 686 salutis:
903 646 1020 686 haec
1057 653 1277 698 precatus
1312 648 1389 688 illa
1420 655 1557 688 nocte
1585 650 1776 700 quieuit:
1799 663 1869 692 se-

227 716 387 767 quenti
408 728 522 756 vero
545 717 632 767 die,
657 717 851 757 exordio
874 718 998 758 facto
1020 730 1046 758 a
1067 723 1298 770 potestate
1317 717 1496 759 Summi
1513 719 1767 773 Pontificis,
1792 722 1866 763 de·

227 785 393 828 doctus
415 794 485 828 est
507 799 692 828 errores
712 788 920 839 Lutheri,
941 789 1105 841 hisque
1127 789 1341 830 omnibus
1358 789 1600 841 abjuratis,
1623 793 1869 835 confessus

226 864 297 899 est
329 865 544 900 sanctam
565 859 828 900 Ecclesiam
859 860 1154 900 catholicam:
1185 868 1230 901 et
1259 860 1402 901 dilata
1431 874 1513 913 per
1539 861 1720 913 judices
1742 865 1867 906 latae

226 930 484 971 sententiae
520 931 815 982 executione,
853 932 1032 971 reuelat
1061 943 1146 971 sua
1177 932 1374 972 crimina
1406 935 1618 984 sequenti
1652 942 1790 976 nocte
1819 942 1864 977 et

222 1008 412 1054 postero
435 1001 508 1042 die
529 1002 716 1043 circiter
739 1003 905 1054 viginti
932 1003 1064 1043 horis
1085 1002 1113 1054 ²,
1143 1015 1253 1044 nam
1274 1004 1383 1044 totis
1404 1004 1599 1056 triginta
1621 1017 1705 1046 sex
1728 1007 1864 1047 annis

221 1074 488 1126 praeteritis
509 1086 749 1126 nunquam
771 1074 1014 1115 confessus
1035 1074 1203 1116 fuerat:
1241 1082 1285 1116 et
1318 1077 1530 1128 sequenti
1551 1077 1623 1117 die
1655 1077 1700 1117 in
1724 1078 1863 1119 altari

219 1146 408 1197 publico
443 1146 665 1196 carceriS,
703 1146 863 1186 audita
898 1147 1056 1194 missa,
1095 1145 1317 1198 abjurans
1351 1148 1534 1198 publice
1570 1160 1776 1200 errores,
1817 1157 1863 1189 et

221 1218 465 1258 confessus
487 1217 747 1258 catholicas
768 1218 1008 1268 veritates,
1028 1218 1233 1270 suscepit
1250 1218 1578 1259 Eucharistiae
1596 1231 1860 1261 sacramen-

218 1295 331 1329 tum.
355 1288 441 1329 His
462 1289 690 1330 successit
714 1289 878 1329 concio
900 1288 1054 1329 Patris
1076 1289 1317 1341 Baptistae
1352 1291 1395 1329 in
1425 1291 1689 1342 gratiarum
1719 1293 1859 1332 actio-

217 1372 340 1401 nem:
368 1372 488 1413 quae
516 1361 672 1400 omnia
710 1361 946 1401 maximae
976 1361 1105 1401 fuere
1134 1361 1338 1401 laetitiae
1371 1369 1510 1414 atquc
1545 1363 1858 1404 aedificationi

216 1444 311 1473 non
332 1433 483 1472 solum
506 1433 591 1472 toti
622 1433 819 1483 carceri,
851 1433 933 1473 sed
963 1433 1104 1473 etiam
1133 1444 1336 1484 magnae
1358 1434 1481 1485 parti
1503 1434 1722 1475 ciuitatis.
1744 1435 1854 1476 Post

216 1505 333 1545 haec
362 1505 523 1545 detulit
554 1504 612 1544 ad
641 1504 943 1556 inquisitores
973 1505 1149 1556 aliquot
1185 1505 1341 1545 delicti
1373 1505 1444 1545 sui
1472 1506 1740 1558 complices,
1766 1519 1858 1559 quo

214 1576 423 1617 futurum
445 1576 491 1616 in
514 1576 716 1616 Domino
734 1587 981 1628 speramus
999 1576 1314 1628 colligendam
1332 1588 1434 1617 esse
1453 1578 1696 1627 zizaniam,
1718 1590 1859 1630 quam

213 1648 289 1688 ille
306 1648 524 1688 inimicus
545 1647 684 1688 homo
706 1648 751 1688 in
774 1648 895 1688 hanc
913 1659 1098 1700 quoque
1120 1648 1362 1699 regionem
1383 1649 1721 1690 disseminauit.

293 1718 542 1759 Accedens
578 1725 825 1770 praeterea
860 1719 907 1759 P.
939 1719 1154 1771 Baptista
1184 1719 1417 1771 aliquibus
1446 1719 1612 1760 diebus
1642 1720 1774 1761 festis
1796 1722 1855 1761 ad

210 1791 320 1831 litus
340 1790 558 1841 fluminis,
589 1790 666 1830 ubi
694 1790 943 1831 multitudo
971 1791 1162 1831 nauium
1190 1797 1472 1841 remoratur,
1508 1798 1552 1831 et
1574 1791 1851 1832 exhortatus

210 1864 461 1904 naucleros
481 1862 804 1914 reliquamque
834 1863 1075 1903 nauticam
1102 1862 1449 1903 multitudinem
1471 1863 1530 1903 ad
1554 1874 1852 1904 sacramenta

209 1934 519 1975 consessionis
541 1941 585 1973 et
607 1934 925 1974 eucharistiae
946 1945 1042 1974 non
1065 1934 1166 1974 sine
1183 1934 1338 1974 fructu
1357 1935 1578 1985 maximo,
1598 1947 1708 1975 ecce
1730 1927 1853 1975 enim

207 2005 267 2046 ad
301 2017 387 2046 nos
418 2005 657 2046 confluunt
692 2005 855 2045 diebus
890 2006 1132 2057 paschatis
1166 2006 1298 2046 multi
1334 2006 1546 2046 homines
1581 2006 1848 2047 huiusmodi

207 2077 484 2118 confessuri.
508 2077 699 2127 Reperit
726 2077 867 2117 etiam
902 2088 1154 2129 puerorum
1189 2083 1431 2118 cateruam
1453 2076 1589 2128 juxta
1624 2077 1747 2118 idem
1767 2078 1849 2119 flu-

207 2161 328 2199 men,
345 2148 545 2189 fustibus
562 2160 725 2188 coram
740 2149 1010 2200 spectaculo
1028 2159 1202 2200 magno
1220 2150 1342 2189 Vltro
1363 2149 1574 2200 citroque
1592 2149 1851 2200 digladian-

205 2221 335 2271 tium,
361 2232 502 2272 quam
520 2219 584 2270 (ut
607 2219 768 2270 fertur)
792 2231 878 2260 nec
894 2220 1083 2260 lictores
1101 2220 1190 2272 ipsi
1212 2226 1429 2272 poterant
1447 2220 1700 2271 aliquando
1723 2232 1847 2261 com-

205 2292 424 2344 primere,
448 2297 492 2331 et
513 2291 696 2331 blandis
717 2291 1015 2332 sermonibus
1037 2291 1261 2342 alliciens,
1286 2292 1432 2332 veluti
1449 2303 1671 2343 pompam
1690 2304 1848 2343 quam-

205 2363 313 2404 dam
335 2363 462 2403 ducit
482 2373 564 2414 per
587 2362 789 2402 mediam
819 2362 996 2413 urbem,
1029 2362 1130 2414 ipso
1158 2362 1343 2403 dicente
1365 2370 1409 2403 et
1442 2363 1530 2403 illis
1562 2363 1847 2414 responden-

203 2435 326 2475 tibus
361 2434 641 2482 doctrinam,
671 2445 820 2486 vsque
849 2433 908 2474 ad
936 2433 1103 2474 domus
1135 2445 1411 2486 pauperum,
1435 2434 1515 2474 vbi
1543 2433 1689 2474 fustes
1711 2434 1758 2474 in
1778 2434 1844 2474 fa-

203 2517 306 2546 sces
328 2505 607 2557 congregati
637 2504 744 2545 foco
771 2516 1031 2556 pauperum
1058 2504 1357 2556 deputantur,
1382 2513 1427 2546 et
1448 2505 1596 2557 pueri,
1622 2517 1841 2554 sermone

203 2577 377 2627 habito,
410 2577 638 2616 benevole
673 2576 984 2625 dimittuntur,
1023 2576 1141 2617 adeo
1177 2576 1311 2616 nobis
1341 2576 1458 2616 bene
1481 2575 1649 2627 affecti,
1686 2583 1736 2616 ut
1767 2576 1844 2617 do-

202 2659 328 2688 mum
362 2659 511 2699 vsque
546 2652 759 2687 nostram
792 2646 956 2687 Patres
985 2647 1343 2698 comitarentur,
1378 2659 1434 2687 ac
1461 2654 1638 2699 postea,
1678 2647 1844 2687 relicta

201 2718 553 2769 digladiatione,
579 2718 781 2758 vltronei
805 2718 864 2759 ad
882 2717 1047 2758 Patres
1069 2719 1390 2759 conuenirent.

280 2788 438 2830 Simile
474 2790 795 2840 spectaculum
827 2789 1151 2840 gratissimum
1182 2788 1268 2829 fuit
1307 2789 1508 2837 ciuitati;
1547 2788 1840 2829 tantumdem

252 2903 267 2922 ⁴
304 2901 391 2929 Vide
408 2908 524 2935 supra,
540 2909 618 2935 pag.
635 2901 698 2931 378.
721 2905 838 2929 annot.
858 2902 882 2928 1.

252 2949 266 2969 5
305 2949 409 2976 Recte
427 2949 489 2975 hoc
506 2956 547 2975 cx
563 2949 707 2982 hispano
725 2949 908 2983 intelliges,
922 2956 1038 2983 supra,
1055 2956 1132 2983 pag.
1144 2948 1206 2976 378.
