2047 3179
210 155 281 193 612
727 153 955 191 LITTERAE
970 163 1330 197 QUADRJMESTRES

210 252 450 303 utriusque
472 251 656 302 collegii
679 251 825 291 literis
853 251 1034 302 plenius
1056 256 1099 290 et
1128 249 1410 290 cumulatius
1440 254 1657 300 poterunt
1687 249 1857 289 intelli-⁷

211 323 273 374 gi.
298 322 520 374 Reliquos
541 334 669 372 uero,
694 322 772 373 qui
793 322 932 362 simili
953 320 1186 361 desiderio
1209 326 1440 369 tenentur,
1474 319 1533 359 ad
1554 319 1752 359 uirtutes
1774 331 1848 359 ex-

213 394 448 442 colendas,
473 401 697 445 quantum
719 394 762 433 in
787 393 921 433 nobis
943 398 1028 439 est,
1053 392 1378 440 adnm-tamum
1404 402 1491 430 nee
1513 402 1698 430 omnem
1718 401 1848 442 pror-

212 477 292 506 sus
326 477 457 517 spem
486 465 689 505 abiicere
718 464 1046 516 permittimus.
1075 462 1329 514 Speramus
1357 462 1457 502 fore
1481 467 1739 511 unnostrae
1770 461 1848 501 ali-

213 537 400 589 quando
421 535 647 577 Societati
668 543 713 576 et
733 537 1024 576 incremento
1046 540 1091 573 et
1113 533 1375 574 accessioni
1396 533 1488 573 sint
1510 532 1667 572 futuri.

291 608 464 658 Habes,
490 607 742 648 admodum
764 605 1038 647 Reuerende
1060 603 1213 653 Pater,
1250 616 1370 656 quae
1393 604 1452 644 ad
1482 604 1568 644 has
1589 603 1846 655 quadrime-

213 686 334 720 stres
371 680 533 719 literas
571 679 805 730 pertinere
853 677 1148 717 uidebantur.
1191 675 1440 726 Reliquum
1479 681 1549 715 est
1598 682 1646 715 ut
1692 686 1850 714 rerum

213 752 420 791 omnium
442 750 626 790 auctori
656 760 740 799 pro
768 749 912 788 tantis
938 748 984 788 in
1006 759 1092 787 nos
1112 746 1349 787 benefieiis
1370 746 1585 797 ingentes
1605 746 1785 797 gratias
1807 752 1851 785 et

213 832 412 872 agamus
439 828 483 861 et
515 821 785 870 habeamus;
818 831 956 871 quem
983 830 1067 870 pro
1097 825 1175 859 tua
1204 818 1251 858 in
1272 829 1360 858 nos
1388 817 1560 868 pietate
1588 818 1773 868 precari
1794 829 1852 856 ne

212 893 415 942 desinas,
439 899 488 932 ut
510 893 599 932 hoe
621 891 900 932 confirmare
921 891 1047 939 uelit,
1071 888 1196 941 quod
1218 895 1440 940 operatus
1458 894 1526 928 est
1545 889 1591 928 in
1608 888 1755 928 nobis.
1777 888 1851 928 Ad

213 970 474 1005 extremum
503 969 731 1015 quotquot
766 962 1051 1013 Ulyssipone
1079 972 1240 1001 sumus
1273 972 1365 1000 non
1398 959 1618 1010 exiguam
1646 971 1775 1010 spem
1805 959 1851 998 in

213 1036 304 1076 tuis
326 1034 616 1075 orationibus
637 1041 680 1074 et
702 1033 948 1073 sacrificiis
964 1033 1206 1082 habemus,
1223 1031 1389 1083 quibus
1407 1042 1494 1071 nos
1511 1031 1759 1082 omniaque
1776 1041 1852 1070 no-

212 1114 311 1148 stra
332 1118 619 1158 magnopere
642 1105 1041 1145 commendamus.

291 1179 342 1219 In
365 1178 563 1229 collegio
586 1176 662 1217 §.ti
691 1176 898 1223 Antonii,
923 1175 1132 1216 calendis
1154 1174 1443 1226 Septembris
1469 1173 1570 1213 1555
1591 1173 1614 1211 ¹.

291 1393 352 1432 In
374 1396 548 1444 quarta
566 1392 774 1444 pagina,
795 1390 891 1430 [ιῖιά
914 1401 1077 1429 mmm:
1101 1389 1445 1440 Quadrimestri
1467 1388 1540 1428 del
1563 1388 1772 1438 Collegio
1795 1387 1850 1428 de

214 1465 437 1505 Lisbona.

291 1536 354 1576 Et
376 1535 491 1576 alia:
512 1535 663 1576 Credo
683 1535 750 1574 sia
773 1535 845 1574 del
863 1533 1038 1574 Genn.⁰
1059 1532 1171 1583 (sic)
1197 1532 1310 1573 1556.

263 1697 273 1717 ¹
313 1696 419 1732 Haec,
435 1696 582 1723 averbis
598 1695 639 1722 In
656 1695 811 1726 collegia
821 1693 953 1720 addidit
969 1700 1070 1720 manu
1088 1692 1230 1727 propria
1246 1691 1574 1719 Polancus.--Caret
1598 1691 1847 1725 subscriptione

209 1749 242 1772 et
258 1744 560 1779 superscriptione.
576 1743 643 1770 Vix
666 1748 781 1769 tamen
798 1749 870 1768 esse
893 1741 1030 1768 dubium
1054 1743 1168 1775 potest
1192 1738 1273 1774 quin
1289 1747 1308 1767 a
1332 1739 1435 1766 Patre
1458 1739 1593 1773 ignatio
1617 1739 1656 1766 de
1680 1738 1849 1766 Acebedo.

209 1792 489 1828 Ulyssiponensis
522 1790 666 1825 Collegii
692 1789 857 1820 Remove,
882 1789 1031 1823 scriptae
1054 1788 1140 1820 sint,
1162 1793 1221 1814 aut
1243 1795 1284 1814 ex
1301 1787 1374 1820 ejus
1393 1787 1645 1814 commissione.
