2047 3179
860 170 944 207 AN.
976 169 1067 207 1555
1715 168 1783 203 747

236 270 296 309 In
317 269 468 308 allero
489 267 724 318 exemplo:

237 339 589 392 Superscm‘ptso
610 339 659 378 sn
681 341 854 390 quarta
870 337 1077 388 pagina,
1098 336 1256 375 cadem
1278 345 1330 374 ac
1349 335 1397 374 l'll
1418 335 1587 385 primo.

235 410 344 451 Alsa
369 422 526 450 mann.
556 409 670 449 1556.
699 411 726 457 †
753 408 991 450 Grannda.
1024 406 1375 457 Quadrimestre
1404 406 1459 445 de
1482 412 1693 456 postrcro
1725 405 1780 444 de

152 482 291 523 Dezfl
313 481 415 522 RQ
442 485 467 521 zi
490 482 557 521 los
578 481 631 521 22
652 481 706 520 de
729 480 876 520 Abril.

248 552 508 603 Vestigium
529 562 660 591 cerae
680 549 850 601 sigilli.

379 993 659 1020 Praecedentium
676 993 789 1020 Pau-is
805 992 898 1018 Petri
916 991 1074 1018 Navarro
1089 990 1284 1016 litterarum
1299 988 1407 1015 latina
1422 988 1535 1014 versio
1553 987 1572 1013 ¹.

927 1144 1022 1210 isis

238 1333 512 1374 Reuerendo
535 1332 786 1372 admodum
817 1332 861 1371 in
885 1331 1069 1371 Christo
1092 1329 1234 1369 Patri.

237 1403 427 1444 Summa
447 1404 559 1457 Jesu
581 1403 782 1453 Christi,
807 1401 1064 1441 seruatoris
1092 1400 1259 1446 nostri,
1285 1399 1438 1450 gratia
1467 1406 1510 1438 et
1538 1410 1631 1449 pax
1653 1398 1710 1437 sit
1742 1399 1785 1437 in

159 1477 349 1527 diesque
372 1481 555 1515 crescat
576 1474 622 1514 in
645 1473 862 1513 cordibus
883 1472 1070 1512 nostris.
1094 1471 1259 1511 Amen.

236 1546 366 1598 Quae
393 1553 529 1597 gesta
561 1551 668 1584 sunt
695 1544 740 1584 in
769 1544 856 1583 hoc
886 1541 1217 1594 quadrimestri
1247 1552 1273 1580 a
1301 1540 1401 1580 Deo
1425 1546 1517 1591 opt.
1548 1552 1671 1580 max.
1704 1552 1787 1591 per

161 1620 330 1658 liorum
350 1616 550 1656 filiorum
571 1623 754 1655 tuorum
778 1613 1100 1662 ministerium,
1119 1623 1341 1663 magnam
1362 1611 1576 1662 profecto
1593 1611 1726 1651 nobis
1744 1616 1788 1650 et

159 1688 401 1741 quibusuis
423 1687 792 1727 consolationem
822 1685 1044 1725 afferunt:
1077 1684 1218 1735 digna
1249 1683 1420 1734 quippe
1450 1682 1676 1731 existunt,
1702 1693 1786 1732 pro

158 1759 328 1811 quibus
348 1759 448 1810 ipse
470 1758 757 1809 glorificetur
779 1756 1022 1796 Dominus.

239 1830 304 1871 Vt
327 1836 482 1870 autem
503 1841 561 1869 ex
583 1828 751 1869 affectu
774 1839 909 1879 quem
930 1826 1128 1878 populus
1153 1825 1228 1865 hic
1250 1835 1362 1875 erga
1394 1823 1675 1865 Societatem
1705 1823 1789 1862 ha-

166 1902 256 1952 bet,
280 1913 384 1941 mea
405 1900 677 1940 exordiatur
703 1898 936 1948 narratio,
965 1897 1088 1937 scias
1108 1896 1268 1946 uelim,
1290 1895 1452 1946 Pater,
1485 1895 1657 1934 nullam
1687 1905 1788 1934 esse

156 1983 354 2023 prorsus
375 1972 537 2011 urbem
558 1982 698 2022 quam
719 1981 807 2020 ego
829 1969 1042 2018 viderim,
1066 1979 1184 2019 quae
1206 1973 1302 2007 tam
1322 1967 1454 2016 bene,
1478 1974 1573 2006 tam
1591 1966 1664 2017 pie
1681 1964 1790 2005 affe-

156 2050 235 2084 cta
256 2054 370 2094 erga
393 2042 675 2083 Societatem
697 2041 917 2090 extiterit,
942 2051 1082 2090 quam
1110 2038 1231 2078 hane
1252 2044 1477 2078 nostram.
1508 2037 1686 2077 Tantus
1718 2042 1789 2076 est

157 2114 398 2154 hominum
421 2125 475 2153 ac
497 2113 743 2153 mulierum
766 2111 824 2151 ad
846 2110 999 2150 Patris
1016 2109 1164 2149 nostri
1182 2108 1431 2148 conciones
1448 2119 1719 2158 concursus,
1738 2112 1790 2147 vt

157 2186 234 2225 uia
255 2185 370 2236 ipsa,
395 2185 565 2224 nedum
588 2184 825 2234 templum,
850 2181 1111 2221 hominibus
1134 2185 1327 2219 scateat:
1350 2179 1548 2230 denique
1571 2189 1687 2229 opus
1717 2183 1789 2218 est

158 2257 233 2296 uel
253 2263 303 2296 vt
325 2255 542 2295 maximis
564 2255 867 2294 concionetur
896 2253 939 2291 in
972 2251 1177 2301 templis,
1207 2251 1281 2289 uel
1309 2257 1357 2288 vt
1385 2250 1431 2289 in
1463 2249 1642 2300 plateis.
1673 2247 1791 2289 Sunt

161 2333 329 2376 autem,
353 2327 432 2377 qui
452 2337 558 2366 eum
580 2330 858 2375 sequuntur,
883 2331 926 2362 et
958 2321 1175 2369 studiosi,
1206 2321 1285 2371 qui
1316 2321 1450 2371 pauci
1480 2320 1666 2371 quidem
1694 2330 1791 2360 non

159 2405 281 2447 sunt,
306 2405 350 2438 et
374 2398 614 2447 Vtriusque
636 2395 750 2435 iuris
771 2394 921 2446 periti,
942 2399 985 2432 et
1007 2391 1227 2442 theologi.

239 2468 465 2509 priuatim
487 2467 627 2506 etiam
658 2466 704 2505 in
735 2463 970 2504 coenobiis
998 2473 1211 2502 sororum
1246 2462 1513 2513 frequenter
1543 2461 1790 2501 conciona-

157 2549 249 2591 tur3
273 2540 396 2591 quod
417 2538 577 2578 diebus
600 2548 704 2576 cum
725 2535 867 2575 faciut
885 2533 1116 2586 profestis,
1137 2533 1373 2572 auditores
1392 2539 1549 2572 tamen
1565 2533 1790 2583 templum

159 2623 329 2663 capere
349 2622 441 2649 non
463 2614 628 2660 potest.
653 2607 717 2647 At
748 2618 858 2646 uero
881 2618 933 2645 ea
961 2611 1030 2644 est
1062 2604 1262 2644 auiditas
1290 2603 1508 2643 audiendi
1538 2603 1671 2643 verbi
1700 2602 1791 2643 Dei

215 2794 222 2813 ¹
265 2793 517 2827 Autographae
533 2792 565 2819 in
581 2792 658 2818 folio
675 2790 810 2824 duplici,
825 2797 877 2816 nn.
895 2789 974 2817 olim
988 2789 1038 2815 521
1057 2793 1089 2815 et
1103 2788 1167 2820 522,
1183 2795 1268 2815 nunc
1295 2788 1342 2814 111
1367 2791 1400 2814 et
1423 2786 1735 2815 112.-Emendatae
1757 2787 1791 2814 in

162 2843 318 2877 pluribus
332 2846 420 2873 sunt;
436 2840 494 2867 sed
510 2840 573 2866 has
587 2838 842 2866 emendationes
857 2837 910 2865 hic
926 2845 990 2864 non
1003 2836 1263 2869 recensebimus,
1280 2834 1358 2869 quia
1380 2835 1495 2862 factae
1507 2835 1667 2862 videntur
1685 2842 1705 2862 a
1728 2834 1791 2861 Re-

160 2895 267 2922 ctore,
284 2889 318 2916 Ρ,
335 2888 462 2915 Basilio
480 2888 519 2913 de
537 2887 649 2917 Avila,
666 2891 848 2918 antequam
861 2885 1017 2912 Granata
1031 2884 1172 2911 Romam
1187 2883 1326 2910 litterae
1338 2882 1566 2910 mitterentur.
1579 2882 1792 2909 Emendatas

166 2937 273 2971 igitur
297 2935 578 2964 transcribemus.
606 2934 699 2960 nulla
723 2933 856 2959 ratione
881 2939 995 2958 eorum
1022 2932 1151 2961 habita,
1168 2938 1253 2965 quae
1269 2934 1348 2956 ante
1369 2929 1639 2956 emendationem
1661 2929 1791 2964 scripta

166 2990 280 3012 erant:
297 2990 382 3017 quae
398 2981 523 3016 alioqui
539 2989 601 3008 non
615 2981 728 3014 magni
746 2979 904 3006 momenti
921 2985 1007 3006 sunt.
