2047 3179
253 132 325 170 438
767 131 995 169 LITTERAE
1023 143 1382 176 QUADRiMEsi-Rias

252 230 376 269 xime
399 230 626 282 sequenti,
650 236 899 282 postquam
929 231 1170 270 confessus
1207 236 1290 280 est,
1315 230 1362 269 in
1389 228 1648 280 Collegium
1679 237 1894 270 nostrum

254 301 448 350 uenerit,
475 308 518 341 et
541 302 618 353 qui
642 308 781 342 antea
801 302 959 354 tepida
982 301 1184 353 quadam
1212 300 1400 340 uiuendi
1432 301 1614 340 ratione
1644 307 1893 342 contentus

252 378 368 423 erat,
392 384 518 413 nunc
540 373 707 414 maiori
728 374 913 413 feruore
935 384 984 413 se
1007 380 1155 412 totum
1171 372 1327 412 tradat
1350 372 1589 411 exercitiis
1617 372 1818 423 pietatis.

333 444 441 484 Alia
464 443 695 496 quaedam
716 444 919 484 foemina
954 444 1170 483 confessa
1192 449 1275 493 est,
1308 454 1426 494 quae
1462 454 1544 494 per
1580 450 1704 482 totos
1725 443 1897 493 viginti

253 515 457 567 quinque
479 527 629 555 annos
650 516 763 555 nulli
785 514 1074 555 confessario
1096 526 1230 554 suam
1259 514 1598 554 conscientiam
1626 520 1895 566 aperuerat,

254 597 349 626 non
371 587 427 626 ob
450 586 574 626 aliud
603 587 692 626 nisi
720 587 828 638 quia
851 585 1129 626 confessarii
1160 585 1201 625 ei
1229 585 1489 625 suadebant
1519 591 1568 625 ut
1598 586 1782 637 publice
1803 597 1897 625 ma-

254 658 525 698 trimonium
543 657 844 698 contraheret
860 657 1200 697 interueniente
1217 657 1476 697 ministerio
1490 656 1766 697 sacerdotis:
1788 668 1897 697 nam

256 729 343 779 uir,
364 741 469 769 cum
486 741 576 781 quo
593 730 687 768 iam
704 729 860 769 multis
878 728 1043 768 diebus
1064 729 1210 768 uitam
1229 728 1444 779 degebat,
1469 730 1568 768 solo
1587 729 1801 768 clanculo
1823 729 1899 768 uel

256 801 547 840 clandestino
583 800 883 840 matrimonio
916 801 958 840 ei
992 800 1144 840 fuerat
1179 801 1439 851 copulatus.
1476 799 1741 840 Verebatur
1778 799 1896 839 haec

256 872 423 912 mulier
443 872 614 912 mirum
646 872 693 912 in
714 871 919 920 modum,
945 872 983 911 si
1014 871 1059 911 id
1095 871 1219 923 quod
1240 871 1517 911 confessas-ii
1544 870 1899 922 praecipiebant

257 949 583 995 exequeretur,
603 944 650 984 in
667 954 900 984 summam
917 943 1227 995 ignominiam
1245 943 1568 993 deventuram;
1587 942 1742 982 aiebat
1758 942 1897 982 enim:

260 1015 337 1066 qui
359 1027 431 1054 me
455 1027 577 1055 nunc
600 1015 752 1055 denuo
783 1015 829 1055 id
857 1015 1040 1055 efficere
1068 1014 1372 1066 conspicient,
1398 1014 1589 1054 credent
1610 1013 1736 1054 haud
1763 1013 1899 1053 dubie

257 1088 434 1126 nullum
456 1092 594 1127 antea
615 1087 933 1138 praecessisse
955 1086 1324 1137 matrimonium,
1352 1097 1502 1137 neque
1531 1097 1603 1125 me
1631 1085 1897 1136 coniugem,

257 1157 337 1197 sed
359 1158 669 1198 concubinam
697 1158 900 1198 hominis
929 1158 1067 1197 huius
1094 1159 1323 1197 hactenus
1351 1157 1576 1197 extitisse.
1607 1156 1710 1196 Hoc
1741 1156 1900 1207 itaque

257 1230 516 1270 retinaculo
554 1229 796 1270 daemonis
831 1229 1062 1269 industria
1098 1229 1302 1279 detenta,
1340 1230 1468 1269 nulla
1498 1229 1681 1269 ratione
1715 1228 1901 1268 uolebat

258 1302 567 1342 saluberrimo
598 1302 840 1342 Ecclesiae
871 1302 926 1341 de
956 1301 1251 1341 confessione
1281 1306 1535 1352 praecepto
1557 1300 1897 1352 obtemperare.

257 1371 399 1413 Venit
420 1375 510 1414 hoc
538 1373 597 1413 ad
625 1385 763 1413 aures
795 1372 1041 1413 cuiusdam
1065 1371 1218 1412 Patris
1245 1372 1409 1422 nostri,
1444 1372 1522 1424 qui
1552 1382 1775 1423 magnam
1803 1371 1900 1412 dili-

253 1446 465 1497 gentiam
484 1445 694 1485 adhibuit
717 1451 765 1484 ut
794 1445 911 1484 haec
941 1444 1109 1484 mulier
1141 1443 1458 1494 confiteretur,
1493 1449 1537 1483 et
1566 1443 1632 1483 ita
1664 1442 1901 1483 confessa-

252 1518 430 1558 riorum
452 1516 591 1557 dictis
612 1516 794 1556 audiret
818 1516 873 1556 de
895 1516 1079 1567 publice
1101 1515 1425 1555 contrahendo
1448 1514 1763 1565 matrimonio,
1786 1520 1836 1554 ut
1856 1515 1902 1554 in

254 1590 432 1629 nullam
448 1588 758 1640 ignominiam
775 1587 911 1627 huius
928 1587 1151 1631 mulieris.
1171 1598 1312 1638 quam
1329 1587 1431 1638 ipsa
1448 1586 1716 1633 uerebatur,
1736 1597 1812 1626 res
1832 1597 1902 1625 ce-

257 1660 401 1700 deret:
419 1661 576 1712 itaque
591 1659 1016 1710 Archiepiscopum
1029 1659 1258 1698 allocutus
1276 1664 1320 1697 et
1340 1669 1444 1697 eum
1462 1656 1743 1707 sacrificum,
1763 1668 1903 1708 quem

255 1733 357 1784 ipsa
372 1732 429 1772 ad
449 1732 535 1772 hoc
554 1731 853 1771 commodum
870 1730 1023 1781 elegit,
1042 1729 1207 1769 eodem
1222 1728 1361 1768 modo
1381 1735 1425 1768 et
1442 1728 1607 1768 eodem
1624 1729 1744 1778 loco,
1764 1739 1903 1780 quem

254 1805 357 1856 ipsa
380 1803 649 1855 postulauit,
674 1802 917 1852 negotium
942 1801 1137 1852 peregit,
1173 1801 1332 1851 sicque
1361 1799 1577 1840 effectum
1607 1805 1691 1849 est,
1728 1806 1778 1839 ut
1802 1810 1898 1838 mu-

256 1875 341 1915 lier
373 1876 490 1915 haec
517 1874 833 1915 miserrimum
869 1880 1043 1913 statum
1077 1872 1261 1924 peccati
1292 1871 1565 1921 deseruerit,
1597 1877 1849 1922 antequam
1873 1882 1898 1909 a

255 1948 415 1988 diuino
433 1946 662 1999 supplicio
681 1946 726 1986 in
745 1957 799 1985 eo
817 1945 1260 1997 deprehenderetur.
1283 1944 1447 1984 Mulier
1464 1943 1605 1983 etiam
1623 1944 1712 1982 alia
1736 1954 1762 1982 a
1780 1942 1898 1993 uiro,

257 2031 363 2060 cum
386 2030 476 2071 quo
498 2024 676 2070 septem
698 2018 771 2057 uel
793 2023 899 2057 octo
923 2017 1059 2057 annis
1081 2017 1229 2056 uitam
1256 2022 1434 2067 egerat,
1463 2014 1618 2055 fuerat
1649 2014 1901 2064 disiuncta,

255 2099 354 2131 tum
377 2091 433 2131 ob
455 2089 822 2142 imprudentium
844 2088 1244 2128 confessariorum
1267 2087 1529 2137 consilium,
1548 2094 1647 2126 tum
1674 2085 1816 2125 etiam
1846 2085 1904 2124 ob

257 2174 422 2215 preces
450 2161 761 2214 quorumdam
790 2160 1047 2209 hominum,
1078 2159 1155 2211 qui
1184 2170 1289 2199 eam
1319 2159 1634 2199 incitauerant
1670 2162 1720 2196 ut
1741 2167 1903 2196 secum

257 2235 574 2275 committeret
596 2232 891 2272 adulterium.
912 2231 1058 2282 Quae,
1079 2237 1127 2271 ut
1145 2230 1310 2271 melius
1331 2230 1569 2281 tutiusque
1581 2234 1740 2280 posset
1763 2240 1789 2268 a
1809 2239 1904 2267 ma-

259 2307 337 2346 riti
374 2304 658 2346 commercio
691 2303 947 2344 dissociata
978 2314 1271 2354 permanere,
1302 2301 1465 2353 magni
1499 2301 1709 2341 criminis
1742 2305 1904 2339 semet-

258 2378 410 2429 ipsam
427 2383 535 2417 ante
551 2375 752 2416 iudicem
774 2375 1031 2423 accusauit,
1053 2384 1335 2414 asseuerans
1356 2384 1405 2413 se
1423 2379 1531 2413 ante
1552 2371 1904 2412 matrimonium

259 2449 492 2501 quosdam
514 2448 727 2488 homines
758 2458 843 2487 suo
879 2446 1049 2486 marito
1085 2445 1495 2496 consanguinitate
1524 2444 1800 2484 coniunctos
1830 2453 1903 2482 co-

259 2521 499 2572 gnouisse,
524 2525 568 2560 et
599 2518 795 2570 proinde
831 2517 1148 2558 contendebat
1177 2517 1348 2556 nullius
1380 2515 1616 2556 efficaciae
1647 2514 1791 2554 fuisse
1816 2512 1904 2564 pri-

263 2604 392 2632 mum
420 2590 788 2631 matrimonium.
813 2589 930 2630 Cum
958 2599 1072 2639 ergo
1095 2588 1155 2628 ad
1176 2589 1299 2628 hunc
1321 2593 1496 2628 statum
1517 2598 1593 2626 res
1621 2585 1904 2633 deuenisset‚

262 2663 320 2703 ad
338 2663 588 2715 quemdam
613 2674 636 2702 e
654 2662 828 2702 nostris
846 2661 1057 2713 patribus
1074 2660 1211 2700 huius
1234 2659 1302 2700 rei
1324 2658 1534 2710 cognitio
1554 2657 1783 2709 peruenit,
1808 2655 1904 2707 qui,

263 2736 422 2775 statim
445 2741 583 2786 atque
618 2735 762 2783 nouit,
788 2734 1029 2774 mulierem
1051 2732 1292 2782 conuenit;
1317 2738 1366 2772 ut
1388 2736 1583 2782 peccata
1612 2740 1697 2769 sua
1720 2726 1905 2768 confite-

263 2812 393 2846 retur
417 2806 605 2857 (quoda
634 2806 789 2845 multis
823 2805 960 2845 annis
994 2816 1087 2844 non
1121 2804 1313 2851 fecerat)
1337 2802 1501 2852 suasit,
1533 2801 1741 2852 adeoque
1772 2797 1906 2838 suita

264 2876 441 2928 Spiritu
463 2876 638 2917 Sancto
660 2877 705 2915 in
733 2875 1028 2915 confessione
1052 2879 1302 2924 commota,
1327 2880 1376 2913 ut
1404 2885 1454 2913 se
1485 2878 1632 2912 totam
1667 2876 1711 2910 et
1734 2873 1906 2909 cuncta

264 2960 351 2987 sua
372 2948 562 2999 negotia
585 2949 631 2987 in
653 2958 794 2986 manu
816 2946 970 2987 Patris
991 2945 1213 2997 posuerit,
1238 2945 1284 2984 id
1305 2945 1457 2983 solum
1477 2948 1750 2991 executura,
1775 2938 1903 2991 quod
