2047 3179
183 156 251 193 loo
693 158 919 196 L1TTERAE
946 170 1305 202 QUADRIMESTRES

834 610 1174 665 CCCXXIX

252 820 480 859 Gerardus
501 821 711 869 Lapidius

303 886 420 924 Patri
441 887 611 934 Ignatio
628 887 681 924 de
701 887 886 934 Loyola.

346 952 578 998 Panormo,
602 953 645 989 14
664 952 866 991 Octobris
888 953 978 991 1554
998 954 1021 989 ¹.

258 1109 331 1150 Ex
352 1110 456 1150 aliis
479 1110 537 1150 id.
563 1110 674 1161 (sic)
697 1110 915 1151 Octobris
936 1111 1049 1150 1554.

259 1182 312 1223 R.
350 1182 399 1222 P,
436 1182 754 1234 Hieronymus
790 1181 1064 1222 Domenech
1101 1181 1411 1222 Prouincialis
1447 1192 1610 1233 aegra,
1645 1183 1692 1222 in
1726 1183 1817 1222 hac

180 1253 440 1303 Prouincia‚
460 1254 844 1305 praesentissima
861 1253 1093 1293 medicina
1111 1258 1262 1304 sanat,
1283 1258 1328 1293 et
1344 1264 1477 1303 sana,
1496 1265 1555 1294 ne
1576 1253 1816 1294 debiliten-

176 1332 266 1375 tur,
301 1331 430 1365 tanto
465 1324 619 1364 studio
650 1331 915 1373 conseruat,
949 1330 1000 1365 vt
1021 1335 1254 1376 pauperes
1283 1324 1343 1365 ad
1363 1325 1508 1376 illum,
1532 1326 1816 1377 Vbicumque

176 1398 388 1437 locorum
407 1396 561 1447 fuerit,
584 1402 808 1447 tanquam
830 1395 888 1436 ad
909 1401 1169 1436 extremam
1198 1398 1423 1436 ancoram
1444 1396 1734 1449 confugiant,
1759 1408 1814 1438 ac

177 1479 290 1508 suae
311 1467 595 1507 calamitatis
616 1473 660 1507 et
680 1467 898 1507 miseriae
920 1467 1049 1507 illum
1078 1472 1344 1519 patronum,
1368 1474 1552 1519 patrem
1574 1475 1618 1508 et
1639 1468 1816 1509 adiuto-

176 1550 276 1579 rem
296 1545 540 1590 quaerant:
559 1549 646 1579 nec
667 1538 756 1579 hoc
778 1539 949 1578 mirum
970 1544 1054 1589 est,
1078 1550 1182 1578 cum
1206 1539 1502 1579 eleemosinis
1524 1552 1551 1580 a
1575 1539 1780 1592 Prorege
1799 1539 1814 1559 ²

177 1610 373 1662 aliisque
394 1610 530 1650 bonis
551 1610 668 1650 viris
696 1610 977 1661 corrogatis,
1003 1610 1374 1662 quamplurimos
1395 1611 1682 1663 grauissimo
1704 1623 1816 1664 pau-

177 1681 373 1733 pertatis
395 1693 537 1721 onere
564 1682 700 1731 leuet,
732 1681 900 1721 viduas
935 1681 1098 1733 inopes
1130 1693 1187 1722 ac
1215 1681 1429 1734 afflictas,
1453 1682 1691 1724 beneficiis
1715 1695 1821 1724 ver-⁷

175 1753 337 1805 bisque
359 1754 640 1803 consoletur,
664 1764 800 1793 senes
830 1764 1020 1804 egenos,
1055 1764 1161 1793 cum
1188 1765 1254 1804 re,
1279 1759 1375 1794 tum
1406 1754 1708 1806 consulendo,
1739 1755 1817 1795 ad—

176 1825 319 1865 iuuet.
343 1824 450 1865 Illos
473 1830 644 1875 autem,
668 1824 747 1876 qui
772 1824 1045 1876 parentibus
1076 1825 1229 1865 orbati
1256 1831 1380 1877 sunt,
1410 1837 1498 1866 nec
1518 1826 1697 1866 Victum
1725 1827 1816 1866 cul-

175 1903 365 1947 tumque
395 1907 478 1947 per
499 1901 702 1936 aetatem
723 1907 948 1947 quaerere
970 1902 1181 1947 possunt,
1210 1897 1258 1937 in
1286 1908 1421 1937 suam
1442 1899 1638 1938 tutelam
1659 1898 1817 1938 luben·

176 1974 246 2007 ter
267 1967 447 2018 recipit,
472 1978 557 2006 nec
579 1966 669 2006 illis
688 1967 868 2007 victum
890 1968 1054 2018 solum,
1078 1979 1243 2008 verum
1260 1969 1403 2009 etiam
1425 1969 1596 2020 omnia,
1620 1981 1739 2021 quae
1757 1969 1817 2009 ad

176 2050 312 2079 Vsum
333 2039 458 2079 vitae
492 2038 739 2090 pertinent,
777 2037 937 2078 sedulo
966 2040 1209 2090 prospicit,
1248 2040 1562 2081 habitationes
1595 2041 1687 2081 illis
1722 2053 1817 2081 non

178 2111 327 2151 minus
349 2110 617 2162 splendidas
638 2121 778 2161 quam
800 2110 926 2150 omni
948 2112 1281 2152 commoditate
1303 2112 1559 2153 instructas
1582 2112 1820 2164 prouidet;.

176 2182 390 2222 foeminis
411 2181 648 2229 indotatis,
679 2193 799 2233 quae
830 2193 879 2221 se
907 2182 1104 2222 honesto
1133 2183 1353 2235 coniugio
1376 2184 1616 2225 deuincire
1637 2186 1821 2235 uolunt,¹

177 2266 234 2294 ne
255 2253 412 2306 inopia
433 2260 641 2304 coactae,
666 2253 874 2304 peiorem
904 2254 1031 2293 vitae
1061 2255 1377 2295 conditionem
1406 2256 1659 2308 accipiant,
1692 2256 1822 2296 omni

179 2325 354 2366 auxilio
376 2325 623 2365 succurrit.

256 2396 305 2437 P.
329 2397 540 2448 Elpidius
561 2395 575 2414 ³
596 2396 772 2437 iamdiu
794 2397 982 2438 assidue
1005 2398 1129 2450 apud
1151 2397 1334 2440 Ducem
1354 2399 1562 2440 Bibonae
1583 2398 1599 2417 ⁴
1619 2408 1689 2439 est
1712 2410 1820 2439 cum

178 2478 350 2519 magno
387 2467 556 2508 fructu:
594 2479 680 2508 nec
713 2468 866 2509 minus
893 2469 1093 2510 aliorum
1122 2470 1365 2511 hominum
1391 2483 1536 2523 quam
1556 2482 1751 2511 suarum
1773 2477 1818 2510 et

181 2539 329 2580 Ducis
351 2551 506 2579 rerum
528 2540 717 2590 satagit.

237 2701 246 2722 ¹
286 2702 519 2736 Apographae
546 2702 577 2729 in
593 2702 717 2736 duplici
740 2702 836 2735 folio,
857 2703 966 2737 primo
993 2705 1055 2731 sub
1070 2713 1104 2732 n.
1133 2704 1194 2739 171,
1211 2706 1322 2733 altero
1343 2712 1429 2733 vero
1444 2713 1509 2733 non
1523 2705 1820 2733 numerata-Eas
1850 2711 1855 2714 ·

182 2749 459 2784 praecedentium
475 2749 589 2776 Patris
603 2749 748 2776 Botelho
759 2750 956 2778 litterarum
971 2758 1044 2779 esse
1060 2752 1253 2781 versionem
1268 2753 1414 2781 latinam
1428 2753 1529 2781 facile
1544 2753 1691 2787 dixeriS,
1711 2754 1770 2781 sed
1786 2754 1822 2781 in

183 2797 349 2831 pluribus,
364 2801 400 2823 ut
416 2797 543 2830 legenti
558 2801 665 2831 patet,
681 2797 833 2825 nonnihil
849 2798 1018 2826 differunt.

235 2844 249 2864 2
286 2844 416 2878 joanne
431 2845 470 2872 de
487 2843 600 2877 Vega.

234 2892 251 2914 ⁸
287 2893 323 2920 P.
339 2893 494 2927 Elpidius
508 2893 675 2928 Ugoletti.

237 2942 251 2962 4
289 2941 411 2969 Petrus
426 2942 465 2968 de
481 2941 590 2976 Luna,
607 2942 728 2970 Comes
742 2943 782 2970 de
797 2943 895 2971 Luna
911 2948 944 2971 et
961 2944 1113 2972 Bibonae
1131 2944 1208 2972 Dux
1224 2948 1318 2979 erat,
1334 2944 1374 2972 de
1388 2945 1484 2979 cujus
1504 2951 1610 2972 uxore
1631 2952 1743 2972 sermo
1765 2945 1825 2973 hic

189 2994 253 3024 est,
268 2994 303 3017 ut
319 2990 436 3017 videre
453 2994 504 3018 est
519 2990 551 3018 in
566 2990 785 3024 praecedenti
800 2992 917 3020 italico
933 2993 1100 3027 exemplo,
1116 3000 1229 3027 supra,
1246 3000 1324 3027 pag.
1342 2993 1403 3022 162.
