2047 3179
216 140 288 177 070
745 142 969 181 LITTERAE
986 154 1345 186 QUADRIMESTRES

857 629 1229 683 GDXXXIII

288 894 481 940 joannes
501 894 723 932 Antonius
745 895 997 942 Viperanus

337 959 460 997 Patri
478 959 649 1007 Ignatio
670 960 724 997 de
743 961 932 1008 Loyola.

382 1025 589 1068 Perusio‚
608 1025 632 1063 8
647 1025 852 1063 Octobris
881 1026 974 1064 1555
998 1027 1020 1061 ¹.

993 1182 1090 1260 Iffls

294 1378 393 1418 Pax
415 1378 490 1419 X.i

297 1450 441 1491 Molto
462 1450 566 1491 R.<10
583 1451 630 1490 in
651 1450 734 1491 X.0
754 1450 921 1492 Padre.

294 1521 421 1562 Tutti
442 1522 522 1562 noi
543 1524 621 1573 qui
643 1528 794 1562 stamo
816 1523 948 1574 bene,
973 1535 996 1563 e
1017 1523 1049 1563 li
1070 1523 1211 1564 Padri
1242 1535 1265 1564 e
1292 1523 1467 1565 fratelli
1497 1525 1716 1577 occupati
1749 1527 1858 1567 nelli

212 1594 354 1635 studii
376 1606 400 1634 e
421 1594 653 1635 essercitii
675 1594 887 1634 consueti
908 1606 1174 1646 procurano
1198 1606 1327 1635 esser
1348 1596 1449 1636 utili
1472 1608 1499 1636 3
1515 1608 1565 1636 se
1584 1608 1608 1636 e
1626 1598 1701 1637 all’
1729 1597 1852 1648 altri,

215 1677 242 1706 3
264 1666 416 1706 honor
438 1665 481 1706 cl‘
505 1664 650 1706 Iddio.
675 1665 734 1706 Et
754 1677 838 1717 per
858 1666 1195 1707 incominciare
1217 1667 1263 1707 di
1287 1678 1396 1726 qual,
1416 1668 1521 1719 quel
1539 1668 1624 1708 che
1646 1668 1681 1709 s'
1698 1672 1722 1709 e
1739 1667 1857 1709 fatto

213 1748 297 1788 per
316 1737 360 1776 13
380 1737 537 1788 gratia
559 1735 602 1776 d’
626 1736 754 1777 Iddio
773 1737 923 1788 questi
940 1743 1126 1789 quattro
1144 1738 1260 1778 mesi
1276 1738 1470 1790 passati,
1490 1740 1633 1779 molte
1652 1739 1850 1791 uergini,

212 1808 570 1849 confessandosi
593 1808 670 1848 alli
690 1808 840 1848 nostri
862 1807 1017 1859 Padri,
1042 1809 1200 1849 hanno
1222 1815 1445 1861 proposto
1468 1809 1511 1849 d’
1532 1816 1720 1851 entrare
1737 1812 1858 1851 nelle

214 1880 446 1931 religioni,
471 1879 754 1931 seguitando
776 1880 790 1920 i
813 1880 1025 1931 consegli
1047 1880 1093 1921 di
1115 1880 1318 1921 Christo.
1344 1881 1401 1922 Et
1423 1881 1635 1933 parechii
1663 1882 1856 1933 gioueni

213 1952 363 1992 anche
383 1952 606 2002 uogliono
629 1951 756 1992 darsi
779 1951 839 1992 ad
870 1953 1039 1992 alcuna
1062 1952 1305 2004 religione,
1342 1952 1450 1993 delli
1481 1953 1608 2005 quali
1639 1965 1856 2005 speramo

213 2024 285 2064 ch’
310 2035 402 2064 uno
425 2030 582 2074 presto
606 2024 645 2063 si
667 2023 784 2064 dara
806 2024 895 2063 alla
918 2029 1082 2064 nostra
1106 2023 1415 2076 Compagnia.
1440 2024 1475 2065 Ι1
1496 2025 1633 2076 quale
1655 2024 1715 2065 ha
1732 2026 1857 2066 forse

212 2095 325 2135 anni
349 2094 409 2145 18,
434 2101 478 2135 et
500 2099 524 2135 e
546 2095 602 2135 de
623 2095 778 2135 buona
801 2095 1126 2146 espettatione.
1151 2095 1209 2135 Et
1231 2096 1386 2147 questi
1407 2096 1563 2147 giorni
1594 2097 1774 2148 passati
1794 2108 1858 2137 un

214 2173 357 2216 certo,
383 2168 534 2207 uscito
556 2167 681 2207 dalla
703 2178 788 2207 sua
809 2167 1052 2218 religione,
1075 2167 1277 2207 facendo
1300 2168 1364 2218 gli
1387 2167 1631 2219 essercitii‚
1654 2179 1856 2220 propose

212 2239 312 2278 fare
332 2239 531 2289 meglior
552 2238 665 2289 uita,
695 2250 719 2278 e
745 2250 839 2278 non
867 2237 1100 2278 essendoli
1128 2238 1267 2278 lecito
1297 2244 1486 2278 entrare
1513 2239 1634 2279 nella
1663 2240 1856 2290 propria

213 2321 297 2349 sua
319 2310 561 2359 religione,
586 2321 668 2361 per
690 2309 930 2360 conseglio
952 2309 1025 2349 del
1047 2308 1096 2349 P.
1120 2309 1257 2349 Mtro.
1283 2310 1525 2350 Euerardo
1547 2313 1680 2350 entro
1706 2310 1754 2350 in
1775 2312 1852 2351 un’

213 2382 349 2421 altra.
373 2380 432 2420 Di
456 2381 534 2431 piu
555 2392 648 2421 uno
671 2381 747 2421 chi
768 2384 793 2421 e
828 2386 952 2421 stato
974 2381 1106 2421 molti
1127 2381 1238 2421 anni
1261 2381 1456 2421 Vicario
1479 2382 1525 2421 in
1548 2387 1712 2433 questa
1742 2382 1855 2422 citt&

211 2457 255 2491 et
277 2452 324 2492 in
345 2453 478 2502 altre,
503 2452 644 2492 homo
667 2452 819 2492 nobile
841 2463 865 2491 e
887 2452 1033 2501 dotto,
1057 2451 1103 2492 di
1123 2451 1305 2503 grande
1333 2452 1589 2504 authorita,
1614 2464 1698 2504 per
1719 2465 1852 2493 mezo

211 2523 315 2563 dell’
337 2523 565 2563 essercitii
586 2523 626 2563 si
648 2524 772 2564 dette
794 2524 885 2563 alla
907 2530 1071 2563 nostra
1093 2523 1389 2574 Compagnia
1407 2556 1415 2574 ‚
1441 2536 1464 2564 e
1485 2529 1644 2576 presto
1666 2524 1713 2564 di
1744 2536 1852 2576 qua,

209 2606 341 2635 come
363 2595 597 2645 credemo‚
622 2595 660 2634 si
682 2595 862 2646 partira
883 2606 965 2646 per
987 2606 1132 2634 uener
1154 2596 1287 2635 costi.
1312 2594 1441 2635 Iddio
1464 2595 1522 2635 sii
1544 2595 1696 2647 quello
1714 2595 1791 2635 chi
1810 2596 1853 2635 lo

212 2665 375 2716 agiuti.

292 2735 423 2776 Molti
445 2748 662 2788 uengono
681 2737 758 2776 alli
776 2737 923 2777 nostri
939 2748 1023 2788 per
1039 2737 1211 2788 pigliar
1230 2737 1454 2788 consegli,
1475 2738 1553 2778 alli
1573 2737 1698 2790 quali
1715 2748 1857 2789 gran-

211 2806 425 2847 demente
448 2808 486 2847 si
507 2808 678 2857 fidan03
704 2816 746 2848 et
771 2808 927 2848 alcuni
948 2809 1041 2848 han
1062 2807 1171 2848 dato
1194 2820 1258 2858 se,
1283 2814 1328 2848 et
1349 2809 1393 2848 13
1414 2819 1526 2848 casa
1549 2820 1651 2860 sua,
1676 2821 1700 2849 e
1720 2809 1852 2859 roba,

265 2965 275 2986 ¹
314 2967 564 3000 Autographae
583 2968 612 2994 in
629 2968 755 3002 duplici
772 2969 863 3001 folio,
880 2977 911 2996 n.
928 2969 973 2996 71.
