2047 3179
209 143 282 181 668
727 144 955 183 LITTERAE
976 156 1335 189 QUADRtMEsrREs

209 239 284 290 rit,
309 252 432 279 nunc
454 239 659 292 indignis
689 242 786 282 suis
809 243 960 283 seruis
982 243 1040 283 ad
1070 244 1298 284 maiorem
1326 243 1398 284 sui
1426 245 1628 286 nominis
1648 247 1851 297 gloriam

209 310 444 351 detectum
467 323 569 352 esse
593 313 806 354 uoluerit.
841 313 1027 365 Quanta
1050 326 1162 354 uero
1191 315 1516 356 consolatione
1545 316 1723 368 perfusi
1744 329 1848 358 con—

206 381 405 433 fitentes,
439 385 646 435 peccatis
668 386 927 436 exonerati,
951 385 1316 437 proficiscantur
1338 387 1412 426 uel
1434 399 1492 427 ex
1514 387 1604 428 hoc
1626 388 1727 440 ipso
1749 401 1848 440 per—

208 453 324 504 spici
345 460 512 505 potest,
546 462 595 496 ut
617 457 843 507 plurimos
870 457 1122 496 obtulerint
1143 468 1376 508 nummos,
1401 458 1489 498 sibi
1511 459 1848 510 persuadentes

206 524 508 566 confessariis
538 527 634 567 suis
667 527 732 578 (ut
767 528 947 579 opinor)
983 527 1247 579 accipiendi
1273 540 1369 568 non
1400 535 1621 580 negatam
1650 542 1752 571 esse
1783 531 1847 571 fa-

204 596 444 648 cultatem,
469 609 524 637 ac
547 609 630 638 eos
651 599 837 650 quidem
859 610 952 638 non
970 605 1125 639 certos
1142 599 1224 639 sed
1243 610 1437 639 manum
1460 601 1507 640 in
1524 602 1765 641 sacculum
1782 602 1846 642 in-

202 666 421 719 ferentes,
455 669 668 709 eamdem
696 676 894 720 argento
916 671 1152 721 expletam
1174 670 1422 711 efferentes
1444 671 1659 723 offerunt3
1683 683 1848 713 uerum

202 737 249 778 id
269 739 460 780 minime
481 741 762 791 permissum
784 747 868 791 est,
893 741 976 782 sed
998 742 1194 781 honeste
1212 741 1396 781 ratione
1414 742 1588 783 eisdem
1606 743 1846 784 declarata

202 821 348 861 quare
369 823 463 851 non
484 813 819 863 reciperentur,
843 812 952 853 laeti
974 824 1023 852 se
1044 823 1319 853 reuersuros
1346 819 1391 853 et
1421 813 1480 853 ad
1503 813 1846 855 confessionem

200 886 247 920 et
273 882 551 923 concionem
578 883 859 935 recipientes
887 884 1073 924 abeunt.
1106 884 1163 924 Et
1193 885 1349 936 plures
1379 885 1566 936 quidem
1594 891 1637 925 et
1668 886 1843 927 conses-

200 963 304 992 sum
325 955 532 1005 ueniunt,
557 961 601 994 et
622 955 817 995 uerbum
839 955 1032 996 Domini
1047 956 1272 1006 auditum,
1294 956 1573 1008 quibuscum
1597 959 1845 998 nonnullos

200 1023 536 1076 discipulorum
556 1033 777 1077 parentes
799 1027 1178 1067 annumerandos
1206 1027 1435 1078 intelligo,
1468 1028 1547 1079 qui
1576 1040 1680 1068 cum
1712 1041 1842 1080 prae-

199 1101 429 1147 ceptores,
454 1096 655 1137 filiorum
686 1098 858 1149 gratia,
883 1098 1205 1148 conuenerint‚
1239 1104 1284 1138 et
1305 1098 1365 1138 ad
1393 1099 1737 1139 confessionem
1766 1112 1841 1140 ex-

199 1166 331 1207 citati
362 1168 548 1219 optimis
581 1175 721 1220 atque
752 1170 1021 1210 sanioribus
1054 1170 1261 1210 consiliis
1292 1171 1448 1210 locum
1476 1183 1569 1210 non
1592 1178 1839 1222 negarunt,

196 1239 290 1278 imo
312 1246 493 1280 tantum
516 1241 647 1281 abest
668 1247 718 1281 ut
747 1241 945 1282 consilia
976 1241 1233 1292 renuerint,
1265 1247 1314 1281 ut
1342 1253 1435 1282 non
1467 1241 1554 1293 ipsi
1582 1243 1732 1282 solum
1760 1243 1839 1283 ite-

196 1322 300 1350 rum
324 1318 462 1362 atque
484 1312 673 1364 saepius
695 1313 754 1352 ad
776 1312 1121 1353 confessionem
1145 1313 1374 1363 uenerint,
1399 1313 1481 1353 sed
1505 1313 1655 1353 etiam-
1668 1325 1842 1354 uxores

195 1387 335 1434 atque
358 1382 643 1424 domesticos
665 1384 854 1424 allicere
876 1384 1034 1424 conati
1055 1390 1180 1432 sunt,
1205 1385 1244 1424 si
1261 1384 1381 1425 forte
1403 1385 1449 1424 in
1467 1385 1645 1435 eodem,
1671 1385 1717 1425 in
1749 1397 1840 1437 quo

194 1460 239 1493 et
261 1453 349 1505 ipsi
381 1455 710 1507 comprehensi
738 1462 846 1496 sunt
877 1468 902 1496 a
939 1456 1128 1496 Christo
1158 1457 1285 1510 Jesu,
1310 1456 1710 1508 comprehendere
1737 1468 1839 1508 pos-

193 1532 312 1565 sent.

275 1596 497 1638 Nonnulli
534 1606 806 1649 praeterea,
846 1601 924 1651 qui
961 1599 1262 1640 sanctissima
1299 1606 1598 1639 sacramenta
1635 1599 1714 1639 diu
1750 1599 1839 1639 fre-

191 1675 490 1721 quentarunt,
515 1670 653 1710 huius
681 1671 826 1711 seculi
857 1671 993 1711 bonis
1024 1671 1080 1722 (si
1108 1678 1214 1711 sunt
1244 1670 1444 1711 dicenda
1474 1670 1612 1719 bona)
1636 1682 1684 1710 se
1712 1670 1836 1711 abdi-

191 1747 368 1791 cantes,
399 1740 575 1782 Christi
603 1741 768 1793 jugum
797 1742 845 1782 in
876 1742 1104 1794 religione
1136 1744 1339 1782 tolerare
1373 1742 1658 1791 maluerunt,
1696 1753 1837 1793 quam

190 1823 381 1852 suarum
404 1813 668 1853 animarum
690 1815 890 1854 salutem
919 1814 1055 1854 huius
1088 1814 1247 1854 mundi
1269 1814 1407 1853 uanis
1429 1813 1662 1853 illecebris
1690 1820 1733 1853 et
1761 1825 1835 1865 pe-

188 1883 350 1923 riculis
375 1885 681 1933 committere,
708 1885 1034 1925 existimantes
1063 1885 1208 1925 tutius
1231 1891 1370 1936 atque
1400 1884 1586 1924 facilius
1614 1891 1835 1925 extensos

186 1955 380 2006 laqueos
402 1955 608 2008 effugere
636 1969 789 2008 posse,
821 1957 860 1997 si
887 1958 958 1997 sui
985 1957 1196 2008 ipsorum
1224 1956 1509 1996 oblationem
1536 1955 1741 1996 Domino
1770 1956 1831 1996 os*

187 2027 378 2067 ferrent.
403 2027 498 2068 Alii
520 2036 676 2068 autem
699 2029 862 2069 eadem
885 2028 1069 2080 ingredi
1097 2027 1298 2078 uestigia
1331 2039 1635 2079 proposuere,
1667 2035 1711 2067 et
1738 2028 1833 2079 qui—

186 2099 292 2139 dem
322 2099 562 2150 religionis
592 2101 890 2140 auidissimas
918 2100 1027 2150 (sic)
1057 2111 1107 2139 se
1136 2099 1402 2139 ostendunt.
1437 2097 1659 2150 Superest
1681 2105 1730 2138 ut
1756 2099 1833 2139 ille

186 2171 265 2222 qui
293 2183 375 2223 per
404 2171 606 2223 Spiritus
632 2171 793 2212 Sancti
819 2173 1027 2224 gratiam
1063 2173 1231 2212 horum
1260 2171 1442 2210 animas
1480 2170 1828 2217 illuminauerit,

185 2243 362 2283 eisdem
384 2244 562 2284 tamdiu
591 2245 862 2295 praelucere
893 2243 1128 2294 dignetur,
1160 2241 1369 2294 quandiu
1397 2241 1453 2281 de
1483 2242 1633 2281 salute
1668 2253 1831 2281 eorum

184 2315 550 2366 periclitabitur,
594 2322 642 2355 ut
682 2315 872 2355 tandem
913 2315 972 2355 ad
1013 2321 1201 2366 portum
1243 2313 1408 2353 salutis
1448 2313 1649 2364 sospites
1682 2312 1828 2364 perfe-

183 2393 365 2426 rantur.

266 2457 626 2499 Haereticorum
660 2470 844 2510 quoque
872 2458 1017 2499 libros
1045 2464 1089 2497 et
1118 2458 1164 2497 in
1195 2457 1368 2497 scholis
1397 2467 1558 2496 coram
1588 2455 1830 2506 discipulis

185 2529 387 2579 (fuerant
409 2530 531 2570 enim
548 2530 611 2570 illi
630 2530 983 2582 discipulorum)
1002 2536 1046 2569 et
1063 2530 1109 2569 in
1127 2529 1329 2579 collegio
1345 2529 1486 2568 semel
1505 2533 1644 2578 atque
1661 2526 1829 2566 iterum

186 2601 543 2642 combussimus.

264 2671 353 2712 Sed
376 2673 548 2713 tacitus
579 2673 837 2724 praeterire
868 2685 961 2713 non
996 2684 1188 2724 possum
1220 2672 1279 2722 id,
1305 2671 1428 2723 quod
1449 2670 1545 2711 R.di
1572 2669 1725 2710 Patris
1750 2681 1830 2709 no·-

182 2743 267 2782 stri
289 2743 547 2784 ministerio
564 2756 791 2796 perquam
809 2745 997 2796 optime,
1017 2744 1134 2784 duce
1153 2750 1309 2783 tamen
1326 2742 1544 2790 Domino,
1564 2740 1828 2792 perfectum

182 2820 267 2854 est:
287 2813 481 2854 lllmam.
499 2816 677 2856 scilicet
696 2815 891 2866 Ducem,
908 2815 1017 2855 dum
1033 2815 1309 2866 Assumptio
1328 2813 1542 2864 Virginis
1559 2812 1737 2852 Mariae
1755 2823 1826 2851 ce-

181 2885 457 2935 lebraretur,
501 2887 767 2926 confessam
806 2887 981 2938 pariter
1027 2893 1072 2926 et
1111 2885 1409 2925 sanctissimo
1450 2884 1553 2923 cibo
1593 2882 1823 2922 refectam

182 2967 299 3006 esse,
323 2955 448 2996 facto
473 2957 601 3007 prius
624 2958 922 2997 sanctissimo
944 2956 1177 2997 sacrificio
1200 2969 1226 2996 a
1247 2956 1385 2996 Patre
1403 2961 1581 2995 nostrO.
1606 2953 1760 3004 Atque
1776 2953 1825 2992 in
