2047 3179
228 165 300 204 332
746 170 974 209 LITTERAE
989 183 1348 217 QUADRIMESTRES

310 263 569 306 Mansimus
585 267 629 307 in
653 268 730 308 illo
753 269 924 320 oppido
944 281 1028 321 per
1050 270 1210 311 decem
1233 270 1344 322 dies,
1370 277 1419 311 ut
1449 283 1611 312 eorum
1632 274 1871 316 maximae

231 334 468 376 deuotioni
501 339 908 390 responderemus
946 340 1051 381 Non
1084 341 1208 381 enim
1251 342 1566 393 permiserunt
1611 355 1696 383 nos
1739 345 1871 386 abire

233 413 442 459 tempore
463 409 725 462 praefinito,
750 411 929 452 scilicet
952 418 1121 453 octauo
1145 413 1234 464 die3
1265 413 1361 463 sed,
1395 414 1539 454 misso
1562 415 1622 455 ad
1642 415 1733 456 hoc
1754 428 1867 457 nun-

232 478 312 529 tio,
338 479 480 520 trium
501 480 682 522 dierum
704 482 916 524 inducias
938 484 1265 536 impetrarunt.
1289 483 1348 525 Et
1369 485 1478 536 quia
1499 487 1653 526 nullus
1679 487 1868 528 uolebat

231 550 321 591 nisi
341 552 476 593 nobis
505 552 730 605 confiteri,
761 555 886 596 misit
914 555 960 596 Ρ.
985 556 1158 596 Rector
1190 555 1377 597 Patrem
1401 557 1632 610 Joannem
1666 558 1871 599 Mortan-

231 634 354 674 nem,
376 624 453 676 qui
470 624 530 665 ad
547 626 923 677 copiosissimam
935 639 1135 668 messem
1148 628 1196 668 in
1208 628 1379 669 horrea
1391 629 1582 670 Domini
1594 630 1871 671 mittendam

233 694 493 736 adiuuaret.
519 695 937 739 Communicarunt
959 706 1131 750 autem,
1150 700 1286 740 nobis
1300 701 1641 752 praesentibus,
1663 713 1868 754 nongen-

234 765 284 817 ti;
307 767 442 807 multi
463 767 604 807 etiam
625 774 788 809 nostra
810 771 1011 822 uestigia
1039 771 1314 823 subsequuti
1341 771 1418 812 hic
1446 773 1873 825 communicarunt,

234 837 392 888 plures
409 838 552 878 etiam
573 841 787 891 sequenti
808 841 1059 892 dominica,
1084 848 1173 883 etc.

314 909 545 962 Tempore
566 911 879 964 carnispriuii,
900 925 1006 954 cum
1026 915 1259 955 lauretani
1275 926 1324 955 se
1342 916 1474 956 uerbi
1490 916 1637 957 diuini
1654 916 1878 967 indignos

235 979 519 1032 effecissent,
558 993 648 1034 quo
682 983 876 1024 liberius
912 985 1036 1025 illius
1070 986 1295 1037 temporis
1329 987 1650 1028 deliramentis
1697 998 1875 1028 uacare

237 1058 444 1103 possent,
469 1053 640 1094 missus
662 1061 732 1095 est
753 1061 913 1096 noster
935 1057 1244 1098 concionator
1265 1069 1372 1098 cum
1393 1057 1533 1099 Patre
1555 1058 1803 1099 Mortanne
1820 1059 1869 1099 in

235 1123 458 1175 oppidum
477 1125 713 1176 quoddam
736 1127 957 1179 uicinum,
982 1128 1058 1168 cui
1083 1140 1254 1169 nomen
1282 1128 1471 1180 Ciriolo,
1496 1130 1588 1181 ubi,
1621 1136 1875 1182 postquam

238 1194 480 1236 habuisset
502 1197 792 1249 concionem,
825 1211 991 1251 pacem
1012 1200 1266 1252 quamdam
1294 1202 1557 1253 composuit
1587 1202 1708 1242 inter
1739 1202 1875 1252 du05‚

238 1272 283 1306 et
303 1267 362 1307 ad
383 1266 743 1310 instaurandum
763 1269 1010 1323 hospitale,
1030 1271 1377 1323 quodammodo
1393 1272 1684 1324 derelictum,
1704 1272 1874 1324 'prima—

237 1344 306 1378 tes
327 1337 450 1379 illius
471 1339 629 1392 oppidi
651 1341 891 1383 excitauit.
917 1341 1162 1394 Quaedam
1184 1343 1327 1384 etiam
1347 1344 1441 1384 alia
1461 1344 1586 1385 bona
1608 1344 1809 1396 peregit,
1830 1350 1877 1384 ct

240 1408 416 1450 bonum
437 1411 631 1452 odorem
651 1411 900 1454 Societatis
921 1414 984 1454 ibi
1005 1415 1206 1467 reliquit.

319 1481 466 1533 Haec,
489 1481 543 1523 R.
567 1483 635 1535 P.,
660 1490 796 1525 extra
819 1485 1008 1526 domum
1034 1487 1330 1528 lauretanam
1359 1494 1468 1528 sunt
1497 1489 1587 1528 hoc
1615 1487 1879 1539 quadrime-

241 1553 327 1593 stri
347 1562 557 1605 peracta.
591 1553 701 1596 Alia
721 1567 850 1607 uero,
875 1568 995 1608 quae
1017 1563 1177 1599 tantae
1198 1559 1364 1599 matris
1397 1559 1622 1611 auspiciis
1648 1557 1879 1610 pientissi-

241 1636 345 1665 mus
377 1624 515 1679 Jesus
549 1626 624 1667 hic
659 1626 882 1679 dignatus
917 1635 987 1669 est
1021 1630 1228 1681 operari,
1268 1630 1372 1682 quis
1407 1629 1690 1670 sufficienter
1722 1629 1880 1670 ualeat

241 1698 539 1738 enumerare?
572 1698 822 1743 Confluunt
855 1701 915 1741 ad
941 1701 1066 1741 hanc
1095 1701 1444 1742 sanctissimam
1474 1701 1664 1742 domum
1694 1713 1754 1741 ex
1783 1700 1882 1741 uni-

241 1780 380 1809 uerso
400 1769 498 1810 fere
519 1771 693 1811 mundo
724 1772 931 1824 quotidie
961 1773 1322 1825 peregrinorum
1355 1779 1591 1825 cateruae,
1616 1778 1661 1813 et
1688 1773 1881 1832 populo-

242 1851 347 1881 rum
380 1841 716 1894 multitudines,
749 1854 949 1895 quorum
977 1844 1217 1885 deuotioni
1247 1850 1432 1897 oportet
1463 1856 1551 1885 nos
1585 1855 1671 1896 pro
1699 1843 1881 1884 uiribus

244 1912 488 1954 inseruire.
512 1912 683 1955 Sumus
702 1914 800 1955 fere
818 1927 1003 1968 semper
1024 1916 1191 1957 saltem
1205 1915 1231 1956 3
1248 1928 1307 1957 ex
1323 1915 1649 1957 sacerdotibus
1677 1914 1884 1956 Societa-

243 1984 303 2026 tis
325 1985 372 2025 in
393 1986 582 2037 templo,
608 1986 686 2038 qui
707 1998 777 2038 ea,
797 1998 937 2039 quam
960 1999 986 2027 a
1008 1987 1214 2028 Domino
1237 1988 1527 2040 accepimus,
1552 1987 1783 2028 charitate
1806 1986 1885 2027 ad-

243 2057 487 2098 uenientes
508 2057 690 2098 animas
711 2058 772 2099 ad
793 2070 942 2111 aquas
971 2059 1311 2100 consolationis
1334 2066 1379 2100 et
1411 2058 1733 2110 indulgentiae
1768 2058 1884 2098 reci-

243 2128 412 2179 pimus,
436 2134 501 2180 ut,
526 2130 758 2181 sanguine
780 2129 956 2171 Christi
971 2130 1230 2171 inebriatae
1248 2137 1292 2171 et
1310 2135 1518 2171 torrente
1534 2129 1791 2182 uoluptatis
1808 2141 1886 2181 po·

244 2205 387 2252 tatae,
411 2199 651 2252 digniores
686 2201 886 2242 reddant
906 2202 1170 2253 gratiarum
1192 2202 1403 2242 actiones
1425 2201 1624 2252 auctori,
1649 2206 1693 2242 et
1714 2200 1890 2241 media-

246 2272 354 2312 trici
376 2272 586 2314 omnium
605 2273 852 2314 bonorum.

324 2343 574 2396 Recipiunt
595 2351 753 2385 autem
784 2357 843 2386 ex
874 2346 1049 2386 nostris
1076 2357 1171 2386 non
1201 2346 1352 2386 solum
1382 2345 1703 2385 testimonium
1735 2343 1886 2384 defae-

245 2423 382 2457 catae
402 2416 737 2468 conscientiae,
761 2423 869 2469 post
890 2416 1162 2468 diligentem
1182 2416 1597 2466 examinationem,
1629 2415 1710 2456 sed
1745 2415 1888 2455 etiam

247 2489 417 2529 miram
440 2488 693 2541 quamdam
714 2488 859 2529 animi
879 2488 1122 2539 laetitiam,
1145 2488 1210 2529 ita
1232 2494 1282 2528 ut
1302 2487 1539 2529 interdum
1559 2487 1607 2528 in
1627 2487 1715 2527 has
1741 2497 1886 2527 uoces

247 2566 293 2601 et
315 2560 491 2601 similes
512 2566 836 2613 prorumpant:
856 2559 925 2601 Sit
945 2560 1220 2601 benedictus
1235 2558 1380 2610 Deus,
1401 2559 1480 2611 qui
1497 2571 1571 2599 me
1592 2557 1814 2610 perduxit
1830 2556 1891 2598 ad

249 2638 309 2672 te.
333 2632 434 2683 Ego
457 2632 689 2673 hactenus
709 2632 929 2684 ignoraui
965 2632 1077 2684 quid
1112 2637 1236 2672 esset
1264 2630 1492 2672 confiteri.
1525 2630 1629 2681 Ego
1658 2629 1894 2670 hactenus

250 2715 344 2744 non
365 2702 433 2744 fui
454 2704 755 2745 christianus.
787 2703 1044 2745 Benedicta
1074 2703 1134 2744 sit
1163 2709 1329 2753 mater,
1359 2714 1480 2755 quae
1507 2707 1552 2742 te
1580 2700 1776 2753 peperit,
1800 2705 1891 2740 etc.
1952 2727 1955 2731 ,

250 2774 410 2816 Solent
431 2775 789 2826 flagitiosissimi
810 2776 982 2827 quique
1003 2774 1064 2815 ad
1085 2786 1172 2815 nos
1190 2774 1442 2824 confluere,
1463 2785 1491 2813 a
1511 2771 1646 2813 nobis
1667 2770 1893 2823 grauissi-

250 2858 435 2887 morum
446 2847 723 2887 delictorum
739 2846 1081 2887 absolutionem
1093 2856 1201 2886 cum
1211 2844 1469 2896 lachrymis
1481 2843 1757 2894 efflagitare,
1771 2842 1896 2882 inter

248 2931 368 2972 quos
389 2925 496 2960 sunt
516 2918 749 2971 permulti,
774 2919 852 2969 qui
874 2931 900 2958 a
925 2917 987 2968 10,
1012 2917 1105 2968 alii,
1129 2917 1208 2969 qui
1229 2929 1256 2957 a
1276 2915 1329 2957 20
1349 2922 1394 2956 et
1420 2915 1473 2956 25
1505 2914 1642 2955 annis
1669 2926 1764 2954 non
1785 2918 1894 2954 sunt

250 2990 472 3032 confessi:
498 2989 576 3030 alii
597 2989 754 3041 etiam,
792 2989 871 3041 qui
897 2989 1013 3029 nulli
1042 2987 1441 3029 confessariorum
1469 2985 1756 3038 grauissima
1791 2995 1896 3037 pec·
