2047 3179
899 144 982 180 AN.
1012 144 1102 181 1555
1746 149 1817 185 305

173 251 300 290 cenS,
324 241 664 280 confessionem
683 240 909 280 hactenus
931 240 1239 290 abhorruerit,
1279 253 1402 281 nunc
1432 242 1478 281 in
1506 243 1672 293 quibus
1705 244 1816 283 deli-

173 310 339 361 querit,
360 318 529 352 cuncta
545 311 821 358 euomuisse3
843 317 888 351 et
905 311 962 350 ab
982 311 1303 351 huiuscemodi
1320 312 1685 363 turpitudinibus
1703 325 1811 365 pro-

173 381 310 429 fecta,
334 382 393 422 ad
413 383 602 422 easdem
623 393 861 433 nunquam
883 381 1078 433 posthac
1101 382 1330 422 accedere
1351 383 1560 433 pollicita
1584 390 1668 424 est.
1689 384 1813 425 Huic

174 452 354 492 accedit
375 452 557 493 iuuenis
574 453 664 493 XX
681 463 853 492 annum
870 452 1123 503 attingens,
1145 453 1241 504 qui,
1261 453 1333 492 sui
1351 453 1629 494 confessarii
1646 456 1816 495 exhor-

174 523 427 563 tationibus
456 523 698 574 impulsus,
732 523 788 563 ab
820 522 1014 563 aedibus
1051 523 1147 563 suis
1182 523 1453 564 deturbauit
1485 525 1811 575 concubinam,

174 605 375 644 quacum
397 600 494 633 tres
517 606 665 634 annos
700 594 884 634 uinctus
915 594 1062 634 uitam
1098 594 1313 634 duxerat.
1339 594 1561 635 Similiter
1584 596 1814 647 quaedam

172 664 352 714 mulier,
376 676 494 715 quae
517 666 611 704 fere
635 671 812 716 septem
835 676 982 704 annos
1005 664 1249 704 cuiusdam
1279 666 1540 706 sacerdotis
1563 667 1720 718 (pudet
1747 667 1813 707 di-

171 734 314 784 cerel)
347 736 495 775 amori
517 748 715 787 annexa,
754 736 876 776 illius
910 736 1140 775 uoluntati
1162 747 1339 776 morem
1359 737 1575 788 gesserit,
1610 744 1680 777 est
1703 750 1810 778 con-

169 804 309 855 fessa,
333 811 378 845 et
400 806 456 846 ab
479 806 555 845 illo
579 806 915 847 discessionem
935 807 1165 858 promisit.
1199 806 1324 857 Quot
1352 819 1378 847 a
1401 809 1812 859 superstitionibus

170 876 394 926 reuocati,
419 877 495 927 qui
522 878 728 917 cartulas
750 878 869 918 collo
893 888 1104 917 annexas
1138 878 1412 929 gestabant,
1436 885 1682 930 sperantes
1702 892 1760 920 ne
1784 893 1810 920 a

169 946 293 987 ferro
315 948 516 998 quidem,
542 949 647 988 licet
671 949 957 999 acutissimo,
983 949 1093 1000 quid
1115 961 1269 989 noxae
1297 950 1513 1001 accipere
1540 952 1695 1001 posse!
1718 950 1811 992 Sed

169 1018 392 1066 infelices,
419 1019 599 1059 hostem
621 1031 705 1071 pro
728 1020 901 1071 sospite
922 1020 1151 1070 fouenteS,
1176 1021 1389 1071 grauiter
1411 1022 1646 1061 uulnerati
1677 1022 1734 1062 ab
1757 1034 1811 1062 eo

169 1089 284 1140 ipso,
310 1101 336 1129 a
359 1101 453 1141 quo
477 1092 675 1131 salutem
706 1092 960 1143 sperabant
982 1092 1211 1143 corporis,
1251 1092 1392 1132 etiam
1414 1092 1473 1132 ad
1504 1093 1688 1133 animae
1712 1105 1811 1133 sus-

166 1160 387 1211 pendium
410 1161 714 1213 ducebantur;
739 1169 783 1202 et
804 1174 922 1214 quae
944 1163 1069 1202 mille
1095 1163 1296 1203 nocendi
1328 1169 1455 1203 artes
1476 1163 1743 1204 huiusmodi
1765 1170 1810 1205 et

164 1231 364 1271 diuersis
387 1233 794 1283 superstitionibus
816 1233 1216 1274 intercedentibus
1239 1240 1561 1285 excusserant,
1582 1236 1674 1275 tela
1696 1235 1809 1276 nihi-

166 1302 369 1342 lominus
391 1303 435 1342 in
459 1304 638 1354 seipsas
659 1315 843 1355 semper
879 1304 1198 1352 conficientes,
1224 1311 1395 1344 cuncta
1418 1316 1611 1345 suarum
1633 1306 1807 1347 anima-

166 1384 270 1413 rum
291 1373 640 1414 damnationem
660 1375 899 1415 molientia
916 1377 1144 1426 repulere.
1166 1375 1216 1415 Id
1233 1376 1420 1426 generis
1437 1377 1738 1429 perplurima,
1757 1385 1808 1418 ut

169 1444 240 1483 his
260 1445 659 1495 supersedendum
681 1446 828 1486 satius
856 1446 991 1487 duco.

245 1515 460 1565 Veniam,
486 1516 586 1556 Rde
616 1515 770 1565 Pater,
795 1517 853 1557 ad
875 1529 978 1557 eam
1006 1517 1262 1567 mulierem,
1295 1529 1415 1568 quae
1443 1524 1623 1569 septem
1655 1531 1806 1560 annos

163 1586 210 1625 in
230 1594 425 1638 peccato
448 1588 660 1628 luxuriae
681 1589 1072 1640 perseuerauerit:
1092 1600 1146 1628 ea
1169 1588 1353 1637 misera,
1380 1601 1486 1629 cum
1507 1589 1694 1631 foueam
1712 1591 1803 1631 sibi

166 1660 519 1708 construxisset,
547 1660 714 1711 laqueo
736 1670 916 1711 quoque
948 1659 1180 1699 tendendo
1218 1661 1436 1711 propriae
1456 1660 1579 1701 filiae
1601 1673 1797 1713 operam

164 1728 302 1779 dedit,
323 1736 367 1768 et
389 1730 575 1769 demum
602 1729 806 1770 effrenae
829 1737 872 1770 et
906 1731 1204 1782 turpissimae
1233 1731 1502 1783 cupiditatis
1536 1744 1649 1772 suae
1671 1744 1798 1772 com-

161 1811 247 1850 pos
268 1799 432 1840 effecta
454 1807 537 1851 est,
563 1800 704 1841 filiam
726 1801 848 1841 enim
869 1802 916 1841 in
935 1802 1152 1853 proprias
1180 1802 1399 1842 tenebras
1428 1802 1626 1844 detrusit
1658 1804 1722 1844 ita
1752 1814 1804 1844 ut

157 1870 287 1922 quod
305 1871 415 1911 olim
437 1872 719 1912 discriminis
737 1872 856 1912 inter
874 1879 1122 1924 utramque
1140 1872 1292 1921 fuerit,
1314 1884 1408 1913 non
1424 1874 1513 1913 mei
1536 1880 1605 1914 est
1622 1874 1797 1915 iudicii:

158 1941 241 1981 sed
258 1942 563 1993 praeteritum
580 1949 762 1993 tempus
780 1944 1023 1992 intersero;
1043 1955 1154 1983 nam
1172 1951 1323 1983 mater
1339 1944 1468 1983 hisce
1487 1944 1650 1984 diebus
1668 1957 1805 1996 prae-

156 2012 298 2053 terita
320 2014 442 2053 mala
456 2013 722 2063 deplorans,
745 2019 788 2053 et
805 2014 962 2054 futura
980 2025 1085 2054 cum
1103 2014 1417 2054 admiratione
1435 2026 1647 2066 sperans,
1667 2027 1802 2067 prae-

158 2083 310 2123 sentia
326 2084 582 2124 reformare
602 2084 822 2124 decreuit.
844 2084 995 2133 Unde,
1010 2084 1066 2125 de
1082 2085 1292 2136 peccatis
1314 2086 1552 2125 humiliter
1569 2087 1802 2139 confessa,

155 2152 516 2194 Sanctissimum
533 2153 892 2195 Sacramentum
910 2156 1135 2207 percepit,
1158 2156 1375 2207 quodque
1394 2155 1677 2197 laudabilius
1700 2169 1803 2197 cen-

158 2236 254 2274 seo,
278 2236 418 2276 quam
440 2226 615 2276 optimo
638 2226 761 2265 uitae
785 2237 899 2266 suae
920 2237 1043 2266 nouo
1072 2227 1285 2267 instituto
1317 2227 1676 2278 diligentissime
1710 2234 1803 2268 stu-

157 2295 248 2336 det.
268 2295 468 2336 Videtur
486 2308 676 2336 suorum
694 2303 996 2348 peccatorum
1013 2298 1247 2348 contriti03
1267 2299 1475 2338 cernitur
1493 2298 1539 2337 in
1557 2298 1677 2339 bono
1698 2299 1800 2339 eius

154 2367 435 2417 constantia,
460 2368 558 2407 eius
581 2366 858 2418 obedientia,
890 2380 1032 2420 quam
1062 2380 1147 2408 suo
1177 2368 1468 2408 confessario
1497 2369 1700 2419 exhibet,
1732 2370 1802 2409 in-

154 2438 395 2489 telligitur,
420 2445 517 2478 tum
540 2438 750 2489 plurimis
771 2444 816 2479 et
839 2439 1234 2480 manifestissimis
1258 2440 1569 2490 argumentiS,
1585 2446 1683 2480 tum
1701 2452 1800 2481 ma-

155 2509 280 2549 xime
303 2509 390 2549 hoc
412 2521 522 2559 unO,
548 2509 671 2560 quod
695 2521 802 2549 cum
832 2509 902 2550 his
928 2510 1092 2550 diebus
1124 2509 1386 2560 Paschatis‚
1413 2517 1463 2550 ut
1483 2510 1732 2552 Ferrariae
1755 2521 1800 2552 et

156 2581 221 2629 (ut
242 2580 398 2629 credo)
421 2580 592 2631 ubique
615 2580 760 2620 moris
782 2586 866 2631 est,
891 2581 1102 2621 homines
1124 2581 1296 2621 mutuis
1318 2581 1454 2621 donis
1486 2581 1674 2633 donari,
1704 2595 1800 2623 mu-

152 2661 267 2690 nera
289 2650 653 2702 haudquaquam
674 2651 1016 2691 contemnenda
1039 2652 1098 2692 ab
1120 2652 1226 2701 illis,
1251 2664 1370 2704 quae
1394 2653 1627 2693 nefariam
1654 2654 1801 2694 uitam

149 2727 472 2773 sequerentur,
497 2733 523 2761 a
545 2722 758 2773 plurimis
780 2722 1090 2773 mitterentur,
1110 2729 1283 2763 cuncta
1305 2723 1588 2775 repudiauit,
1609 2731 1653 2765 et
1672 2725 1799 2766 baiu—

152 2793 225 2832 los
245 2803 351 2832 cum
379 2792 544 2832 eodem
576 2804 717 2833 onere
752 2793 877 2844 quod
911 2799 1217 2844 gestauerant
1252 2794 1448 2845 remisit;
1483 2806 1571 2835 nec
1602 2796 1798 2837 alicuius

151 2873 358 2914 unquam
385 2863 603 2914 precibus
636 2864 887 2915 acquieuit;
926 2870 970 2904 et
1001 2865 1217 2915 quamuis
1254 2877 1347 2905 non
1383 2865 1583 2906 defuerit
1605 2866 1799 2908 humani

153 2933 345 2984 generis
376 2933 693 2984 aduersarius,
732 2935 810 2985 qui
837 2935 961 2975 uires
997 2946 1106 2975 suas
1129 2936 1189 2976 ad
1223 2937 1406 2988 lapsum
1430 2936 1568 2977 huius
1588 2938 1798 2979 mulieris
