2047 3179
216 172 288 210 634
739 173 962 211 LITTERAE
982 184 1342 218 QUADRmffisTREs

213 270 462 310 stratensis
483 276 528 310 et
549 270 752 311 Domina
774 271 983 312 eiusdem
1013 270 1220 311 ciuitatis
1248 270 1565 311 Culembersis
1600 269 1727 320 (sz'c),·
1761 271 1858 322 plu-

212 341 317 381 rimi
356 341 533 382 nobiles
577 342 784 394 vndique
831 354 886 382 eo
925 342 1193 394 frequenter
1234 341 1473 381 confluunt
1494 353 1501 381 :
1543 342 1706 381 volunt
1747 341 1852 393 ipsa

211 413 318 452 D.¹1a
343 412 594 454 Comitissa
617 425 722 454 cum
743 414 846 454 aliis
867 414 1073 454 scribere
1096 413 1155 453 ad
1175 412 1224 454 P.
1250 412 1308 454 V.
1342 420 1389 452 Vt
1417 424 1523 453 eum
1547 413 1726 463 possint
1756 424 1852 452 ser-

209 495 338 524 uare.
364 482 539 524 Omnes
567 484 848 525 confitentur
882 484 1025 531 Patri3
1064 492 1107 524 et
1130 485 1230 536 ipsa
1262 484 1528 533 Comitissa,
1567 484 1660 523 iam
1690 483 1850 533 vidua,

210 555 552 606 pretiosissima
586 567 798 608 quaeque
829 567 928 604 sua,
966 555 1134 607 quibus
1169 555 1341 596 mundo
1374 555 1602 595 hactenus
1639 554 1857 603 seruiuit‚

211 626 289 666 dat
311 627 480 667 diuinis
502 627 676 674 usibus,
701 634 745 667 et
768 629 865 667 vult
888 639 994 667 cum
1016 626 1103 666 Dei
1132 627 1288 678 gratia
1317 638 1480 666 omnes
1517 637 1602 666 suo
1638 627 1854 676 exemplo

211 698 511 749 praecedere,
535 704 579 738 et
601 699 798 749 singulis
819 697 1066 738 dominicis
1088 697 1252 738 diebus
1281 697 1491 737 confiteri
1522 705 1565 737 et
1602 697 1860 737 communi-

212 780 336 819 care3
361 769 575 809 similiter
597 770 785 821 plurimi
806 770 899 809 alii.
924 769 1026 820 Ego
1054 781 1168 809 vero
1197 769 1256 809 ad
1279 769 1395 809 haec
1427 768 1647 820 respondi
1673 769 1859 808 consul-

212 840 305 880 tius
326 840 477 880 videri
498 846 548 880 vt
570 841 795 892 paulatim
818 847 1094 880 assuescant
1116 840 1422 892 frequentiori
1450 839 1783 889 communioni,
1809 845 1854 879 et

217 911 353 952 simul
374 912 675 966 habituentur
710 912 757 951 in
788 912 914 952 omni
945 913 1133 958 virtute,
1170 912 1277 963 quia
1315 911 1508 952 dubium
1541 922 1635 951 non
1655 917 1725 951 est
1745 911 1858 963 quin

215 983 417 1034 plurima
435 983 560 1023 omni
582 995 640 1023 ex
662 990 794 1034 parte
816 983 1066 1033 patientur.
1092 983 1243 1033 Erigit
1264 983 1366 1034 ipsa
1388 982 1591 1022 Domina
1621 989 1665 1022 et
1694 982 1772 1022 alii
1793 983 1856 1022 al-

214 1062 315 1094 tare
338 1066 444 1094 cum
466 1054 754 1094 ornamentis
777 1054 896 1094 sicut
932 1055 1006 1094 hic
1038 1054 1251 1103 Louanii,
1290 1061 1340 1094 vt
1377 1054 1574 1104 singulis
1609 1053 1859 1094 dominicis

215 1124 377 1165 diebus
398 1125 653 1165 honorifice
671 1132 935 1177 exponatur
949 1125 1232 1166 Venerabile
1253 1124 1612 1165 Sacramentum
1626 1136 1711 1176 pro
1735 1136 1857 1164 com-

214 1196 438 1236 moditate
461 1197 922 1236 communicantium.
948 1196 1110 1248 Itaque
1133 1208 1240 1236 cum
1267 1196 1513 1236 videamus
1540 1196 1744 1236 fructum
1764 1207 1861 1236 non

214 1260 396 1319 parum,
421 1268 671 1308 statuimus
691 1268 868 1308 dictum
891 1267 1076 1308 Patrem
1099 1268 1160 1308 ibi
1196 1268 1255 1308 ad
1285 1268 1473 1319 aliquod
1509 1279 1693 1308 menses
1723 1267 1859 1307 relin—

216 1350 374 1391 quere,
398 1339 487 1379 nisi
509 1339 634 1380 aliud
656 1339 994 1391 significauerit
1016 1339 1064 1379 P.
1095 1339 1152 1380 V.

295 1409 545 1451 Confrater
574 1418 733 1452 noster
763 1411 810 1451 P.
837 1411 1003 1452 Petrus
1039 1411 1279 1463 Hispanus
1314 1411 1320 1429 ¹
1363 1411 1513 1450 haesit
1551 1411 1640 1450 hac
1677 1417 1856 1451 aestate

226 1481 407 1521 duobus
436 1494 555 1534 pene
593 1483 831 1523 mensibus
870 1483 917 1523 in
956 1483 1160 1523 fontibus
1200 1493 1346 1534 prope
1381 1482 1628 1531 Leodium,
1671 1490 1865 1533 propter

218 1553 447 1605 quasdam
483 1554 695 1605 corporis
730 1553 1039 1594 infirmitates.
1079 1554 1386 1595 Contulerant
1415 1565 1527 1593 vero
1551 1565 1600 1593 se
1631 1565 1685 1593 eo
1722 1565 1862 1605 quae-

218 1624 327 1664 dam
357 1624 561 1664 Ducissa
593 1637 651 1665 ex
673 1627 780 1665 aula
803 1625 1068 1666 Caesareae
1092 1624 1352 1665 Maiestatis
1380 1631 1423 1664 et
1461 1635 1671 1664 summus
1706 1635 1856 1664 secre-

218 1696 368 1736 tarius
403 1695 668 1737 Caesareae
700 1697 962 1737 Maiestatis
981 1708 1086 1737 cum
1104 1697 1209 1737 D.1¹0
1234 1696 1404 1737 Alexio
1423 1695 1638 1736 Fontana
1662 1695 1675 1714 “²
1693 1702 1738 1736 et
1755 1696 1863 1736 aliis.

217 1768 364 1807 uariis
381 1768 628 1808 nobilibus.
647 1768 817 1809 Noster
841 1775 997 1809 autem
1031 1768 1183 1808 dictus
1203 1767 1344 1808 Pater
1377 1766 1472 1808 fere
1500 1767 1708 1819 quotidie
1742 1768 1859 1807 cele-

218 1839 371 1879 brauit
399 1840 459 1880 ad
488 1840 698 1891 ipsorum
725 1841 1012 1886 instantiam;
1039 1851 1237 1892 cumque
1261 1840 1432 1879 vellent
1453 1838 1641 1879 diuersa
1665 1838 1707 1878 ei
1728 1838 1858 1886 dare,

220 1911 470 1951 recusauit.
495 1911 706 1952 Tandem
728 1913 868 1952 etiam
889 1912 991 1963 ipsa
1014 1911 1216 1951 Ducissa
1234 1922 1341 1951 cum
1362 1910 1466 1950 aliis
1488 1909 1732 1950 confessae
1754 1917 1862 1950 sunt

222 1988 268 2022 et
308 1983 777 2023 communicauerunt
818 1984 904 2023 sub
926 1983 1169 2035 praedicto
1206 1982 1345 2022 Patre
1380 1987 1558 2031 nostr03
1589 1987 1632 2021 et
1668 1987 1720 2020 vt
1751 1981 1863 2021 mihi

220 2052 362 2093 etiam
396 2054 554 2094 retulit
587 2053 645 2094 D.
676 2054 889 2105 Alexius,
913 2054 1128 2094 omnibus
1149 2053 1233 2094 fuit
1252 2052 1585 2094 aedificationi.

302 2124 447 2176 Haec,
472 2125 612 2166 Pater
632 2125 758 2176 RQ,
779 2132 887 2166 sunt
904 2126 1175 2178 praecipua,
1195 2137 1317 2177 quae
1333 2125 1381 2164 in
1398 2123 1775 2176 praesentiarum
1794 2135 1869 2163 oc-

223 2203 418 2237 currunt
440 2197 703 2238 scribenda.
724 2197 1122 2238 Commendamus
1144 2208 1229 2237 nos
1250 2202 1504 2247 nostraque
1533 2195 1689 2235 omnia
1720 2194 1868 2246 preci·

224 2267 356 2308 cibus
376 2267 425 2308 P.
450 2267 508 2308 V.
534 2269 834 2320 omniumque
856 2268 1048 2308 Patrum
1065 2280 1120 2308 ac
1144 2268 1358 2318 fratrum,
1382 2278 1499 2318 quos
1522 2277 1686 2306 omnes
1704 2266 1751 2306 in
1774 2264 1870 2305 Do-

226 2339 352 2379 mino
363 2338 474 2391 jesu
487 2340 739 2390 plurimum
755 2341 1029 2380 salutamus.
1050 2339 1136 2379 His
1154 2339 1309 2379 valeat
1322 2338 1369 2378 in
1387 2336 1594 2377 Domino
1608 2337 1720 2390 Jesu
1737 2336 1785 2377 P.
1805 2336 1866 2377 V.

306 2409 510 2462 Raptim.
535 2411 751 2461 Louanii,
788 2410 837 2451 10
858 2410 1147 2462 Septembris
1169 2421 1292 2450 anno
1320 2409 1438 2449 1555.

523 2481 647 2522 Rsslae
674 2482 723 2523 P.
749 2482 807 2523 V.
832 2494 997 2523 seruus
1019 2482 1066 2522 in
1088 2481 1310 2531 Domino,

752 2590 1002 2631 ADRIANUS
1031 2588 1239 2629 ADRIANI
1271 2601 1331 2628 AB
1362 2587 1653 2628 ANTUERPIA.

314 2767 670 2820 &perscriptio
710 2769 760 2808 [n
800 2771 974 2819 quarta
1008 2766 1217 2818 pagina:
1256 2739 1369 2806 HTIS.
1395 2765 1495 2806 R.d0
1533 2765 1580 2804 in
1619 2763 1701 2804 X.0
1743 2762 1873 2803 Patri

289 2903 299 2923 ¹
339 2903 375 2930 P.
391 2903 515 2931 Petrus
532 2903 648 2939 Spiga.
664 2904 752 2931 Vide
767 2910 884 2937 supra.
901 2908 925 2930 t.
942 2909 977 2936 11,
993 2909 1070 2936 pag.
1087 2902 1150 2936 594,
1167 2906 1285 2929 annot.
1304 2902 1331 2928 2.

287 2951 301 2970 ²
339 2950 392 2978 Cf.
410 2951 602 2986 Danaes,
616 2951 929 2978 L’etablissement
950 2949 992 2977 de
1010 2949 1044 2976 la
1069 2948 1284 2983 Compagnie
1299 2949 1341 2976 de
1361 2948 1469 2983 jesus
1491 2948 1582 2974 dans
1603 2947 1655 2974 les
1674 2945 1874 2981 Pays-Bas,

234 3005 314 3033 pag.
328 2998 374 3033 20,
390 3004 509 3026 annot.
527 3000 550 3026 1.
