2047 3179
920 121 1003 158 AN.
1035 121 1126 158 1555
1767 123 1839 161 285

205 219 398 259 lutifera
419 218 605 259 iubilaei
626 217 906 270 propagatio
926 216 951 268 ¹,
978 229 1125 268 eoque
1154 217 1322 268 magis,
1346 218 1470 269 quod
1489 219 1535 258 in
1556 218 1678 258 hunc
1701 231 1836 260 usum

210 289 370 330 Rmus.
393 293 437 330 et
458 289 647 330 Illmus.
677 289 953 339 Prolegatus
973 289 1197 339 templum
1219 294 1431 328 nostrum
1452 288 1726 329 destinarat.
1750 290 1835 330 Ita-

205 372 296 413 que
316 372 398 412 per
423 360 689 412 quindecim
708 364 831 400 totos
853 359 952 399 dies
973 359 1198 410 impransi
1215 358 1447 399 interdum
1465 360 1523 399 ad
1541 360 1735 400 multam
1757 372 1836 400 no-

210 437 332 471 ctem
361 431 677 482 poenitentiae
713 433 1010 470 sacramento
1042 428 1055 447 ξ
1095 429 1208 480 ipsis
1241 428 1327 469 fuit
1371 430 1699 479 insistendum,
1741 443 1834 471 non

208 502 309 542 sine
341 502 722 553 praesentissima
750 501 1012 540 animarum
1039 501 1207 550 salute,
1244 511 1441 551 quarum
1478 501 1682 540 conditio
1718 502 1833 541 eius-

208 573 335 613 modi
354 573 450 613 fere
473 580 588 621 erat,
612 579 661 613 ut
691 583 795 613 cum
826 571 1105 612 Christianis
1134 571 1249 611 nihil
1281 571 1470 611 omnino
1504 578 1837 623 praeterquam

206 655 379 684 nomen
413 655 660 684 commune
695 643 869 683 habere
903 641 1187 682 uiderentur.
1224 641 1378 693 Atque
1413 642 1521 682 dum
1556 643 1706 682 omnis
1739 643 1836 682 fere

208 713 488 755 conditionis
510 714 722 754 homines
742 714 963 765 templum
984 719 1195 753 nostrum
1218 712 1477 761 uisitarent,
1497 714 1742 764 conspexit
1758 715 1837 754 ibi-

209 785 315 825 dem
336 785 474 825 Pater
505 785 694 837 quidam
724 785 973 836 quamdam
994 796 1160 835 parurn
1182 785 1406 824 honestae
1428 785 1552 824 uitae
1576 786 1836 835 mulierem,

210 868 352 908 quam
372 867 467 896 non
483 857 613 907 prius
635 868 658 896 e
676 858 778 896 loco
795 855 1130 907 poenitentium
1152 856 1431 895 accersitam
1453 855 1466 873 ⁵
1483 856 1671 905 dimisit,
1697 868 1838 908 quam

208 935 254 968 et
274 932 373 967 tam
394 927 677 978 flagitiosam
700 927 824 967 uitae
845 926 1077 967 rationem
1098 927 1423 976 detestaretur,
1448 933 1492 966 et
1515 927 1744 967 uiciniora
1767 939 1836 967 sa-

208 998 292 1038 luti
313 1010 363 1038 se
384 1005 627 1049 praestare
664 999 781 1038 uelle
811 997 1119 1049 promitteret.
1155 997 1408 1049 Negotium
1438 1010 1549 1038 uero
1577 998 1717 1039 Pater
1744 999 1836 1049 ille,

208 1081 300 1121 qua
323 1075 542 1120 coeperat
565 1069 819 1120 diligentia,
843 1074 993 1119 urget,
1018 1074 1076 1119 et,
1096 1068 1318 1120 quaesitis
1335 1069 1442 1108 hinc
1462 1069 1567 1109 inde
1584 1070 1837 1122 eleemosy-

207 1140 295 1189 nis,
320 1139 619 1180 matrimonio
642 1140 894 1191 copulauit.
923 1139 1044 1179 Hinc
1073 1139 1160 1179 sibi
1180 1139 1318 1180 Pater
1336 1140 1411 1179 ille
1434 1139 1619 1181 facilem
1639 1142 1840 1181 caeteris

206 1210 419 1262 sapiendi
453 1223 621 1250 ausam
644 1209 658 1228 ⁴
684 1210 942 1262 praebitam
970 1222 1073 1250 esse
1103 1210 1361 1261 pollicetur.
1390 1211 1541 1251 Faxit
1563 1212 1695 1251 Deus
1716 1213 1837 1263 opti-

206 1293 314 1321 mus
335 1282 580 1321 mam'mus
602 1285 653 1321 ut
674 1286 861 1322 tantum
887 1292 1135 1321 successus
1157 1282 1328 1321 Patris
1348 1281 1588 1322 laboribus
1609 1283 1836 1334 addatur,

209 1356 439 1404 quantum
462 1351 729 1392 uoluntatis
749 1352 961 1402 accessit,
983 1356 1035 1391 ut
1061 1352 1099 1391 z‘z'
1117 1364 1211 1391 nou
1233 1355 1420 1392 tautum
1442 1353 1629 1403 merita,
1656 1353 1703 1392 si
1721 1365 1840 1404 quae

205 1423 324 1474 sint,
343 1424 427 1463 sed
447 1427 490 1463 et
505 1423 730 1474 proximi
746 1423 948 1463 salutem
963 1423 1156 1474 possint
1178 1427 1441 1474 reportare.

287 1494 403 1547 sam
427 1506 539 1534 vero
563 1495 685 1546 quod
712 1495 772 1535 ad
797 1495 948 1546 fidem,
979 1506 1099 1546 quae
1126 1494 1184 1535 ab
1220 1495 1435 1535 omnibus
1455 1494 1679 1536 Societati
1705 1507 1836 1547 prae-

209 1571 378 1617 statur,
403 1566 584 1615 attinet,
607 1565 877 1606 incredibile
894 1571 963 1606 est
980 1572 1155 1618 quanta
1177 1565 1332 1617 opinio
1355 1566 1562 1607 omnium
1585 1567 1755 1607 animis
1775 1567 1840 1607 in-

210 1636 398 1677 sederit.
420 1637 615 1678 Vtinam
636 1639 752 1678 tales
773 1637 917 1677 simus
938 1638 1099 1690 quales
1120 1637 1360 1678 habemur.
1385 1638 1441 1678 Et
1470 1639 1656 1678 tametsi
1678 1650 1839 1679 omnes

208 1714 501 1760 compertum
521 1708 723 1749 habeant
745 1707 993 1749 Societatis
1013 1720 1315 1760 progressum
1336 1721 1360 1749 e
1388 1709 1574 1750 diuinae
1599 1710 1839 1761 potentiae

209 1790 295 1830 ope
317 1778 595 1829 dependere,
621 1779 819 1820 accessit
840 1786 996 1820 tamen
1018 1792 1178 1820 rumor
1199 1780 1402 1831 quidam,
1423 1781 1502 1832 qui
1518 1780 1725 1821 omnium
1743 1781 1838 1821 ani-

209 1861 311 1890 mos
338 1850 454 1890 satis
481 1851 574 1890 iam
600 1862 874 1902 persuasos,
915 1851 1058 1891 ueluti
1098 1851 1324 1891 miraculo
1358 1852 1581 1903 quodam,
1622 1853 1836 1903 perculit:

209 1927 408 1972 quatuor
443 1921 661 1961 nimirum
695 1921 830 1961 huius
864 1921 992 1961 vrbis
1027 1922 1176 1972 ciues,
1214 1933 1306 1962 non
1342 1922 1552 1962 occultos
1587 1921 1839 1963 Societatis

206 1998 572 2043 oppugnatores,
592 1992 842 2043 admissae,
860 1999 909 2032 ut
930 1993 1017 2044 ipsi
1039 1993 1181 2042 aiunt,
1212 1993 1377 2044 culpae
1398 1993 1708 2043 grauissimas
1730 2005 1835 2045 poe-

207 2074 295 2102 nas
317 2063 615 2114 persoluisse.
638 2063 818 2103 Horum
845 2063 967 2103 enim
992 2064 1169 2115 primus
1194 2064 1439 2115 repentina
1467 2070 1616 2104 morte
1647 2064 1838 2104 interiit.

208 2134 357 2184 Alter,
381 2141 572 2185 propter
592 2134 756 2174 onris
778 2134 967 2183 obitum,
990 2134 1079 2175 hoc
1100 2135 1242 2174 etiam
1262 2146 1429 2186 passus
1449 2140 1534 2185 est,
1558 2140 1608 2174 ut
1624 2134 1671 2174 in
1689 2142 1837 2176 extre—

208 2216 310 2244 mas
332 2206 626 2245 calamitates
647 2212 691 2245 et
712 2217 868 2246 rerum
896 2206 1102 2246 omnium
1129 2206 1556 2257 deploratissimum
1587 2212 1759 2246 statum
1780 2207 1838 2247 sit

207 2275 431 2327 dilapsus.
455 2276 639 2316 Tertius
659 2276 837 2316 tamdiu
857 2288 964 2317 cum
980 2276 1271 2329 ophthalmia
1289 2277 1569 2317 colluctatus
1586 2282 1671 2327 est,
1690 2277 1838 2318 donec

208 2346 322 2397 ipsis
335 2347 482 2387 oculis
498 2347 779 2398 priuaretur.
800 2347 1005 2398 Quartus
1022 2353 1192 2398 autem,
1212 2347 1514 2399 impurissimi
1532 2347 1699 2398 flagitii
1713 2360 1838 2399 reus,

208 2428 264 2456 ac
287 2417 475 2458 demum
496 2418 542 2458 in
559 2418 747 2458 uincula
764 2418 1017 2471 coniectus,
1037 2419 1097 2459 ad
1112 2419 1315 2470 remiges
1330 2417 1603 2470 propediem
1621 2419 1838 2470 ablegan-

207 2488 295 2528 dus
311 2494 395 2529 est.
422 2488 552 2539 Quae
575 2500 717 2540 quum
737 2489 785 2529 in
804 2490 1056 2530 multorum
1075 2490 1249 2530 ciuium
1276 2489 1445 2530 animis
1465 2495 1569 2530 rata
1588 2489 1839 2541 habentur,

207 2560 363 2600 uisum
393 2566 463 2600 est
489 2559 689 2600 fortasse
715 2559 867 2600 Deum
899 2559 1005 2612 Opt.
1035 2560 1160 2601 Max.
1191 2560 1515 2601 demonstrare
1542 2561 1693 2601 alieno
1715 2563 1838 2601 malo

206 2642 348 2680 quam
376 2630 535 2681 iniquo
564 2631 719 2671 animo
745 2630 865 2671 ferat
898 2632 1202 2672 detractores.
1238 2630 1334 2672 Nos
1365 2637 1491 2671 certe
1518 2630 1565 2672 in
1597 2644 1651 2672 ea
1679 2643 1841 2672 sumus

261 2789 269 2809 ¹
308 2791 565 2824 promulgatio.
582 2791 766 2818 Pomxcus.

258 2836 272 2854 ‘²
311 2837 598 2872 confessionibus
612 2839 811 2866 audiendis
827 2838 875 2867 Id.

258 2884 271 2902 ⁵
310 2893 411 2919 quam
430 2887 641 2913 accersitam
659 2894 722 2913 non
738 2887 830 2921 prius
847 2895 865 2914 a
881 2888 954 2914 loco
971 2888 1212 2921 poenitentium
1230 2886 1366 2914 dimisit.
1386 2884 1431 2911 ld.

257 2933 273 2952 ⁴
311 2940 542 2961 occasionem.
559 2934 606 2961 Id.
