2047 3179
216 155 288 192 566
730 158 957 197 LerERAE
985 170 1343 204 QUADmMEsTREs

298 254 551 296 Caeterum
571 256 631 296 ad
653 257 882 298 maiorem
902 258 991 298 Dei
1011 259 1213 309 gloriam
1235 259 1372 299 silere
1393 271 1487 299 non
1508 271 1704 311 possum
1725 272 1858 312 prae-

218 327 398 366 clarum
420 327 530 367 illud
553 328 789 378 publicum
821 329 1154 380 testimonium,
1179 331 1304 381 quod
1332 330 1507 370 domini
1537 331 1722 382 hispani
1752 343 1857 372 cum

218 397 315 438 suis
335 397 524 438 familiis
547 399 638 450 (qui
660 400 707 440 in
728 401 801 440 his
831 401 950 441 aulis
981 401 1127 451 regiis
1147 402 1366 452 permulti
1386 403 1515 453 sunt)
1539 402 1748 454 Collegio
1778 415 1856 443 no-

217 477 315 510 stro
338 469 598 511 Viennensi
627 473 872 523 perhibere
906 473 1071 513 solent.
1109 472 1285 513 Omnes
1313 473 1435 514 enim
1469 486 1562 514 uno
1594 486 1673 514 ore
1703 481 1856 514 conte-

217 548 402 582 stantur
422 542 545 582 hanc
563 543 801 583 ciuitatem
822 543 1047 584 beneficio
1065 544 1175 584 dicti
1192 544 1389 596 Collegii
1407 547 1543 596 longe
1560 557 1702 597 quam
1718 552 1858 585 antea

218 625 340 653 nunc
369 614 509 654 aliam
537 614 709 654 habere
736 614 921 664 faciem,
952 621 996 655 et
1027 628 1147 667 quae
1174 622 1281 656 ante
1310 616 1432 656 illius
1454 617 1707 657 aduentum
1738 618 1858 657 mole

217 684 466 724 haeresum
483 685 707 736 depressa
726 686 785 726 ad
802 686 986 726 ruinam
999 693 1095 727 tota
1116 687 1361 727 videbatur
1380 688 1687 739 propendere,
1707 688 1859 728 videri

215 767 353 806 posse
374 768 498 796 nunc
520 763 739 797 erectam.
765 757 1089 810 Eam'quoque
1111 759 1298 799 laudem
1321 760 1455 810 probi
1478 760 1605 799 ciues
1628 766 1671 799 et
1689 764 1859 799 matro-

215 838 305 867 nae
338 827 621 868 Viennenses
657 828 804 868 eidem
840 829 1071 880 tribuunt,
1105 841 1303 881 quarum
1332 830 1471 870 etiam
1499 820 1758 882 permultae
1788 830 1863 870 his

217 898 381 938 diebus
408 910 492 938 sua
520 899 710 938 nomina
742 899 950 940 adscribi
977 907 1202 941 curarunt
1230 900 1452 941 Societati
1482 900 1644 942 Sancti
1675 901 1862 941 Rosarii

215 969 391 1010 Beatae
412 969 641 1021 Virginis,
666 970 915 1011 deuotione
937 972 1183 1022 hispanica
1216 972 1339 1024 apud
1368 972 1540 1013 fratres
1562 972 1859 1012 Praedicato—

217 1054 292 1082 res
323 1041 632 1082 resuscitatae
659 1042 991 1092 (celeberrima
1021 1043 1144 1083 enim
1180 1044 1431 1095 aliquando
1466 1044 1513 1083 in
1549 1043 1636 1083 hac
1668 1043 1862 1083 ciuitate

215 1114 333 1153 haec
353 1113 471 1164 fuit),
497 1120 541 1153 et
567 1125 650 1165 per
672 1114 1055 1155 concionatorem
1083 1115 1234 1154 nostri
1261 1115 1419 1166 templi
1447 1126 1505 1155 ex
1536 1122 1763 1166 suggesto
1790 1115 1862 1155 bis

217 1185 485 1225 declaratae
507 1191 552 1225 et
573 1186 944 1226 commendatae.

295 1255 443 1296 Porro
459 1257 580 1297 sicut
597 1257 656 1296 ad
673 1257 926 1298 conciones
943 1264 1134 1298 nostrae
1151 1258 1392 1298 Ecclesiae
1410 1257 1706 1298 numerosior
1724 1257 1860 1296 turba

216 1328 311 1368 iam
332 1328 538 1378 confluit,
563 1329 627 1369 ita
649 1328 821 1369 Missae
843 1341 1020 1379 omnes,
1046 1330 1187 1369 etiam
1211 1341 1330 1381 quae
1359 1329 1572 1380 operosis
1601 1328 1763 1368 diebus
1793 1339 1866 1368 or-

217 1399 323 1439 dine
345 1411 429 1440 suo
451 1400 508 1439 ab
530 1400 646 1440 hora
667 1401 829 1451 quinta
859 1401 918 1441 ad
946 1413 1094 1452 usque
1122 1413 1296 1441 nonam
1325 1401 1534 1452 quotidie
1565 1400 1864 1451 frequentan-

215 1478 305 1523 tur,
330 1472 501 1512 multos
522 1478 567 1512 et
588 1473 745 1523 plures
776 1483 916 1524 quam
946 1474 1146 1513 antehac
1175 1473 1349 1513 habent
1377 1473 1573 1513 deuotos
1604 1471 1861 1512 auditores.

214 1543 368 1584 Festis
388 1549 546 1584 tamen
568 1543 745 1593 diebUS,
771 1544 1023 1595 praecipue
1045 1545 1091 1584 in
1113 1556 1294 1585 summo
1316 1556 1480 1593 sacm,
1506 1544 1644 1584 ualde
1668 1543 1862 1594 copiosa

216 1615 310 1655 iam
332 1615 465 1655 adest
487 1621 585 1655 tum
606 1615 916 1667 hispanorum
937 1623 1036 1656 tum
1056 1627 1391 1667 germanorum
1415 1615 1682 1656 multitudo.

295 1685 347 1726 In
381 1698 588 1736 summa,
627 1694 676 1727 ut
710 1688 899 1739 plurimi
922 1687 1185 1728 aduersarii
1220 1687 1462 1738 religionis
1494 1687 1569 1727 hic
1606 1693 1740 1736 sunt,
1779 1685 1861 1737 qui

214 1770 301 1799 nos
329 1757 561 1798 hostiliter
594 1759 691 1798 suis
719 1759 1043 1811 sycophantiis
1070 1759 1248 1810 passim
1282 1760 1512 1809 lacerent,
1537 1764 1644 1798 sunt
1674 1757 1862 1798 interim

215 1830 440 1882 plerique,
471 1843 557 1871 nec
585 1830 616 1870 ii
644 1829 831 1870 infimae
858 1837 998 1871 notae
1025 1831 1260 1880 homines,
1291 1830 1368 1882 qui
1398 1837 1588 1882 propter
1617 1840 1787 1869 nomen
1817 1836 1862 1869 et

217 1914 426 1943 amorem
447 1902 559 1955 Jesu
580 1914 666 1942 nos
687 1902 893 1942 maximo
920 1908 1269 1954 prosequuntur
1291 1903 1490 1950 honore,
1516 1908 1560 1941 et
1583 1901 1674 1941 huc
1703 1913 1728 1940 a
1761 1900 1865 1940 Deo

217 1975 387 2015 missos
412 1975 558 2014 libere
578 1974 909 2025 pronunciant.
932 1973 1003 2014 De
1025 1985 1226 2025 quorum
1247 1985 1442 2013 numero
1460 1979 1529 2013 est
1548 1973 1594 2012 in
1614 1972 1778 2024 primis
1800 1983 1867 2012 re-

216 2046 520 2098 ligiosissima
542 2046 810 2099 optimaque
832 2045 1014 2097 Regina
1032 2044 1288 2085 Bohemiae
1308 2044 1332 2095 ¹,
1354 2056 1473 2096 quae
1490 2044 1632 2084 etiam
1653 2049 1865 2083 nostrum

218 2119 306 2158 hoc
328 2117 604 2168 Collegium,
629 2117 841 2168 adeoque
869 2123 1016 2157 totam
1049 2116 1199 2156 nostri
1227 2116 1406 2156 ordinis
1433 2114 1741 2162 Societatem,
1772 2125 1866 2154 ma-

218 2190 344 2229 xima
367 2196 465 2229 tum
487 2187 795 2229 veneratione
817 2194 914 2228 turn
942 2187 1235 2237 benignitate
1263 2186 1605 2238 complectitur.
1631 2185 1771 2237 Quod
1793 2186 1867 2225 uel

218 2262 327 2301 hinc
347 2261 484 2301 facile
505 2261 613 2301 licet
635 2259 986 2311 deprehendere
1007 2260 1134 2311 quod
1151 2259 1210 2299 ad
1231 2270 1318 2299 nos
1336 2259 1475 2299 toties
1491 2258 1647 2298 mittat
1667 2268 1779 2297 suos
1796 2267 1868 2296 sa-

219 2334 426 2374 cellanos
447 2338 527 2372 aut
549 2331 848 2380 secretarios,
874 2331 954 2382 qui
976 2331 1076 2371 eius
1093 2331 1281 2371 nomine
1298 2330 1354 2370 de
1371 2335 1583 2380 egestate
1602 2328 1770 2368 domus
1788 2339 1866 2367 no-

220 2412 347 2445 strae
382 2404 458 2444 uel
491 2403 653 2455 templi
679 2402 928 2453 diligenter
963 2402 1253 2454 perquirant.
1283 2402 1341 2442 Et
1374 2412 1480 2440 cum
1507 2401 1689 2440 nullum
1721 2399 1867 2439 subsi-

221 2476 347 2516 dium
376 2476 434 2516 ab
464 2475 566 2527 ipsa
596 2475 837 2526 suscipere
865 2474 925 2514 ad
961 2474 1189 2514 maiorem
1222 2472 1311 2513 Dei
1344 2471 1546 2523 gloriam
1578 2470 1868 2511 uoluerimus

221 2559 442 2598 unquam,
466 2558 558 2587 non
580 2553 735 2587 cessat
756 2552 914 2586 tamen
937 2545 1190 2585 identidem
1212 2550 1427 2584 nostrum
1447 2543 1672 2594 templum
1694 2541 1869 2593 precio-

222 2620 286 2658 sis
308 2619 596 2659 ornamentis
624 2618 871 2666 decorare,
902 2617 1036 2657 cuius
1057 2616 1325 2667 exemplum
1356 2622 1455 2655 tum
1484 2620 1733 2654 matronae
1762 2613 1869 2663 piae

223 2690 361 2730 huius
383 2689 603 2740 ciuitatis,
628 2695 726 2729 tum
748 2689 890 2729 etiam
911 2688 1091 2728 nobiles
1112 2687 1346 2727 foeminae
1367 2698 1425 2726 ex
1443 2686 1549 2725 aula
1567 2696 1653 2736 pro
1672 2696 1757 2724 suo
1774 2695 1867 2723 mo-

225 2762 332 2801 dulo
354 2761 612 2812 imitantur,
636 2761 701 2801 ita
723 2766 772 2801 ut
794 2772 852 2800 ex
874 2760 964 2799 hac
988 2770 1073 2799 ceu
1100 2758 1177 2810 pia
1205 2757 1410 2809 quadam
1438 2755 1753 2797 aemulatione
1783 2766 1873 2794 nos

225 2832 322 2872 suis
343 2832 552 2872 donariis
573 2843 691 2884 pene
709 2831 927 2871 obruant.

287 2991 295 3011 ¹
335 2990 456 3023 Maria,
470 2991 584 3018 Caroli
601 2991 632 3018 V
649 2990 728 3025 filia,
744 2989 968 3018 Maximiliani
986 2989 1015 3017 11
1031 2996 1128 3017 uxor.
