2047 3179
913 137 996 174 AN.
1028 137 1118 174 1555
1757 137 1822 174 391

193 236 411 286 pretiosis
433 236 720 276 ornamentis
748 235 926 284 vestiri,
950 241 1044 274 tres
1066 240 1311 285 praetcrea
1339 234 1614 285 magnificas
1642 234 1822 273 donans

195 306 394 357 casulas,
433 314 531 347 tum
565 306 725 347 varios
758 317 941 358 pannos
969 305 1013 345 in
1044 305 1314 344 eorumdem
1343 306 1561 344 altarium
1593 316 1745 344 Vsum:
1779 312 1823 344 et

192 378 331 427 longe
348 378 481 429 plura
499 378 764 428 largiretur,
781 377 819 416 si
831 388 977 428 aeque
989 382 1231 427 promptos
1249 376 1308 415 ad
1325 376 1659 426 recipiendum,
1681 387 1819 426 quam

193 448 291 499 ipsa
314 455 382 488 est
405 448 462 488 ad
485 449 792 499 largiendum,
816 447 1059 488 inueniret.
1086 446 1219 486 Alius
1240 445 1429 497 quidam
1449 457 1718 496 germanus,
1744 458 1818 485 no-

190 519 310 569 bilis,
333 531 505 570 aeques
527 519 686 560 Sancti
709 518 967 570 Sepulchri,
987 518 1063 569 qui
1086 518 1270 557 sincero
1292 528 1378 556 nos
1396 516 1566 556 affectu
1582 517 1818 567 prosequi-

190 596 279 638 tur,
318 602 375 629 ex
410 590 749 641 Hyerosolimis
785 589 1012 641 quasdam
1047 600 1207 628 secum
1232 588 1493 639 reportauit
1521 587 1758 638 reliquias,
1797 600 1820 626 e

190 660 354 711 quibus
377 672 542 701 sacrae
564 660 736 701 Christi
758 671 962 701 coronae
989 659 1185 709 spinam,
1210 659 1348 698 theca
1376 658 1581 710 quadam
1602 658 1819 709 preciosa

189 730 380 781 pulchre
407 731 633 771 deaurata
662 731 930 783 repositam,
963 730 1192 780 singulari
1220 729 1468 770 deuotione
1496 728 1713 768 Patribus
1744 740 1815 768 no-

188 801 298 841 stris
318 801 458 852 dedit,
490 814 684 843 aureum
711 802 900 854 insuper
927 812 1134 853 pannum
1160 800 1292 840 varie
1320 805 1613 850 exornatum,
1644 799 1815 839 vexilla

187 872 378 922 bissina,
402 879 446 913 et
480 873 744 914 huiusmodi
778 878 1052 914 ornamenta
1081 872 1202 912 dono
1231 871 1370 911 dedit.
1402 870 1580 922 Quibus
1602 870 1817 911 omnibus

184 943 356 983 chorus
379 945 605 984 ecclesiae
626 951 830 995 nostrae,
855 950 900 984 et
920 943 1198 994 praesertim
1219 942 1549 994 repositorium
1569 941 1628 982 V.
1652 940 1815 982 Sacra—

186 1014 342 1064 menti‚
367 1020 637 1055 nostrorum
659 1027 773 1055 cura
795 1015 1068 1054 illustratur.
1092 1013 1186 1054 Alii
1209 1013 1300 1053 alia
1321 1012 1522 1052 offerunt
1543 1013 1716 1064 templo
1739 1011 1816 1051 do-

184 1084 332 1135 naria,
357 1084 438 1124 sed
458 1097 550 1125 non
572 1086 748 1137 passim
769 1085 1072 1137 recipiuntur,
1096 1085 1202 1136 quia
1225 1084 1426 1124 fortasse
1446 1096 1533 1124 nec
1555 1083 1757 1134 expedit.

263 1155 396 1196 Nunc
426 1162 640 1206 superest
665 1163 716 1196 vt
750 1157 950 1208 paucula
987 1156 1042 1196 de
1070 1155 1257 1207 pietatis
1293 1154 1470 1205 officiis,
1500 1160 1597 1194 tam
1618 1154 1813 1194 infirmis

184 1237 323 1277 quam
339 1228 623 1278 pauperibus
641 1227 875 1275 exhibitis,
895 1227 1139 1278 attingam.
1160 1226 1256 1267 Nec
1273 1226 1397 1266 enim
1413 1226 1502 1266 hac
1520 1226 1566 1266 in
1583 1233 1716 1277 parte
1733 1237 1811 1265 no-

182 1303 386 1337 strorum
408 1297 553 1338 defuit
575 1310 717 1349 opera
748 1309 802 1338 ac
831 1297 1089 1349 diligentia3
1118 1298 1388 1350 frequenter
1409 1297 1532 1338 enim
1559 1297 1811 1337 visitarunt

113 1361 116 1364 ’
180 1367 402 1418 infirmos,
428 1375 524 1408 tam
546 1369 592 1408 in
608 1368 828 1420 hospitali
850 1380 989 1420 quam
1007 1369 1053 1408 in
1071 1369 1174 1409 aliis
1190 1369 1308 1409 locis
1325 1369 1672 1418 decumbentes,
1692 1379 1810 1419 quos

179 1450 272 1479 non
293 1440 451 1480 verbis
474 1440 611 1479 modo
634 1446 676 1479 et
698 1439 1020 1480 instruxerunt
1041 1447 1085 1480 et
1107 1440 1334 1480 consolati
1355 1446 1477 1490 sunt,
1502 1440 1583 1480 sed
1604 1440 1807 1479 maxime

180 1518 405 1551 curarunt
425 1518 490 1562 vt,
515 1512 787 1564 priusquam
817 1524 876 1552 ex
897 1513 985 1552 hac
1017 1513 1114 1551 vita
1141 1512 1415 1563 migrarent,
1445 1511 1622 1551 salubri
1642 1509 1805 1551 Sacra-

170 1588 440 1622 vmentorum
475 1583 880 1623 administratione
915 1583 1231 1623 reficerentur.
1268 1583 1392 1623 Inter
1427 1594 1543 1634 quos
1576 1582 1802 1632 nonnulli,

173 1665 268 1693 non
289 1655 441 1694 solum
467 1655 567 1694 sine
595 1655 791 1694 salutari
817 1655 991 1694 viatico
1023 1654 1235 1705 corporis
1263 1653 1436 1694 Christi
1458 1660 1537 1694 aut
1565 1659 1804 1693 extremae

174 1725 408 1764 Vnctionis
444 1726 748 1776 munimento,
777 1726 1044 1776 morientes,
1069 1725 1277 1765 destituti
1296 1725 1508 1775 fuissent,
1546 1725 1629 1765 sed
1662 1725 1805 1765 etiam

172 1796 271 1835 sine
292 1802 590 1836 sacramento
615 1796 921 1836 absolutionis
943 1798 1147 1847 omnino,
1171 1797 1291 1836 sicut
1313 1808 1458 1847 equus
1479 1802 1524 1836 et
1552 1797 1719 1846 mulus,
1745 1808 1803 1836 ex

169 1867 259 1906 hac
281 1868 379 1907 vita
412 1868 710 1919 migrassent,
734 1867 823 1907 nisi
844 1874 1111 1907 nostrorum
1133 1868 1373 1919 diligentia
1394 1868 1500 1907 huic
1523 1874 1653 1907 tanto
1679 1868 1800 1908 malo

170 1938 410 1978 obuiatum
433 1945 568 1979 esset.

247 2009 338 2050 Sed
366 2022 423 2050 ne
452 2010 678 2061 epistolae
705 2009 896 2050 modum
925 2009 1167 2060 excedam,
1200 2010 1274 2050 his
1308 2010 1471 2062 paucis
1492 2010 1630 2050 finem
1659 2011 1795 2062 facio,

168 2081 337 2120 obnixe
359 2080 407 2120 P.
439 2080 493 2120 T.
517 2081 788 2132 supplicans
809 2080 962 2121 Deum
987 2092 1072 2132 pro
1102 2081 1236 2121 nobis
1264 2092 1401 2121 orare
1423 2081 1656 2132 dignetur,
1689 2094 1796 2133 qua-

166 2157 299 2191 tenus
322 2158 365 2191 et
393 2152 588 2191 istorum
617 2151 760 2191 corda
788 2151 1007 2199 emolliat,
1024 2157 1084 2191 et
1111 2151 1244 2191 nobis
1269 2152 1474 2203 gratiam
1504 2163 1560 2192 ac
1581 2153 1796 2203 spiritum

165 2223 421 2273 elargiatur
455 2223 513 2262 ad
546 2228 733 2273 gentem
760 2222 882 2262 hanc
911 2223 1075 2262 melius
1101 2221 1359 2273 juuandam
1388 2231 1433 2263 et
1461 2223 1660 2274 gloriam
1696 2224 1795 2265 eius

161 2294 341 2345 pariter
363 2293 707 2344 possidendam.
727 2292 895 2334 Amen.

243 2364 457 2405 Viennae
479 2364 526 2404 in
547 2363 756 2414 Austria,
780 2365 805 2404 5
826 2365 1058 2406 Calendas
1079 2366 1190 2406 Maii
1221 2366 1335 2405 1555.

407 2435 764 2485 Indignissimus
785 2435 886 2476 Pstis
914 2436 1041 2477 Tuae
1063 2448 1241 2486 seruuS,

771 2542 994 2582 ERARDUS
1017 2542 1339 2593 AUANTIANUS‚
1369 2544 1660 2584 LEomssNsls.

240 2648 362 2688 Loco
390 2647 816 2699 superscriptionis
844 2648 894 2687 in
922 2653 1095 2699 quarta
1120 2650 1328 2700 pagina,
1354 2651 1437 2690 sed
1456 2651 1611 2702 ipsius
1637 2651 1783 2691 Erar-

156 2720 211 2758 dc'
244 2731 406 2759 mmm:
440 2719 646 2759 Litterae
683 2725 882 2769 quatuor
919 2721 1150 2760 mensium
1192 2721 1387 2772 Collegii
1424 2722 1705 2764 Viennensis
1738 2724 1785 2764 in

154 2790 362 2830 Austria.

235 2861 345 2901 Alia
367 2873 528 2901 manu:
550 2860 724 2901 Mensis
745 2861 871 2901 Maii.
894 2862 920 2901 5
941 2861 1037 2903 Cal.
1064 2863 1211 2914 Quad.
1236 2864 1464 2905 Viennae.

233 2933 396 2973 Manet
417 2944 522 2973 cera
548 2933 694 2972 rubra
714 2932 885 2983 sz'gl'lli.
