2047 3179
215 168 285 207 486
732 170 959 208 LITTERAE
986 182 1344 215 QUADRIMESTRES

216 266 288 306 fas
310 272 392 317 est,
424 266 548 319 quod
575 279 698 308 noua
720 274 884 320 postea
905 270 1158 309 multorum
1178 269 1418 308 hominum
1441 268 1500 308 ad
1516 274 1729 308 nostrum
1744 268 1854 309 tem-

218 338 346 389 plum
384 338 647 390 frequentia
684 347 1003 390 concurreret,
1041 340 1118 391 qui
1148 339 1259 379 illud
1296 339 1425 380 adire
1462 351 1693 391 nusquam
1734 340 1857 380 soliti
1885 324 1890 327 ”

218 408 420 449 fuerant.

300 480 430 521 Haec
443 481 629 534 quidem
643 493 831 533 magna,
847 483 924 522 illa
938 493 1051 521 uero
1069 482 1264 522 maiora.
1281 481 1395 523 Cum
1407 481 1460 522 40
1472 482 1694 522 horarum
1708 481 1857 521 oratio

220 563 305 603 pro
324 564 454 593 more
475 553 620 603 fieret,
644 554 842 594 orabant
862 553 956 593 iam
977 554 1074 594 fere
1096 553 1377 605 intempesta
1391 560 1530 593 nocte
1550 553 1777 603 homines,
1804 564 1858 592 ac

221 621 269 663 P.
294 623 626 675 Hieronymus,
652 629 894 676 assumpto
917 635 1077 664 secum
1106 625 1250 673 socio,
1281 625 1441 665 diuino
1470 624 1533 675 (ut
1561 624 1753 664 credere
1775 635 1859 675 par

222 694 307 745 est)
326 695 510 735 afflatus
532 695 713 747 spiritu,
737 696 980 746 ingressus
1003 696 1242 747 templum,
1269 701 1376 736 ante
1405 697 1553 735 altare
1575 695 1784 735 constitit
1806 706 1867 734 ac

223 765 300 806 diu
322 766 383 806 ibi
404 766 536 806 flexis
556 766 754 817 genibus
778 767 946 817 orauit,
971 773 1015 807 et
1032 779 1143 807 mox
1161 767 1333 807 Christi
1350 766 1562 807 crucifixi
1579 767 1752 806 uexilla
1767 777 1861 806 ma-

223 837 358 877 nibus
378 838 610 887 attollens,
634 837 696 878 ita
721 838 956 878 orantium
979 838 1161 878 animos
1183 838 1340 878 multis
1362 838 1518 878 uerbis
1539 837 1860 886 infiammauit,

223 914 273 948 ut
294 920 353 948 ex
374 909 465 949 illis
486 909 690 960 quidam,
715 907 918 961 Spiritus
940 908 1101 949 Sancti
1133 921 1274 950 suasu
1305 922 1361 949 ac
1391 909 1440 950 P.
1464 909 1741 960 Hieronymi
1763 921 1861 948 ora—

224 981 350 1020 tione
371 981 584 1032 permoti,
609 986 718 1021 ante
739 981 828 1021 diei
850 987 1003 1022 ortum
1026 993 1229 1033 corpora
1250 993 1335 1022 sua
1357 981 1629 1021 uerberibus
1651 980 1868 1032 grauiter

226 1052 475 1092 caedentes
501 1064 585 1103 per
612 1053 809 1093 multum
842 1053 1066 1105 temporis
1095 1053 1299 1104 spatium
1320 1053 1367 1093 in
1389 1053 1560 1104 templo
1582 1058 1742 1092 nostro
1763 1063 1863 1103 per—

226 1123 443 1163 stiterint.
480 1123 585 1164 Non
621 1124 809 1164 interim
836 1124 1110 1176 lachrymas
1143 1136 1363 1165 recenseo
1396 1130 1439 1164 et
1470 1124 1704 1164 feruorem
1730 1135 1862 1163 oran-

225 1195 357 1246 tium;
381 1195 499 1236 haec
520 1196 644 1236 enim
667 1196 822 1236 omnia
846 1202 890 1236 et
911 1196 1097 1247 similia,
1131 1196 1353 1237 breuitati
1374 1197 1637 1246 consulens,
1662 1194 1866 1247 prudens

225 1267 565 1318 praetermitto.
589 1267 661 1308 De
684 1268 989 1308 concionibus
1010 1267 1257 1309 hactenus.

307 1337 530 1390 Superest
552 1339 608 1379 de
629 1339 861 1391 spirituali
882 1339 1096 1390 profectu
1120 1351 1296 1390 eorum,
1321 1339 1399 1391 qui
1420 1345 1633 1379 nostrum
1655 1339 1865 1389 frequen—

225 1415 328 1450 tant
348 1411 589 1462 templum,
615 1395 756 1462 quam
777 1410 878 1451 fieri
898 1411 1047 1462 possit
1077 1411 1370 1461 breuissime,
1395 1410 1620 1451 dicamus.
1645 1409 1736 1451 Sed
1758 1421 1866 1461 quo-

226 1482 355 1522 niam
371 1482 496 1522 hunc
518 1494 612 1522 non
635 1489 732 1522 tam
750 1495 808 1523 ex
826 1482 1015 1523 assidua
1035 1488 1442 1523 sacramentorum
1461 1488 1505 1522 et
1523 1482 1869 1522 confessionum

227 1553 602 1605 frequentatione
623 1554 777 1594 metiri
793 1554 1012 1604 solemus,
1031 1566 1171 1606 quam
1189 1554 1399 1594 honestis
1420 1554 1711 1605 singulorum
1729 1553 1869 1593 actio-

227 1625 378 1674 nibus,
402 1625 579 1666 idcirco
601 1626 657 1666 de
678 1626 751 1666 his
774 1626 950 1678 aliquid
972 1625 1219 1666 dicendum
1243 1632 1325 1676 est,
1351 1637 1407 1666 ac
1434 1625 1663 1677 imprimis
1685 1625 1741 1665 de
1762 1636 1869 1665 con-

227 1697 518 1738 stantissima
551 1698 597 1737 in
625 1698 765 1738 rebus
794 1698 1009 1738 aduersis
1040 1697 1281 1750 patientia,
1312 1703 1356 1737 et
1385 1697 1541 1737 animo
1576 1697 1792 1746 infracto,
1825 1701 1870 1735 et

227 1769 593 1820 feruentissima,
627 1776 725 1810 tum
757 1781 871 1820 erga
900 1769 1053 1810 Deum
1082 1775 1180 1810 turn
1207 1769 1435 1819 homines,
1467 1769 1712 1809 charitate.
1743 1767 1871 1819 Quas

228 1853 324 1881 non
341 1853 455 1882 sane
473 1841 682 1892 segniter
699 1841 787 1893 ipsi
800 1853 986 1893 semper
1003 1842 1324 1891 excoluerunt,
1341 1846 1503 1892 utpote
1518 1840 1596 1892 qui
1608 1839 1870 1880 clarissima

230 1912 457 1953 uirtutum
492 1914 707 1963 exempla
743 1913 918 1953 nostris
954 1913 1102 1953 oculis
1137 1913 1184 1953 in
1215 1912 1312 1953 dies
1347 1912 1558 1952 subiecta
1586 1917 1868 1963 proponunt.

230 1983 349 2024 Cum
370 1996 586 2024 annonae
607 1995 782 2035 magna
805 1991 928 2025 esset
957 1985 1132 2036 inopia,
1163 1984 1299 2024 ueriti
1320 1984 1457 2023 huius
1485 1983 1770 2034 reipublicae
1796 1982 1870 2022 ad-

229 2056 576 2096 ministratores
596 2068 670 2107 ne,
695 2056 733 2096 si
754 2057 910 2108 palam
932 2056 1067 2107 panis
1090 2054 1435 2104 diuenderetur‚
1462 2054 1704 2094 efferretur
1725 2054 1773 2093 in
1789 2052 1872 2094 Ca-

229 2128 443 2178 labriam,
469 2134 624 2168 certos
646 2129 753 2168 huic
780 2128 963 2168 muneri
989 2128 1119 2168 uiros
1147 2127 1460 2177 destinarunt,
1492 2126 1659 2178 quibus
1689 2125 1736 2166 id
1757 2136 1872 2165 mer-

231 2199 360 2240 cedis
377 2199 593 2250 dabatur,
618 2200 718 2240 sine
736 2200 830 2240 ulla
847 2200 1132 2251 reipublicae
1152 2199 1374 2248 laesione,
1394 2204 1444 2238 ut
1461 2210 1519 2238 ex
1540 2198 1595 2237 iis
1617 2197 1729 2249 ipsis
1745 2207 1870 2237 num-

231 2272 319 2312 mis
341 2271 585 2323 quingenti
606 2271 702 2311 fere
724 2272 938 2311 coronati
960 2271 1006 2311 in
1029 2271 1240 2322 singulos
1261 2281 1446 2310 menses
1468 2269 1526 2309 ad
1548 2280 1627 2309 eos
1648 2268 1869 2309 redirent.

233 2329 370 2395 Quod
391 2344 573 2384 lucrum
603 2354 710 2383 cum
737 2343 1184 2383 animaduertissent
1204 2342 1268 2394 pii
1290 2341 1480 2394 quidam
1501 2341 1728 2391 homines,
1763 2346 1807 2380 et
1828 2339 1877 2379 in

232 2421 394 2456 nostro
418 2416 591 2466 templo
613 2414 897 2466 frequentes,
921 2414 1210 2466 pientissime
1232 2425 1371 2465 posse
1399 2413 1445 2452 in
1466 2422 1698 2464 pauperes
1725 2410 1874 2451 distri-

234 2487 328 2537 bui,
353 2487 443 2539 ipsi
465 2499 514 2527 se
535 2486 730 2527 ferendo
751 2487 816 2527 illi
837 2486 1003 2536 labori,
1029 2492 1078 2526 ut
1100 2497 1270 2537 panem
1291 2490 1388 2525 tota
1410 2484 1524 2524 urbe
1553 2483 1874 2527 diuenderent,

236 2558 587 2610 promptissimo
609 2558 767 2598 animo
792 2558 1073 2608 obtulerunt,
1098 2570 1152 2597 ea
1175 2558 1293 2608 lege,
1317 2562 1367 2596 vt
1389 2556 1514 2595 illam
1538 2566 1722 2595 omnem
1743 2565 1878 2606 pecu-

239 2631 381 2681 niam,
405 2642 546 2682 quam
568 2630 742 2670 laboris
762 2630 965 2681 pretium
987 2635 1143 2669 essent
1165 2627 1420 2680 accepturi,
1447 2626 1731 2679 pauperibus
1751 2637 1879 2677 pror-

241 2713 320 2742 sus
342 2708 609 2753 erogarent.
637 2701 772 2752 Quod
794 2701 984 2753 pietatis
1007 2701 1212 2741 studium
1230 2711 1336 2740 cum
1357 2699 1514 2739 multis
1536 2710 1559 2738 e
1581 2698 1767 2749 populo,
1784 2703 1885 2737 tum

239 2773 492 2825 praecipue
519 2773 734 2825 principi,
772 2773 898 2824 quod
929 2784 1012 2824 per
1034 2772 1258 2823 epistolas
1280 2771 1338 2811 ad
1367 2770 1504 2810 huius
1525 2769 1654 2809 urbis
1674 2774 1886 2808 rectores

240 2844 410 2884 missas
447 2845 688 2896 cognitum
723 2850 807 2894 est,
845 2844 1168 2895 gratissimum
1204 2842 1304 2883 fuit.
1341 2841 1471 2882 Fecit
1506 2846 1662 2880 tamen
1695 2839 1882 2891 priuata

243 2915 558 2965 quorumdam
581 2916 830 2967 cupiditas,
855 2922 905 2956 ut
926 2927 1019 2956 non
1040 2916 1144 2966 plus
1166 2913 1466 2962 obtinuerint,
1489 2923 1628 2963 quam
1648 2916 1698 2951 ut
1719 2910 1765 2950 in
1786 2920 1881 2950 cer-

242 2986 302 3026 tis
326 2987 464 3027 huius
481 2987 610 3026 urbis
632 2987 747 3026 locis
770 2987 815 3026 id
837 2986 983 3037 fieret,
1008 2985 1131 3038 quod
1152 2985 1430 3036 petiuerant.
1450 2982 1543 3034 Ipsi
1563 2993 1691 3030 uero,
1715 2980 1887 3032 quibus
