2047 3179
855 155 934 192 ΑΝ.
965 155 1056 191 1555
1699 154 1770 193 593

139 267 224 306 que
246 256 290 294 in
312 254 530 294 cordibus
552 264 726 302 earum,
750 252 814 292 ita
834 257 883 291 ut
900 251 1059 291 libenti
1077 252 1232 290 animo
1250 251 1558 301 maximisque
1576 251 1759 301 gemiti·

142 327 224 365 'nus
246 323 561 365 abominanda
589 330 633 364 et
658 324 918 364 inueterata
945 327 1162 373 peccata,
1195 332 1314 372 quae
1342 332 1453 371 prae
1482 321 1764 361 uerecundia

143 397 374 444 tacebant,
398 403 458 444 et,
482 395 606 447 quod
626 393 912 435 horrendum
933 398 1003 432 est
1023 392 1162 432 etiam
1185 391 1354 441 dicere,
1379 391 1446 431 sic
1470 392 1528 431 ad
1555 403 1764 432 mensam

144 466 330 506 Domini
353 465 654 515 accedebant,
678 463 964 516 reliquerint.

222 537 421 587 Quidam
444 544 694 586 uxoratus,
718 535 794 587 qui
815 546 896 586 per
926 541 1032 574 octo
1060 544 1210 573 annos
1237 541 1337 573 erat
1366 539 1614 584 separatus
1637 545 1662 572 a
1684 545 1767 572 sua

145 619 303 655 uxore,
328 619 386 647 ex
409 607 530 653 odio,
555 606 676 658 quod
699 617 812 656 erga
833 605 983 656 ipsam
1004 611 1285 655 conceperat
1307 603 1424 644 adeo
1446 604 1667 653 maximo,
1702 609 1766 652 ut,

143 691 199 718 ne
222 678 347 718 illam
369 677 647 727 offenderet,
672 678 936 717 nullatenus
966 675 1296 727 acquiescebat
1327 675 1457 715 adire
1486 676 1659 725 locum,
1694 675 1769 714 ubi

144 752 241 800 ipsa
263 749 526 797 habitabat,
550 749 678 788 venit
707 748 917 788 similiter
947 746 1005 786 ad
1027 757 1112 786 nos
1143 746 1444 786 confessurus
1474 752 1690 797 peccata,
1724 753 1768 785 et

145 828 321 860 tantam
351 820 527 870 recepit
550 832 575 859 a
597 819 799 859 Domino
833 818 1239 869 compunctionem
1267 816 1515 868 cordisque
1541 816 1766 867 dolorem,

144 899 190 932 ut
220 892 265 930 in
294 891 515 930 lacrimas
542 896 880 941 prorumperet,
903 888 1003 929 Deo
1032 888 1212 939 gratias
1234 899 1382 939 agens
1403 888 1512 940 quia
1534 899 1646 927 suae
1668 899 1768 927 coe-

144 963 297 1002 citatis
319 962 637 1012 cognitionem
660 962 900 1011 tribuerat3
933 960 1354 1011 reconciliatusque
1383 971 1488 1000 cum
1517 971 1664 1000 uxore
1693 959 1771 999 ha-

145 1035 241 1073 buit
259 1033 598 1072 benedictionis
619 1031 837 1081 fructum,
862 1043 951 1083 quo
974 1037 1110 1071 antea
1132 1042 1215 1083 per
1244 1032 1413 1071 multos
1436 1042 1584 1071 annos
1613 1042 1773 1070 carue-

147 1112 232 1150 rat,
263 1111 306 1144 et
337 1104 499 1143 hilaris
527 1116 582 1143 ac
610 1103 655 1142 in
685 1103 886 1143 Domino
923 1103 1194 1142 consolatus
1228 1102 1356 1142 venit
1384 1102 1442 1142 ad
1473 1102 1767 1142 inuisendum

146 1177 268 1216 hunc
290 1174 490 1223 Patrem,
516 1174 796 1214 confidentia
818 1174 975 1214 habita
996 1174 1042 1213 in
1063 1185 1146 1213 suo
1164 1173 1274 1225 Jesu
1291 1172 1432 1213 filium
1451 1174 1550 1213 eius
1566 1173 1774 1213 futurum

148 1246 332 1286 Domini
355 1256 558 1293 seruum,
582 1244 959 1296 quandoquidem
983 1256 1035 1284 eo
1056 1251 1266 1296 tempore
1300 1244 1386 1284 sibi
1407 1255 1660 1284 concessus
1680 1244 1773 1284 fue-

149 1326 219 1358 rat
245 1316 430 1368 quando
455 1323 585 1355 tanta
608 1316 652 1355 in
675 1316 829 1355 anima
853 1317 998 1366 patris
1018 1322 1238 1367 operatus
1260 1322 1329 1355 est
1350 1315 1592 1356 beneficia.

227 1388 349 1427 Inter
371 1398 465 1435 eos,
492 1388 569 1438 qui
591 1387 896 1438 insequuntur
917 1387 1104 1427 domum
1131 1387 1282 1438 regis,
1307 1394 1375 1427 est
1397 1387 1627 1438 quaedam
1650 1389 1774 1439 prin-

148 1458 310 1509 cipalis
331 1470 531 1509 persona
556 1457 671 1497 adeo
694 1446 964 1497 indifferens
992 1464 1037 1498 et
1059 1458 1106 1497 in
1135 1457 1222 1497 Dei
1251 1459 1489 1498 uoluntate
1517 1459 1771 1510 resignata,

148 1537 195 1569 ut
216 1530 411 1570 libenter
433 1529 637 1569 ostiatim
659 1529 969 1579 mendicaret,
995 1530 1035 1569 si
1062 1529 1184 1569 hanc
1216 1540 1318 1569 esse
1347 1529 1537 1570 Domini
1565 1531 1775 1571 uolunta·

148 1608 240 1640 tem
262 1601 576 1652 cognouisset,
603 1606 823 1651 optatque
844 1600 1242 1652 opportunitatem
1269 1606 1317 1640 ut
1345 1601 1495 1652 possit
1525 1592 1774 1642 humilibus

150 1678 192 1711 et
213 1672 381 1712 infimis
403 1671 696 1711 uestimentis
722 1671 866 1712 indui.

227 1743 332 1783 Alia
353 1742 400 1782 in
421 1743 629 1782 animum
649 1742 896 1783 induxerat
918 1742 1142 1783 offensam
1163 1755 1383 1795 magnam
1404 1744 1451 1784 in
1472 1744 1624 1784 Deum
1640 1756 1777 1785 suum

151 1814 455 1856 committere.
478 1826 535 1853 ex
557 1825 647 1865 qua
663 1814 778 1854 satis
796 1813 1008 1854 scandali
1022 1815 1250 1855 oriturum
1268 1815 1558 1865 credebatur,
1579 1828 1632 1855 eo
1651 1816 1777 1867 quod

149 1887 248 1936 ipsa
271 1892 371 1925 erat
394 1885 542 1924 bonae
562 1884 715 1924 famae
736 1891 780 1924 et
801 1885 1015 1925 notabilis
1038 1897 1254 1937 persona.
1277 1898 1409 1937 quae,
1434 1885 1522 1926 Dei
1543 1886 1777 1927 adiutorio

150 1963 192 1996 et
214 1956 447 1996 mediante
478 1955 640 1995 eodem
670 1957 1004 2005 instrumento,
1030 1958 1202 1997 malum
1232 1957 1323 1997 iam
1352 1957 1398 1997 in
1428 1957 1583 1997 animo
1612 1969 1777 1998 conce-

151 2034 279 2078 ptum
300 2028 500 2079 reliquit.

233 2098 325 2139 Alii
347 2099 486 2138 etiam
510 2098 717 2138 eiusdem
738 2098 949 2138 similiter
971 2098 1129 2149 regiae
1151 2098 1330 2147 domus,
1354 2111 1440 2140 nec
1462 2100 1646 2140 infimae
1666 2102 1779 2141 clas-

153 2170 230 2214 sis,
255 2170 390 2218 vitia,
416 2180 534 2220 quae
554 2169 601 2208 in
623 2169 886 2209 huiusmodi
906 2170 1022 2209 locis
1051 2171 1200 2210 solent
1221 2181 1323 2210 esse
1354 2171 1641 2221 communia,
1667 2178 1711 2211 et
1732 2172 1779 2212 in

155 2242 319 2292 quibus
340 2241 597 2291 permultos
618 2240 943 2280 detinebantur
965 2252 1127 2291 annos,
1156 2242 1375 2282 vitarunt.
1688 2229 1695 2235 '

232 2312 281 2351 In
303 2311 675 2351 confessionibus
698 2311 939 2352 audiendis
960 2320 1028 2352 est
1056 2318 1185 2352 tanta
1213 2313 1473 2363 frequentia
1505 2320 1548 2353 et
1580 2326 1772 2354 concur-

153 2395 246 2428 sus,
274 2389 323 2422 ut
345 2382 424 2422 uix
448 2381 662 2421 Patribus
684 2382 826 2433 quieti
847 2383 976 2423 locus
992 2384 1067 2423 uel
1089 2383 1305 2423 minimus
1321 2385 1539 2435 supersit,
1558 2385 1664 2425 licet
1686 2397 1779 2425 non

154 2454 305 2494 desint
326 2452 404 2504 qui
424 2460 520 2492 tam
541 2453 587 2492 in
609 2453 805 2504 publicis
826 2464 965 2504 quam
994 2455 1190 2505 priuatis
1218 2455 1518 2496 concionibus
1540 2455 1596 2495 de
1617 2463 1776 2497 nostro

155 2524 366 2564 instituto
388 2532 431 2563 et
454 2522 687 2563 Societate
710 2524 1103 2565 submurmurent.

233 2594 357 2634 Intra
392 2594 601 2645 uigiliam
630 2603 674 2634 et
701 2595 823 2634 diem
849 2594 1155 2636 Ascensionis
1182 2596 1231 2636 Β.
1263 2597 1438 2637 Mariae
1467 2598 1778 2638 communica-

145 2660 273 2715 runt,
297 2671 346 2704 ut
368 2665 479 2704 mihi
500 2665 557 2704 ab
575 2665 631 2704 iis
649 2666 727 2717 qui
742 2665 830 2706 hoc
847 2667 1057 2707 sciebant
1073 2667 1247 2708 dictum
1265 2668 1363 2717 fuit,
1384 2668 1587 2719 ducenti,
1607 2675 1652 2709 ct
1669 2681 1778 2709 con-

154 2736 383 2776 sessiones
404 2737 547 2776 multo
570 2738 740 2787 plures.

232 2806 431 2847 Caetera
453 2808 677 2847 exercitia
699 2806 948 2849 Societatis
969 2816 1178 2859 nostrae,
1211 2819 1259 2851 ut
1288 2812 1481 2852 uisitare
1511 2812 1719 2852 infirmos
1741 2818 1785 2852 et

157 2879 202 2917 in
231 2877 498 2918 carceribus
527 2877 751 2929 detentos,
776 2886 820 2919 et
851 2880 956 2929 alia,
981 2887 1118 2932 prout
1148 2889 1330 2933 tempus
1357 2884 1584 2934 suppetit,
1608 2895 1701 2924 non
1722 2884 1785 2923 in-

156 2948 469 2990 termittimus:
494 2949 548 2989 de
569 2950 734 3001 quibus
756 2951 865 3002 quid
887 2952 934 2992 in
954 2953 1227 3004 particulari
1249 2954 1452 2995 scribam
1475 2955 1658 3006 ignoro.

299 3024 348 3060 T.
378 3035 436 3060 ιιι.
1528 3035 1572 3076 33
