2047 3179
217 186 288 222 750
719 186 945 223 LITTERAE
971 196 1332 230 QUADRIMESTRES

216 288 300 322 ret.
324 282 491 322 Euenit
511 289 757 334 praeterea
780 289 889 323 tunc
922 289 969 323 vt
998 283 1137 322 homo
1168 283 1357 334 quidam
1379 283 1457 335 qui
1487 283 1604 323 duos
1626 295 1776 324 annos
1808 285 1857 324 in

215 360 411 405 peccato
446 354 733 405 perstiterat,
770 355 939 406 quique
976 353 1162 394 Patrem
1194 354 1459 394 huiusmodi
1495 355 1855 395 concionantem

216 425 444 475 illuserat,
483 432 735 476 antequam
770 427 993 477 templum
1029 426 1332 476 egrederetur
1369 425 1427 465 ad
1464 425 1718 466 Dominum
1750 437 1856 466 con-

217 508 383 536 uersus
414 496 552 537 fuerit
584 504 851 549 statumque
882 497 1065 548 peccati
1095 497 1347 548 reliquerit.
1381 496 1447 537 Re
1479 504 1633 537 autcm
1670 497 1759 537 hac
1787 497 1855 537 sic

215 567 444 618 confecta,
481 568 620 608 Pater
652 568 710 608 ad
741 570 939 620 lupanar
970 580 1190 608 reuersus
1221 568 1417 608 adduxit
1449 580 1609 608 secum
1642 569 1857 608 homines

213 639 311 680 fere
333 640 703 691 quadringentos
727 641 784 680 ab
807 652 861 680 eo
883 641 986 680 loco
1010 651 1157 691 Vsque
1179 640 1225 680 in
1243 641 1467 691 templum
1482 640 1755 689 maximum,
1776 640 1855 680 do—

215 711 416 751 ctrinam
438 711 744 752 christianam
767 711 1087 751 decantantes
1113 711 1188 751 Ad
1209 711 1327 751 haec
1349 723 1514 751 seruus
1536 712 1727 763 quidam
1747 710 1855 761 Dei,

214 782 273 823 ad
295 794 375 822 eas
398 794 517 834 quae
539 788 863 822 remanserant
881 794 1114 833 reuersus,
1135 783 1333 833 singulis
1351 795 1514 823 earum
1530 783 1664 822 binos
1686 793 1852 833 argen-

212 860 314 894 teos
335 854 527 894 donauit
549 867 605 894 ne
627 854 839 894 homines
860 855 979 894 ullos
1000 861 1136 894 nocte
1155 855 1232 894 illa
1251 855 1310 895 ad
1328 866 1376 894 se
1394 854 1707 905 admitterent3
1728 854 1854 906 quod

213 926 278 966 ita
298 925 476 966 facturn
497 937 599 966 esse
620 926 932 977 percepimus.
956 925 1041 965 His
1063 933 1219 966 autem
1241 926 1404 966 diebus
1426 926 1642 966 omnibus
1660 926 1855 965 eleemo-

213 1009 357 1048 synas
387 999 558 1037 multas
588 997 747 1048 largiti
783 1003 890 1037 sunt
918 1003 969 1037 vt
995 1008 1076 1037 aes
1107 998 1333 1046 alienum,
1366 998 1489 1050 quod
1519 998 1606 1037 hae
1635 996 1854 1037 mulieres

213 1074 572 1120 contraxerant,
596 1070 943 1120 persoluerent,
975 1075 1018 1109 et
1044 1069 1315 1109 earumdem
1344 1069 1483 1109 saluti
1511 1070 1850 1109 consuleretur.

212 1140 317 1180 Fuit
338 1140 534 1191 iuuenis,
559 1141 638 1191 qui
660 1140 857 1191 largitus
879 1146 949 1180 est
966 1141 1232 1192 complures
1254 1140 1450 1180 ducatos
1472 1151 1663 1190 aureos,
1684 1139 1855 1191 quique

211 1223 298 1251 vas
320 1218 598 1262 argenteum
621 1213 723 1251 loco
746 1211 971 1263 pecuniae
993 1212 1258 1263 porrigeret
1276 1212 1335 1251 ad
1352 1223 1432 1251 eas
1450 1223 1558 1251 aere
1577 1211 1728 1251 alieno
1745 1210 1851 1251 libc-

212 1282 401 1323 randas.
449 1282 650 1333 Quidam
695 1288 856 1322 noster
911 1282 1088 1322 audiuit
1139 1282 1458 1323 confessiones
1500 1282 1853 1334 quatuordecim

212 1366 401 1405 earum3
439 1366 637 1406 quarum
670 1355 903 1406 quaedam
933 1360 1219 1406 nupserunt,
1258 1354 1377 1394 aliae
1412 1360 1640 1405 parantur
1676 1354 1735 1394 ad
1773 1365 1854 1394 nu-

213 1426 348 1477 ptias,
387 1426 506 1466 aliae
540 1437 817 1477 permanere
852 1426 1044 1478 cupiunt
1079 1426 1204 1477 apud
1238 1437 1334 1476 eos,
1372 1438 1399 1465 a
1435 1426 1601 1477 quibus
1637 1430 1855 1477 receptae

212 1503 332 1537 sunt:
357 1497 572 1537 omnibus
595 1497 793 1549 denique
814 1497 903 1537 illis
925 1496 1022 1538 fere
1046 1497 1122 1538 via
1153 1497 1318 1537 salutis
1346 1497 1511 1549 peruia
1545 1497 1852 1548 conspicitur.

212 1567 303 1609 Sed
323 1580 471 1620 vsque
493 1568 610 1609 adeo
630 1568 864 1608 Dominus
885 1569 1125 1609 hominum
1145 1569 1330 1609 animos
1352 1568 1411 1608 ad
1438 1569 1527 1608 hoc
1550 1580 1667 1620 opus
1698 1579 1853 1619 prose-

212 1640 445 1691 quendum
475 1641 752 1691 commouit,
787 1647 838 1681 vt
864 1652 1111 1681 numerum
1138 1640 1322 1680 illarum
1350 1640 1600 1680 excederet
1630 1650 1854 1679 numerus

211 1722 375 1751 eorum
396 1711 474 1763 qui
496 1723 577 1751 eas
599 1718 810 1764 peterent
831 1713 891 1752 ad
918 1711 1219 1752 collocandas
1242 1711 1446 1751 easdem.

292 1782 519 1823 Omnibus
536 1795 679 1835 supra
700 1784 974 1824 memoratis
996 1783 1159 1823 diebus
1181 1783 1354 1834 singuli
1375 1782 1540 1823 Patres
1562 1794 1667 1823 cum
1697 1782 1852 1823 fratri-

211 1854 295 1894 bus
323 1854 523 1905 singulis
552 1866 601 1895 se
630 1855 676 1895 in
708 1867 852 1906 agros
882 1855 1148 1895 hominibus
1175 1855 1339 1906 plenos
1370 1854 1547 1894 chartis
1578 1860 1716 1905 atque
1747 1854 1852 1894 aliis

211 1926 361 1966 modis
382 1926 649 1966 ludentibus
671 1926 992 1975 conferebant,
1017 1937 1190 1978 eosque
1212 1931 1532 1977 congregatos
1553 1937 1713 1965 secum
1744 1924 1852 1965 inde

211 1997 443 2037 ducebant
473 1997 532 2038 ad
559 1999 783 2050 templum
811 1997 1000 2049 aliquod
1030 1998 1295 2037 doctrinam
1324 1997 1632 2037 christianam
1661 2002 1852 2037 cantan-

210 2074 301 2119 tes,
338 2080 429 2120 quo
458 2080 563 2109 cum
593 2069 940 2121 peruenissent,
970 2069 1193 2108 nonnulla
1225 2069 1489 2120 spiritualia
1518 2080 1597 2109 eos
1629 2068 1853 2108 docentes

210 2140 374 2180 domos
396 2152 506 2180 suas
526 2141 886 2180 remittebantur
903 2140 1012 2191 (sic)
1030 2140 1275 2180 laudantes
1292 2139 1562 2190 Dominum,
1582 2140 1627 2179 in
1645 2151 1736 2191 qua
1754 2140 1851 2192 qui-

210 2211 314 2252 dem
336 2212 673 2252 exercitatione
697 2218 882 2263 tempus
909 2212 1231 2264 uespertinum
1263 2211 1527 2263 impensum
1550 2217 1634 2251 est.
1659 2211 1730 2251 Ex
1760 2222 1851 2262 qua

210 2295 260 2323 re
282 2289 380 2323 tota
398 2283 565 2323 ciuitas
583 2289 819 2323 commota
838 2283 938 2334 fuit,
958 2289 1003 2323 et
1026 2283 1220 2334 proinde
1238 2282 1344 2323 festi
1363 2282 1461 2323 dies
1477 2283 1594 2323 bene
1612 2282 1727 2323 satis
1744 2294 1851 2322 con-

210 2354 400 2405 sumpti.

290 2425 379 2465 Die
410 2431 658 2476 praeterea
688 2425 1073 2466 Circumcisionis
1102 2425 1295 2466 Domini
1330 2424 1421 2465 duo
1451 2425 1616 2466 Patres
1643 2426 1850 2477 plateam

211 2497 478 2548 quamdam,
503 2497 583 2537 ubi
602 2498 851 2549 plusquam
872 2497 996 2537 mille
1019 2497 1260 2537 hominum
1284 2502 1438 2547 erant,
1462 2497 1735 2547 inuiserunt;
1767 2497 1850 2537 sed

210 2568 423 2608 homines
445 2568 510 2608 illi
539 2580 588 2608 se
619 2580 673 2608 eo
704 2569 1001 2608 contulerant
1031 2575 1082 2608 vt
1108 2569 1538 2619 contemplarentur
1567 2569 1847 2620 neophytos,

212 2640 289 2691 qui
310 2651 365 2680 eo
389 2640 461 2679 die
484 2640 727 2691 coquendo
748 2640 872 2680 melli
893 2640 1050 2680 coctili
1071 2651 1262 2691 operam
1285 2640 1475 2680 dabant:
1496 2641 1614 2679 alter
1634 2640 1724 2679 illis
1741 2651 1850 2680 con-

212 2712 427 2751 cionatus
449 2718 532 2762 est,
567 2711 684 2750 alter
706 2711 970 2751 doctrinam
1001 2722 1108 2751 cum
1129 2711 1258 2750 socio
1287 2711 1584 2761 decantabat,
1609 2716 1652 2750 et
1673 2711 1849 2762 praeci-

212 2794 299 2832 pue
317 2782 468 2822 scruis
485 2782 794 2834 aethiopibus.
812 2782 898 2822 His
911 2782 1099 2822 tandem
1116 2782 1253 2822 rebus
1270 2782 1579 2822 daemonibus
1596 2782 1715 2822 festa
1733 2782 1850 2822 haec

212 2854 331 2892 male
363 2853 649 2893 ceciderunt.
684 2852 908 2904 Populum
940 2860 1096 2893 autem
1118 2853 1255 2893 valde
1286 2854 1575 2905 multumque
1606 2854 1850 2893 consolata

211 2930 317 2963 sunt
358 2930 496 2975 atque
544 2924 865 2964 aedificarunt.
915 2924 1077 2965 Gloria
1123 2925 1266 2975 igitur
1305 2924 1363 2964 sit
1410 2924 1539 2964 Patri
1585 2924 1845 2964 misericor-

211 2994 410 3036 diarum.
