2047 3179
869 180 951 216 ΑΝ.
983 179 1074 216 1555
1716 178 1786 215 497

154 277 267 317 mihi
289 277 347 317 ad
369 288 532 317 sanam
554 283 755 317 mentem
775 275 984 324 rediisse,
1008 282 1057 314 vt
1079 275 1178 314 sine
1211 274 1469 325 lachrymis
1502 286 1607 315 eum
1635 274 1782 315 dimit—

154 354 252 387 tere
272 359 385 398 prae
405 348 583 388 laetitia
604 360 696 388 non
720 346 963 399 potuerim.
988 346 1100 385 Eius
1127 357 1269 384 verae
1294 345 1617 385 conuersionis
1648 345 1786 385 fidem

155 418 289 458 nobis
304 418 480 459 faciunt
499 419 724 459 haeretici
748 418 825 458 alii
847 417 1038 469 aliquot,
1063 427 1178 468 quos
1200 416 1259 456 ad
1291 427 1453 456 veram
1488 415 1624 456 fidem
1652 415 1783 456 redu-

157 501 262 529 cere
283 489 481 529 curauit.
505 489 612 529 Alia
634 501 832 541 quoque,
863 500 982 540 quae
1003 489 1173 527 multos
1194 486 1461 534 seduxerat,
1486 487 1551 526 sic
1575 487 1782 538 resipuit,

158 566 206 599 vt
228 571 385 600 secum
401 561 678 611 resipiscere
700 559 930 600 desideret
965 565 1009 599 et
1031 565 1161 599 curet
1182 558 1421 609 plurimos,
1459 569 1576 608 quae
1607 558 1748 597 etiam
1774 557 1783 576 ¹

155 632 379 670 concione
413 631 615 682 quadam
648 633 715 672 sic
736 631 819 671 fuit
838 637 1085 679 commota,
1125 636 1174 669 vt
1203 635 1307 681 post
1334 640 1438 668 eam
1468 641 1560 668 non
1595 629 1786 669 desierit

155 701 442 753 lachrymari
475 702 623 743 donec
660 703 997 743 absolutionem
1032 707 1285 742 consecuta
1315 707 1451 740 esset.
1489 699 1579 740 Sed
1601 700 1786 750 singula

156 771 422 812 huiusmodi
442 773 616 813 referre
638 785 723 814 nec
743 785 929 825 possem
957 784 1043 812 nec
1075 772 1221 823 exigit
1242 771 1294 812 T.
1318 771 1371 811 R.
1394 771 1461 817 P.;
1486 783 1543 810 ex
1573 771 1642 810 his
1665 770 1787 810 enim

155 843 293 883 facile
321 843 513 894 colliges
541 845 723 885 similia.

236 914 522 965 Ριίιεει’]>ι·ιί”3
540 915 674 954 huius
697 915 902 955 ciuitatis
923 913 936 933 ⁵
958 915 1042 954 sub
1060 914 1242 954 initium
1263 913 1653 966 quadragesimae
1676 913 1789 952 obti-

156 991 355 1025 nuerant
382 985 494 1025 mihi
522 997 548 1025 a
572 985 788 1037 Capitulo
822 985 1112 1026 Tornacensi
1145 984 1383 1024 lz'centiam
1414 982 1428 1001 ⁴
1460 983 1789 1033 concionandi,

158 1059 298 1107 atque
319 1055 333 1075 ⁵
349 1058 654 1097 concionatus
672 1069 773 1098 sum
793 1058 952 1108 stetque
969 1057 1165 1108 singulis
1183 1057 1346 1097 diebus
1369 1056 1506 1095 huius
1529 1055 1789 1106 quadrage-

160 1127 306 1167 simae
347 1127 405 1167 ad
443 1139 604 1168 eorum
644 1129 930 1178 instantiam,
971 1140 1051 1180 per
1090 1128 1177 1168 Dei
1218 1128 1421 1178 gratiam
1463 1127 1560 1166 sine
1600 1126 1791 1165 notabili

161 1198 456 1238 incommodo
486 1199 784 1249 valetudinis,
819 1211 923 1240 cum
954 1200 1068 1239 satis
1099 1209 1271 1250 magno
1300 1209 1549 1245 concursu,
1575 1197 1691 1236 adeo
1724 1203 1791 1245 vt,

160 1269 373 1320 quamuis
406 1270 536 1309 locus
572 1270 617 1309 in
653 1282 743 1322 quo
779 1271 1093 1311 concionabar
1128 1276 1229 1310 erat
1263 1277 1468 1309 semotus
1504 1275 1548 1308 et
1585 1268 1718 1319 quasi
1746 1268 1792 1307 in

160 1341 332 1391 angulo
355 1341 574 1391 ciuitatis,
595 1348 639 1381 et
657 1342 772 1382 liora
794 1342 932 1382 valde
949 1341 1260 1390 incommoda,
1282 1342 1438 1391 plures
1456 1346 1612 1380 tamen
1631 1339 1792 1379 dicun-

160 1417 235 1452 tur
268 1411 412 1451 fuisse
448 1412 686 1452 auditores
708 1413 754 1452 in
780 1413 954 1452 nostris
985 1413 1302 1462 concionibus,
1340 1423 1481 1463 quam
1516 1412 1563 1451 in
1596 1412 1794 1450 aliorum

161 1483 302 1523 trium
325 1483 671 1523 ordinariorum
693 1484 1072 1539 praedicatorum
1094 1484 1244 1523 simul.
1268 1482 1375 1524 Scio
1397 1483 1520 1534 quod
1542 1481 1793 1533 aliquando

162 1556 367 1605 oportuit
399 1555 645 1594 occludere
680 1554 803 1595 fores
841 1555 1001 1606 templi
1042 1555 1363 1606 capacissimi,
1402 1554 1449 1594 in
1486 1565 1576 1605 quo
1613 1553 1794 1593 concio-

162 1625 326 1676 nabar,
352 1637 410 1664 ne
432 1636 544 1676 prae
566 1626 701 1666 turba
728 1626 1146 1677 comprimerentur
1173 1632 1217 1666 et
1252 1625 1503 1666 deficerent
1539 1624 1792 1674 auditores,

164 1695 247 1736 sed
285 1696 374 1736 hoc
414 1697 596 1736 ascribo
634 1695 648 1714 ⁶
688 1697 948 1737 curiositati
989 1696 1279 1747 auditorum,
1327 1697 1493 1748 quibus
1535 1708 1659 1735 noua
1700 1696 1794 1746 pla-

162 1772 281 1817 cent,
307 1778 413 1806 cum
434 1768 606 1807 caeteri
628 1767 987 1808 concionatores
1008 1768 1099 1808 sint
1121 1768 1259 1818 longe
1280 1767 1413 1807 nobis
1431 1767 1680 1816 doctiores,
1701 1767 1794 1805 elo-

164 1838 431 1889 quentiores
454 1844 497 1878 et
525 1839 678 1889 magis
705 1839 964 1879 exercitati.
1003 1839 1182 1879 Verum
1216 1838 1325 1890 quid
1357 1838 1501 1878 refert
1531 1838 1641 1878 dum
1670 1838 1794 1877 omni

163 1908 301 1949 modo
323 1909 421 1949 siue
444 1921 526 1961 per
548 1909 845 1950 occasionem
866 1910 965 1950 siue
986 1922 1068 1962 per
1092 1910 1340 1950 veritatem
1374 1909 1589 1950 Christus
1621 1921 1796 1948 annun-

164 1980 332 2020 cietur?
366 1979 477 2020 Inde
513 1980 636 2020 enim
671 1981 873 2032 aliquem
906 1981 1111 2021 fructum
1146 1981 1366 2031 colligere
1398 1980 1527 2020 nouit
1550 1980 1794 2029 Dominus,

164 2050 287 2102 quod
306 2051 382 2091 hic
415 2063 601 2102 quoque
636 2051 850 2091 vidimus.
894 2051 945 2092 In
979 2052 1182 2103 quadam
1211 2052 1436 2092 concione
1473 2052 1540 2091 sic
1577 2051 1801 2091 commoti

163 2127 270 2162 sunt
291 2121 481 2173 quidam
499 2134 525 2161 a
547 2123 687 2173 longo
709 2129 919 2174 tempore
940 2123 986 2163 in
1009 2124 1199 2174 capitali
1220 2123 1326 2163 odio
1350 2123 1577 2171 viuentes,
1596 2128 1647 2162 vt
1671 2127 1801 2161 ante-

166 2204 306 2244 quam
326 2191 433 2232 inde
454 2192 740 2243 recederent,
775 2194 853 2244 qui
882 2194 1129 2244 offensu-m
1159 2193 1405 2234 offendisse
1428 2193 1688 2243 uidebatur,
1718 2192 1801 2232 mi-

165 2263 276 2303 serit
298 2262 358 2302 ad
383 2262 613 2303 offensum
637 2263 884 2314 quemdam
900 2276 985 2305 suo
1002 2265 1204 2314 nomine,
1218 2268 1453 2315 petentem
1470 2264 1657 2303 vem'czm
1681 2263 1693 2282 ⁷
1712 2263 1802 2303 sibi

167 2334 425 2374 condonari
443 2333 683 2375 offensam.
705 2334 830 2386 Mox,
845 2336 923 2387 qui
940 2336 1160 2376 iniuriam
1178 2341 1435 2387 receperat,
1455 2341 1648 2386 peracta
1665 2334 1806 2374 nobis

167 2404 476 2455 confessione,
501 2405 568 2445 sic
589 2405 631 2445 ei
653 2406 953 2458 condonauit,
974 2412 1023 2446 vt
1041 2407 1168 2458 prior
1185 2407 1243 2446 ab
1262 2405 1525 2446 offendente
1544 2413 1702 2458 petere
1723 2405 1804 2445 de-

169 2475 372 2515 creuerit
399 2476 604 2516 ueniam.

247 2544 704 2588 Praemonueramus
726 2548 875 2589 obiter
896 2549 943 2589 in
975 2549 1199 2589 concione
1220 2548 1352 2588 breui
1375 2547 1642 2588 adfuturum
1664 2547 1803 2598 diem,

235 2703 245 2723 ¹
283 2703 381 2732 haec.
400 2704 574 2734 Polancus.

230 2750 244 2769 ⁴2
280 2749 471 2779 Primarii.
492 2753 539 2782 Id.

226 2796 239 2815 ⁵
276 2797 375 2831 hujus
393 2800 547 2828 civitatis
561 2803 644 2829 viri.
659 2801 711 2830 Id.

232 2843 246 2862 Δ
282 2845 506 2876 facultatem.
522 2849 570 2877 Id.

230 2890 243 2909 ⁵
283 2894 387 2920 unde.
405 2895 451 2922 ld.

228 2937 241 2957 (ἱ
280 2940 343 2967 hoc
353 2941 449 2975 sorte
465 2944 716 2972 ascribendum
733 2945 835 2970 esset.
853 2942 901 2970 ld.

227 2985 240 3004 7
280 2988 497 3022 (Juc'pelcret.
516 2991 565 3018 Id.

336 3047 370 3057 ,Π

348 3058 382 3083 ι.
408 3060 451 3086 ¹11
1574 3061 1614 3095 32
