2047 3179
226 159 299 196 492
740 161 967 199 LITTERAE
994 173 1352 206 QUADRlMESTRES

225 257 408 298 exactis
429 257 667 298 mensibus
689 259 813 310 apud
829 270 916 300 nos
936 266 1073 311 gesta
1091 265 1214 312 sunt,
1235 271 1375 312 quam
1391 261 1667 303 breuissime
1685 269 1866 315 poterO,

227 329 561 381 perstringam.

307 400 463 452 Atque
480 401 709 453 imprimis
731 414 757 441 a
780 402 1079 442 sanctissimo
1097 402 1409 444 confessionis
1430 411 1729 446 sacramento
1754 406 1866 447 inci-

226 472 367 524 piam,
392 472 516 524 quod
537 473 812 524 quotidiana
834 472 1109 514 assiduitate
1131 479 1175 514 et
1204 473 1467 526 frequentia
1496 488 1591 516 non
1626 478 1767 528 pauci
1788 477 1862 518 de-

223 543 468 584 uotissime
490 544 743 584 celebrant.
773 544 845 584 Ex
875 544 949 584 his
982 544 1341 586 honestissimae
1371 547 1604 598 quaedam
1639 559 1694 588 ac
1729 549 1866 589 huius

224 615 353 655 urbis
374 615 691 655 nobilissimae
715 621 960 655 matronae
980 615 1119 656 facile
1135 617 1313 668 primas
1343 624 1515 658 tenent.
1540 617 1659 659 Nam
1681 620 1863 671 primae

224 687 398 737 statim,
424 687 600 738 apertis
623 687 785 737 portis,
808 688 1034 738 templum
1064 694 1277 728 nostrum
1305 689 1650 742 ingrediuntur;
1686 691 1866 743 primae

222 758 367 798 etiam
389 764 496 798 ante
527 769 715 798 sacram
736 769 949 798 mensam
974 770 1024 799 se
1056 758 1282 800 adiiciunt
1313 767 1357 800 et
1385 767 1689 812 prosternunt
1718 763 1867 803 coele—

222 835 435 881 stemque
455 840 640 880 panem,
665 829 927 880 praemissa
947 829 1129 870 feruida
1159 831 1372 871 oratione
1393 837 1438 872 et
1459 833 1866 883 reconciliatione,

222 901 517 952 saepiuscule
539 899 842 951 manducant;
866 901 1041 941 nemini
1063 901 1255 942 dubium
1276 902 1387 954 quin
1414 914 1501 943 sua
1530 903 1760 955 singulari
1793 904 1867 945 de-

222 972 412 1012 uotione
434 972 494 1011 ad
514 971 756 1012 meliorem
792 972 940 1012 uitam
969 973 1226 1024 permultos
1247 973 1454 1014 trahant.
1483 973 1574 1015 Sed
1603 975 1721 1016 haec
1756 982 1865 1016 sunt

222 1054 386 1094 parua,
411 1043 451 1082 si
472 1054 578 1082 cum
598 1043 655 1083 iis
677 1042 996 1094 conferantur,
1021 1055 1141 1096 quae
1161 1050 1270 1085 sunt
1290 1045 1500 1086 maxima
1522 1046 1771 1098 miracula,
1795 1059 1864 1088 so-

221 1114 310 1154 lius
332 1114 455 1154 enim
476 1113 566 1154 Dei
586 1113 759 1154 accidit
781 1114 1108 1155 misericordia
1131 1115 1256 1167 quod
1278 1115 1516 1168 homines,
1541 1117 1618 1169 qui
1639 1123 1707 1158 tot
1729 1118 1865 1159 annis

220 1185 269 1226 in
288 1185 498 1237 peccatis
521 1185 763 1238 (tanquam
784 1186 831 1226 in
853 1197 1056 1226 coenoso
1086 1186 1209 1237 lacu)
1232 1187 1499 1240 iacuerunt,
1530 1189 1591 1229 ad
1625 1190 1863 1230 saniorem

221 1264 426 1299 mentem
466 1256 681 1306 redeant,
721 1258 993 1309 sceleraque
1040 1258 1294 1299 commissa
1328 1260 1591 1310 generatim
1627 1261 1865 1302 sacerdoti

218 1335 456 1370 enarrent.
492 1328 694 1379 Quidam
716 1328 776 1369 ad
797 1340 883 1369 nos
904 1329 1046 1380 uenit,
1071 1329 1150 1381 qui
1169 1341 1220 1369 se
1249 1341 1276 1370 a
1304 1336 1482 1382 septem
1514 1331 1702 1372 circiter
1726 1332 1864 1373 annis

219 1413 314 1442 non
335 1400 604 1442 confessum
627 1400 824 1451 dicebat,
850 1411 989 1452 quem
1017 1399 1135 1441 adeo
1165 1406 1472 1452 peccatorum
1493 1414 1684 1443 suorum
1706 1404 1863 1455 poeni-

219 1473 362 1523 tebat,
399 1480 448 1512 ut
470 1483 561 1524 quo
583 1472 736 1522 magis
765 1483 819 1512 ea
848 1472 928 1523 (ne
955 1472 1250 1523 desperaret)
1295 1472 1435 1513 Pater
1465 1475 1865 1516 excusatiunculis

219 1544 506 1593 defenderet,
532 1556 586 1584 eo
607 1544 861 1584 instantius
883 1555 933 1584 se
955 1544 1226 1584 accusabat.
1257 1543 1501 1596 Colloquia
1524 1557 1630 1586 cum
1652 1558 1706 1586 eo
1729 1559 1755 1586 a
1780 1545 1863 1586 Pa-

218 1616 369 1656 tribus
403 1616 564 1656 habita
602 1616 774 1656 bonam
808 1615 945 1656 nobis
980 1627 1112 1667 spem
1146 1615 1407 1656 iniecerunt
1446 1616 1600 1668 ipsum
1640 1617 1863 1669 deinceps

217 1687 609 1728 christianissime
632 1687 882 1727 uicturum.
907 1686 1125 1727 Accessit
1146 1687 1397 1738 secundus,
1423 1688 1500 1740 qui
1523 1688 1663 1728 etiam
1686 1695 1862 1729 errato-

217 1771 322 1799 rum
343 1759 583 1799 sarcinam
604 1758 790 1807 abiecit,
816 1770 907 1811 qua
930 1771 1012 1810 per
1032 1758 1286 1799 triennium
1308 1759 1461 1799 fuerat
1480 1766 1726 1811 grauatus
1754 1759 1861 1800 Duo

217 1836 479 1882 praeterea,
504 1830 582 1882 qui
600 1830 770 1870 abhinc
792 1830 960 1881 uiginti
981 1831 1118 1871 annis
1140 1837 1185 1871 et
1206 1831 1406 1882 amplius
1436 1843 1678 1883 nunquam
1700 1831 1860 1883 poeni-

214 1909 418 1952 tuerant,
447 1902 715 1952 sanitatem,
741 1902 938 1942 salutari
966 1901 1277 1942 medicamine
1307 1902 1532 1953 adhibito,
1556 1910 1856 1954 receperunt.

216 1973 444 2015 Dedimus
466 1985 651 2026 quoque
673 1985 866 2025 operam
887 1979 936 2014 ut
958 1974 1036 2026 qui
1053 1980 1245 2026 propter
1266 1985 1347 2014 aes
1369 1975 1573 2014 alienum
1598 1975 1644 2014 in
1667 1986 1861 2015 carcere

217 2046 560 2096 detinebantur,
595 2046 904 2086 soluerentur:
945 2045 1223 2086 confidimus
1255 2046 1412 2098 plures
1443 2045 1602 2086 diuina
1632 2058 1718 2098 ope
1753 2046 1860 2086 libe-

216 2118 408 2158 randos.

299 2188 584 2229 Scholastici
606 2189 804 2240 Collegii
832 2189 982 2229 nostri
1012 2195 1258 2241 tantopere
1287 2189 1514 2240 religione
1549 2188 1858 2240 delectantur,

216 2265 267 2300 ut
292 2272 398 2300 cum
420 2261 731 2301 admonentur
753 2267 937 2312 tempus
966 2261 1148 2311 adesse,
1187 2273 1278 2313 quo
1303 2260 1479 2301 Christi
1506 2261 1687 2301 uicario
1715 2261 1860 2301 facto-

217 2343 322 2372 rum
343 2332 575 2372 rationem
603 2331 800 2372 reddere
821 2338 1053 2383 tenentur,
1083 2344 1176 2372 uno
1209 2344 1290 2372 ore
1317 2343 1478 2372 omnes
1513 2333 1780 2372 exclamant
1810 2343 1859 2372 se

218 2414 322 2443 esse
344 2409 552 2455 paratos,
577 2410 741 2444 sancta
765 2404 1066 2444 contentione
1096 2404 1216 2444 alius
1239 2404 1384 2444 alium
1411 2403 1690 2443 antecedere
1721 2396 1858 2443 cona-

216 2481 305 2514 tur.
333 2474 485 2526 Quam
506 2475 597 2515 sint
621 2475 905 2525 obedientes,
930 2476 1007 2515 Vel
1027 2487 1086 2516 ex
1108 2475 1197 2515 hoc
1220 2475 1320 2515 solo
1351 2475 1594 2522 iudicabis,
1619 2474 1742 2526 quod
1764 2487 1858 2515 ma-

215 2546 354 2597 iores,
379 2547 458 2598 qui
478 2547 628 2586 solent
647 2548 921 2599 plerumque
943 2558 1045 2587 esse
1062 2546 1287 2597 difficiles,
1307 2546 1367 2586 ad
1384 2558 1545 2586 eorum
1562 2547 1721 2598 pedes,
1741 2558 1859 2598 quos

215 2618 360 2658 verbo
384 2624 463 2658 aut
484 2618 608 2658 facto
630 2619 882 2668 laeserunt,
913 2618 1079 2670 culpae
1100 2618 1289 2658 veniam
1322 2623 1553 2669 petentes,
1585 2629 1725 2669 saepe
1755 2629 1858 2669 pro-

216 2689 454 2740 cumbant,
480 2690 855 2730 emendationem
881 2689 929 2730 in
959 2695 1200 2741 posterum
1228 2689 1573 2741 promittentes.
1597 2688 1732 2740 Quod
1753 2689 1792 2729 si
1815 2696 1860 2729 et

214 2766 391 2800 terram
414 2761 680 2801 deosculari
712 2761 999 2812 iuberentur,
1024 2760 1330 2801 libentissime
1359 2767 1404 2800 et
1433 2760 1595 2800 sedulo
1627 2759 1855 2800 facerent.

216 2829 267 2869 In
294 2832 459 2871 studiis
488 2831 731 2872 literarum
766 2832 898 2872 breui
933 2838 1143 2884 ternpore
1167 2832 1300 2873 multi
1322 2843 1417 2872 non
1433 2842 1633 2883 paruum
1653 2830 1857 2871 fructum

216 2901 442 2953 fecerunt,
467 2904 514 2943 in
536 2903 635 2943 dies
658 2904 922 2943 uberiorem
953 2903 1057 2952 (Dei
1080 2902 1387 2954 benignitate)
1411 2913 1669 2954 speramus.
1695 2900 1856 2942 Solent

215 2973 371 3012 ueneti
394 2973 531 3023 paulo
552 2974 771 3014 libentius
793 2974 840 3014 in
863 2975 1007 3024 agris,
1038 2974 1229 3026 zephiro
1250 2974 1408 3022 fiante,
1438 2974 1608 3023 rurari,
1643 2978 1687 3012 et
1713 2971 1853 3023 potis-
