2047 3179
870 115 951 151 ΑΝ.
983 115 1074 152 1555
1715 115 1786 152 455

154 220 314 254 noster
334 213 393 253 ad
414 214 639 254 maiorem
660 212 859 264 gloriam
889 223 1021 251 suam
1043 211 1209 252 efficiet
1230 218 1278 251 ut
1305 213 1457 263 magis
1479 213 1525 252 in
1561 212 1658 252 dics
1679 224 1781 263 pro-

156 284 446 336 grediantur.

235 355 342 395 Alia
364 355 436 395 his
456 353 680 395 beneficia
702 353 829 394 Deus
851 352 929 393 dat
951 351 1055 404 Opt.
1087 352 1229 401 Max„
1270 353 1437 405 quibus
1465 365 1514 393 se
1544 354 1696 404 magis
1717 354 1783 393 eis⁴

155 427 373 478 impertit,
398 437 559 466 eorum
580 425 759 465 animos
781 423 839 464 ad
860 423 1070 463 instituta
1092 423 1340 464 Societatis
1363 424 1653 476 capessenda
1685 436 1784 475 per-

157 508 367 537 mouens.
390 496 598 536 Admissi
619 502 725 536 sunt
746 495 833 535 hoc
856 494 1186 546 quadrimestri
1213 495 1364 546 spatio
1386 495 1431 535 in
1466 495 1554 535 hoc
1577 494 1785 546 Collegio

156 579 216 608 ex
236 568 323 618 his,
346 567 424 619 qui
446 578 494 607 se
515 567 666 618 magis
687 566 786 606 Deo
808 565 1096 615 dediderant,
1121 571 1347 617 erantque
1375 565 1563 617 ingenio
1585 566 1783 617 priores,

160 638 184 678 3
205 638 383 690 primae
404 638 582 688 classis,
612 648 823 688 unusque
858 636 995 677 Pater
1031 648 1090 676 ex
1118 637 1412 677 auditoribus
1446 648 1642 676 casuum
1679 648 1787 676 con-

160 708 397 757 scientiae,
423 708 513 748 duo
533 719 719 760 quoque
740 708 934 748 iuvenes
956 707 1014 747 ad
1036 707 1351 747 seruiendum.
1376 707 1522 747 Multo
1545 708 1703 758 plures
1723 708 1789 748 in-

159 778 468 829 grederentur
489 779 527 819 si
548 785 713 830 portae
733 784 960 830 paterent.
980 778 1297 829 Expectamus
1319 778 1456 818 modo
1481 777 1667 818 Patrem
1694 778 1789 818 Ma-

159 851 360 902 gistrum
381 848 624 900 Mironem,
649 849 708 890 ad
724 850 847 890 hunc
869 860 1076 889 mensem
1094 848 1218 899 Maii,
1240 849 1319 900 qui
1339 849 1515 900 aliquot
1532 849 1790 900 primarum

162 921 379 973 partium,
405 932 431 960 a
452 919 552 961 Deo
580 920 639 960 ad
660 919 908 960 Societatis
929 920 1053 960 uitae
1084 920 1315 960 rationem
1342 919 1691 971 suscipiendam
1712 920 1793 960 im-

164 992 345 1044 pulsos,
388 991 607 1043 accipiat.
635 991 873 1031 Laudetur
893 991 1145 1041 Dominus,
1170 991 1248 1042 qui
1283 992 1440 1031 omnia
1480 1003 1563 1031 sua
1585 992 1793 1031 bonitate

167 1062 319 1103 efficit.

244 1133 316 1174 De
335 1134 614 1174 lectionibus
635 1145 758 1174 nunc
780 1134 839 1174 ad
858 1141 902 1174 te
933 1134 1150 1183 scribam,
1170 1132 1273 1174 R.de
1296 1133 1450 1184 Pater,
1476 1145 1530 1173 ac
1566 1133 1794 1184 imprimis

139 1204 222 1259 ⁴de
244 1216 314 1255 ea,
338 1216 457 1256 quae
493 1205 815 1245 sacerdotibus
850 1205 1113 1256 exponitur,
1151 1203 1206 1244 de
1238 1205 1425 1244 casibus
1461 1205 1793 1255 conscientiae,

169 1276 244 1316 hic
280 1275 402 1316 enim
432 1275 612 1315 fructus
647 1283 715 1315 est
737 1287 856 1316 unus
892 1288 950 1315 ex
984 1275 1212 1326 omnibus,
1251 1275 1327 1326 qui
1364 1275 1551 1326 decerpi
1584 1282 1794 1326 possunt,

164 1348 304 1398 longe
321 1348 568 1397 maximus,
589 1359 737 1399 neque
755 1348 841 1387 alia
863 1359 912 1387 re
932 1347 1081 1387 maius
1098 1346 1198 1387 Deo
1219 1352 1485 1399 praestatur
1507 1347 1795 1398 obsequium.

163 1418 300 1469 Legit
321 1418 369 1458 P.
393 1418 581 1459 Marcus
603 1418 849 1469 Georgius,
875 1418 951 1470 qui
980 1429 1104 1458 nunc
1139 1424 1208 1458 est
1237 1417 1375 1458 huius
1409 1417 1604 1469 Collegii
1637 1418 1799 1458 Prore-

164 1495 280 1530 ctor.
305 1488 535 1529 Probatur
563 1489 775 1529 omnibus
806 1489 1094 1529 auditoribus
1121 1489 1340 1539 maxime,
1372 1495 1534 1540 estque
1568 1489 1634 1529 eis
1657 1489 1799 1529 utilis-

164 1560 323 1600 simus.
338 1559 455 1600 Sunt
472 1561 742 1611 plerumque
758 1560 861 1611 plus
879 1560 1031 1600 minus
1048 1559 1402 1611 quinquaginta,
1420 1560 1670 1600 uirtutibus
1688 1560 1797 1600 mul-

165 1631 224 1670 tis
245 1630 475 1679 adornati,
500 1643 558 1671 ex
580 1631 745 1682 quibus
767 1631 941 1682 aliquot
963 1641 1160 1681 magnos
1195 1631 1242 1670 in
1276 1642 1472 1670 casuum
1507 1631 1703 1670 scientia
1738 1631 1799 1671 fe-

166 1707 329 1742 cerunt
351 1713 644 1753 progressus.
669 1701 850 1753 Ubique
872 1702 1008 1753 plane
1030 1702 1282 1741 multarum
1312 1713 1485 1750 rerum,
1524 1700 1606 1741 sed
1630 1702 1800 1742 nullius

168 1773 318 1813 maior
338 1775 533 1824 penuria
551 1780 634 1823 est,
659 1784 800 1824 quam
833 1772 1081 1813 doctorum
1116 1772 1449 1824 parochorum,
1488 1784 1606 1824 quae
1630 1773 1798 1825 turpis-

170 1844 336 1884 simam
369 1844 521 1895 gignit
548 1844 593 1883 in
630 1844 800 1895 populo
834 1843 1112 1884 caecitatem
1147 1842 1374 1894 affertque
1408 1843 1683 1884 mortalibus
1710 1844 1800 1884 exi-

170 1915 315 1955 tiosas
336 1915 645 1955 calamitates.
676 1914 810 1955 Nunc
831 1925 1054 1966 magnam
1079 1926 1210 1966 spem
1233 1912 1311 1966 [in]
1334 1914 1436 1954 Deo
1458 1914 1683 1954 habemus
1704 1913 1803 1955 fore

171 1986 323 2036 breui,
353 1992 401 2026 ut
431 1986 658 2026 ecclesiae
679 1985 814 2025 huius
849 1984 1301 2037 Archiepiscopatus
1335 1985 1569 2037 parochos
1601 1985 1804 2026 habeant

173 2057 288 2097 satis
308 2057 518 2097 idoneos.

252 2127 475 2179 Princeps
502 2127 765 2169 Cardinalis
790 2127 814 2179 ¹,
852 2128 975 2168 hunc
1013 2134 1195 2168 tantum
1230 2127 1436 2168 fructum
1471 2128 1801 2177 subodoratus,

172 2197 226 2238 30
251 2199 264 2217 ²
285 2199 355 2238 sui
390 2198 838 2251 Archiepiscopatus
868 2199 1026 2251 pendit
1056 2199 1303 2251 stipendia.
1340 2198 1612 2239 Ludouicus
1650 2204 1806 2239 autem

172 2268 396 2321 Princeps
422 2268 470 2309 10
488 2270 561 2310 sui
588 2270 824 2321 prioratus
846 2269 1022 2310 ordinis
1052 2270 1096 2311 S.
1134 2270 1343 2323 Joannis.
1377 2269 1511 2310 Nunc
1541 2269 1804 2320 considera,

174 2339 275 2379 Rde
294 2339 447 2390 Pater,
472 2340 545 2380 his
564 2340 616 2380 40
636 2340 895 2380 distributis
912 2341 959 2380 in
979 2341 1243 2392 paroecias,
1267 2346 1526 2393 quartoque
1556 2341 1664 2380 hinc
1688 2352 1808 2380 anno

176 2411 386 2461 totidem,
405 2423 545 2463 quam
566 2411 696 2452 breui
717 2412 900 2451 lucrum
919 2412 1084 2463 ingens
1106 2412 1153 2452 in
1173 2412 1263 2452 hac
1281 2412 1560 2463 animarum,
1586 2412 1662 2452 cui
1678 2423 1808 2463 prae-

178 2482 317 2533 positi
345 2488 468 2531 sunt,
506 2482 824 2533 negotiatione
850 2482 941 2522 fiet.
972 2482 1202 2523 Dominus
1222 2488 1420 2523 naturae
1455 2495 1568 2523 suae
1603 2483 1810 2523 bonitate

178 2552 268 2592 hoc
289 2564 472 2604 quoque
494 2564 630 2593 suum
651 2564 767 2604 opus
787 2559 1082 2604 promoueat.
1103 2553 1271 2594 Amen.

259 2622 311 2663 In
341 2623 540 2664 caeteris
567 2630 766 2675 quatuor
792 2623 1021 2664 classibus
1049 2624 1469 2675 grammaticorum
1496 2630 1541 2664 et
1571 2624 1810 2665 humanio-

180 2705 285 2734 rum
303 2694 545 2735 literarum
566 2694 815 2746 proficiunt
836 2694 952 2735 bene
973 2695 1267 2746 scholastici;
1292 2701 1399 2735 sunt
1429 2701 1585 2735 autem
1617 2695 1810 2746 plerum-

237 2831 246 2851 θ
286 2829 464 2864 Henricus.
480 2831 520 2858 de
535 2838 599 2866 quo
611 2831 683 2866 jam
696 2830 896 2865 saepissime
912 2834 964 2859 est
979 2831 1073 2859 facta
1088 2832 1228 2860 mentio.

237 2877 251 2897 2
288 2876 439 2913 Scilicet,
457 2879 693 2906 sacerdotibus
715 2879 766 2906 sui
781 2878 1022 2913 Episcopatus,
1038 2887 1102 2914 quo
1121 2881 1263 2907 valeant
1285 2880 1421 2907 Eborae
1445 2879 1596 2907 residere
1620 2883 1655 2906 et
1670 2887 1816 2907 casuum

187 2924 415 2953 conscientiae
429 2926 551 2953 studiis
567 2933 705 2954 vacare.
720 2925 807 2953 Vide
823 2925 972 2953 PoLaxm
994 2926 1198 2960 Chronicon,
1214 2931 1236 2956 t.
1252 2935 1299 2962 111,
1317 2935 1395 2962 pag.
1409 2927 1473 2960 423,
1495 2934 1526 2954 n.
1538 2926 1601 2954 937.

379 2984 510 3021 T.111.
1578 3002 1627 3037 30
