2047 3179
961 110 1043 146 AN.
1077 110 1167 146 1554
1817 115 1877 150 iil

322 208 674 259 Snperscrc'ptz'o
695 207 743 246 in
781 206 852 245 45¹
870 205 1084 256 pagina:
1102 208 1128 253 †
1150 205 1417 245 Admodum
1441 206 1541 246 [ἰ.ᾰο
1574 207 1619 246 in
1649 207 1730 247 X.⁴'
1761 208 1806 246 1².
1833 216 1874 249 ct

241 279 444 319 Domino
466 279 692 330 Magistro
713 277 896 328 Ignatio
927 277 982 317 de
1010 276 1204 327 Loyoia,
1234 275 1507 327 Praeposito
1544 277 1765 317 Generali
1794 278 1873 318 So-

234 351 423 389 ‹cictatis
444 351 570 403 Jcsu,
594 349 783 390 Romae.

322 420 432 460 Alia
450 433 609 461 numu.
639 419 753 459 1554.
779 418 928 469 Quad.
956 418 1154 458 Tornac.
1179 417 1203 457 4
1225 417 1289 457 Id.
1314 416 1441 469 Sept.

320 492 383 531 Et
404 491 515 532 alsa.
545 492 658 531 1554.
684 492 737 541 Q.
761 490 977 530 Tornaco
1005 488 1052 528 10
1072 487 1373 540 Septembris.
1399 496 1442 528 et
1466 489 1555 529 An.
1580 489 1634 540 Q.
1663 490 1718 528 V.

885 913 1220 968 CCCXXIV

316 1144 361 1180 P.
383 1144 607 1181 Arnoldus
627 1145 800 1181 Hezeus

366 1209 485 1246 Patri
506 1209 674 1256 ignatio
695 1208 747 1245 de
768 1209 952 1254 Loyola.

409 1274 621 1319 Lovanio,
646 1274 684 1310 11
706 1273 976 1320 Septembris
999 1272 1090 1309 1554
1109 1272 1134 1308 ¹.

1011 1463 1109 1539 ulis

319 1698 484 1738 Gratia
507 1703 552 1737 et
573 1696 779 1737 charitas
801 1695 907 1735 Dni.
934 1693 1031 1734 Nri.
1058 1694 1169 1747 Jesu
1199 1693 1325 1734 Chri.
1359 1705 1465 1734 cum
1488 1695 1704 1735 omnibus
1729 1696 1880 1735 nobis.

319 1769 546 1820 Quamuis
578 1768 667 1808 hoc
695 1765 1029 1819 quadrimestri
1064 1776 1231 1817 parum
1261 1765 1441 1816 scriptu
1473 1765 1667 1816 dignum
1700 1778 1726 1806 a
1748 1766 1882 1806 nobis

238 1840 533 1880 elaboratum
556 1838 827 1888 sentiamus,
858 1836 998 1877 Pater
1026 1836 1072 1876 in
1095 1835 1234 1877 Chro.
1265 1837 1461 1876 multum
1482 1836 1660 1887 Rev.de‚
1685 1838 1881 1878 rationis

220 1918 397 1958 *tamen
418 1911 623 1951 instante
649 1916 874 1960 tempore,
900 1909 975 1948 vel
1003 1908 1267 1948 teruncium
1289 1919 1395 1948 cum
1417 1908 1493 1959 pia
1516 1908 1592 1948 illa
1614 1908 1756 1949 vidua
1781 1922 1883 1949 san-

232 1990 342 2023 -ctae
364 1982 530 2022 offerre
553 1980 845 2021 obedientiae
866 1990 1105 2030 nunquam
1130 1979 1443 2030 respuendum
1465 1979 1721 2029 confidens,
1755 1981 1881 2032 quic-

233 2054 345 2105 quid
369 2054 598 2094 Dominus
629 2065 714 2093 sua
742 2051 1032 2102 benignitate
1060 2050 1197 2090 nobis
1226 2050 1302 2089 hic
1330 2050 1639 2090 existentibus
1671 2051 1877 2092 tribuere

238 2126 459 2176 dignatus
480 2124 632 2174 fuerit,
657 2134 741 2163 suo
772 2121 932 2162 ordine
953 2127 1158 2171 seruato,
1183 2122 1452 2161 summatim
1474 2121 1532 2162 V.
1559 2121 1606 2161 P.
1632 2134 1880 2163 recensere

235 2196 531 2236 conabimur.

317 2268 375 2307 Et
396 2267 546 2318 primo
568 2265 756 2318 quidem
776 2262 1023 2304 Rev.‘³0¹'um
1043 2264 1251 2311 Patrum,
1276 2274 1391 2315 quos
1405 2263 1462 2303 V.
1483 2263 1533 2303 P.
1553 2264 1612 2304 ad
1634 2265 1881 2305 colendam

234 2339 524 2379 dominicam
545 2337 732 2377 vineam
766 2336 813 2376 in
846 2336 932 2376 has
962 2336 1181 2387 regiones
1208 2334 1332 2374 misit
1363 2334 1390 2385 ²,
1423 2335 1647 2386 cogitatio
1670 2335 1876 2385 offertur,

232 2421 437 2462 quorum
458 2409 688 2449 aduentus
711 2407 919 2459 profecto
940 2408 1044 2459 plus
1066 2407 1226 2458 gaudii
1248 2406 1380 2446 nobis
1401 2405 1488 2446 fuit
1509 2406 1555 2446 in
1582 2406 1704 2447 Dno.
1738 2419 1878 2459 quam

236 2481 365 2521 hisce
388 2480 650 2532 exprimere
671 2479 856 2519 valeam
878 2478 1078 2530 scriptis;
1104 2490 1189 2518 nec
1218 2477 1350 2518 nobi-s
1381 2477 1641 2528 dumtaxat,
1666 2479 1748 2519 sed
1772 2479 1877 2519 aliis

235 2552 461 2603 pluribus,
502 2551 682 2602 patriae
703 2550 969 2602 praecipue,
993 2550 1039 2590 in
1061 2561 1152 2601 qua
1174 2554 1334 2600 agunt,
1358 2548 1657 2600 gratissimus
1674 2549 1759 2590 fuit
1782 2550 1878 2590 diu-

236 2635 326 2675 que
348 2628 637 2675 expectatus.
660 2621 815 2673 Opera
837 2628 880 2661 et
897 2621 1081 2661 labores
1103 2631 1280 2669 eorum,
1302 2620 1524 2671 quoniam
1541 2621 1744 2672 propriis
1761 2621 1880 2672 ipso-

234 2706 337 2734 rum
362 2693 512 2745 magis
533 2693 759 2745 patebunt
777 2692 956 2741 litteris,
977 2692 1131 2732 studio
1150 2691 1225 2731 hic
1243 2697 1534 2742 pertranseo.
1556 2691 1694 2732 Pater
1712 2691 1882 2732 Adria-

290 2831 298 2850 ¹
340 2830 590 2864 Autographae
606 2829 730 2863 duplici
747 2828 839 2862 folio,
855 2829 962 2863 primo
979 2829 1039 2856 sub
1055 2836 1086 2855 n.
1103 2828 1168 2863 255,
1185 2828 1295 2855 altero
1316 2834 1399 2854 vero
1415 2835 1480 2855 non
1498 2834 1690 2857 numerato.

289 2879 302 2897 ‘2
340 2878 407 2906 ΡΡ,
432 2877 629 2904 Bernardus
656 2876 839 2911 oliverius,
866 2876 1046 2910 Quintinus
1064 2876 1239 2908 Chartam,
1256 2875 1425 2903 Antonius
1450 2875 1603 2911 Bouclet,
1627 2882 1660 2904 et
1682 2879 1782 2912 paulo
1804 2884 1879 2913 post

235 2925 413 2953 Adrianus
433 2925 472 2952 cle
489 2924 598 2952 Witte
614 2932 672 2951 seu
688 2923 871 2952 Candidus.
