2047 3179
264 175 339 212 572
792 176 1015 213 LITTERAE
1033 184 1393 219 QUADRIMESTRES

267 278 520 323 mercator,
546 273 842 324 hispalensis,
867 273 1044 324 ingenii
1066 272 1304 313 docilitate
1326 271 1582 323 praeditus,
1614 283 1662 310 se
1684 269 1907 311 Societati

267 343 463 394 addixit,
490 351 535 384 et
556 356 731 396 magno
761 357 868 385 cum
895 345 1208 384 emolumento
1241 342 1464 382 exercitia
1487 342 1614 382 facit.
1648 341 1742 381 Alii
1765 342 1907 382 etiam

267 414 359 454 duo
381 422 675 466 exercentur,
700 417 841 456 herus
863 422 1002 468 atque
1023 414 1240 455 famulus:
1264 414 1406 454 herus
1427 413 1614 465 quidem
1635 419 1705 452 est
1722 413 1906 453 iuuenis

265 492 311 525 et
333 485 464 526 diues
486 487 617 538 satis,
642 488 814 539 quique
836 487 996 528 mundi
1017 487 1283 526 vanitatum
1306 492 1349 525 et
1371 486 1522 525 cultus
1543 484 1673 524 nimii
1695 490 1739 523 et
1759 484 1904 524 famu-

265 557 417 598 lorum
440 558 688 598 comitatus
719 559 975 599 insectator
1002 558 1173 598 nimius
1204 563 1343 608 atque
1366 556 1517 596 cultor
1546 555 1788 605 extiterat;
1823 556 1905 595 sed

264 634 362 668 tam
393 629 663 670 indifferens
694 630 753 670 ad
780 629 1006 669 sumenda
1038 628 1265 669 exercitia
1282 627 1426 676 venit,
1450 632 1502 666 vt
1530 626 1715 666 omissis
1737 625 1901 675 fratre,

265 711 444 750 sorore,
469 700 643 742 famulo
665 702 711 741 in
733 702 849 741 toris
872 712 985 752 prae
1008 699 1303 751 aegritudine
1324 698 1599 748 iacentibus,
1620 698 1679 737 ad
1696 708 1782 737 nos
1798 708 1904 737 con-

262 772 477 823 cesserit,
501 784 759 824 persuasus
781 772 970 824 quidem
992 771 1236 812 cuiusdam
1254 770 1409 810 Patris
1429 769 1601 819 uerbiS,
1623 768 1701 820 qui
1722 769 1764 808 ei
1780 768 1907 808 dixe-

264 848 340 882 rat
375 843 636 883 absentiam
673 856 699 883 a
735 843 963 895 religione
997 855 1079 895 per
1110 843 1300 883 unicam
1330 841 1453 882 diem
1481 839 1647 880 afferre
1682 850 1905 890 magnam

265 914 513 955 iacturam:
539 915 676 956 huius
697 915 899 955 famulus
917 927 943 955 a
969 915 1124 955 multis
1145 913 1308 954 diebus
1330 924 1379 952 se
1404 911 1628 953 Societati
1645 911 1901 951 dicauerat.

266 985 400 1025 Multi
423 992 530 1026 sunt
552 986 644 1037 alii,
668 987 747 1038 qui
768 992 931 1038 petunt
951 986 998 1026 in
1019 985 1303 1027 Societatem
1324 983 1483 1035 recipi:
1511 983 1600 1023 viri
1621 988 1777 1022 autem
1798 988 1906 1022 sunt

266 1058 508 1109 praecipui
529 1059 702 1110 plures,
727 1059 805 1110 qui
827 1058 1052 1098 exercitia
1079 1057 1237 1097 facere
1265 1055 1548 1105 desiderant,
1573 1065 1721 1106 eaque
1747 1052 1904 1093 facere

267 1129 360 1168 iam
382 1129 428 1168 in
451 1129 659 1170 animum
681 1129 908 1170 induxere
929 1141 1080 1170 suum.

345 1200 680 1241 Confessiones
703 1209 811 1242 sunt
834 1201 1057 1252 quotidie,
1089 1199 1542 1240 communicationes
1564 1196 1790 1247 similiter,
1815 1197 1903 1236 col-

264 1272 479 1322 legarum
502 1278 546 1312 et
568 1273 977 1324 scholasticorum3
1002 1272 1085 1312 sed
1104 1271 1328 1323 quoniam
1357 1270 1551 1310 Patrum
1580 1268 1737 1320 inopia
1760 1268 1902 1308 omni-

263 1343 350 1382 bus
377 1343 654 1384 satisfacere
685 1356 779 1384 non
807 1355 1074 1396 possumus,
1106 1354 1199 1383 non
1227 1349 1325 1382 tam
1355 1341 1520 1381 crebro
1543 1340 1631 1380 hoc
1654 1339 1904 1390 collegium

261 1413 577 1466 frequentant,
603 1427 744 1467 quam
762 1416 802 1456 si
823 1421 981 1455 essent
998 1415 1076 1467 qui
1093 1425 1176 1454 eos
1189 1412 1426 1453 consolari
1443 1417 1649 1463 possent.
1672 1410 1904 1451 Dominus

265 1491 421 1526 autem
442 1485 844 1539 Archiepiscopus
864 1487 912 1526 in
933 1486 1032 1538 dies
1054 1485 1277 1538 patefacit
1298 1495 1523 1534 amorem,
1544 1494 1681 1534 quem
1698 1492 1812 1533 erga
1825 1480 1903 1522 So-

260 1557 483 1598 cietatem
517 1559 652 1609 gerit,
692 1559 831 1610 idque
862 1570 974 1598 sane
1013 1557 1215 1598 ostendit
1244 1562 1289 1596 et
1322 1567 1373 1596 re
1399 1561 1444 1595 et
1472 1553 1900 1605 congressionibus,

263 1628 430 1679 quibus
452 1628 508 1669 de
531 1642 584 1669 ea
607 1642 761 1670 sermo
785 1629 997 1670 habetur.
1023 1628 1199 1669 Omnes
1220 1638 1305 1679 pro
1325 1626 1460 1666 nobis
1477 1631 1602 1665 stare
1620 1625 1840 1664 videntur
1855 1623 1904 1663 in

263 1699 351 1740 hac
387 1700 516 1751 vrbe,
556 1701 696 1741 etiarn
732 1700 966 1751 monachi,
1011 1700 1088 1751 qui
1127 1698 1377 1740 Societatis
1416 1697 1527 1750 Jesu
1562 1702 1721 1748 partes
1760 1706 1903 1746 agere

262 1771 464 1812 student.

341 1842 384 1883 Is
405 1855 520 1883 Vero
542 1844 676 1884 nobis
698 1856 833 1884 suurn
855 1843 1071 1896 spiritum
1091 1842 1338 1893 largiatur,
1369 1852 1459 1892 quo
1488 1850 1672 1890 semper
1693 1838 1900 1878 eiusdem

261 1914 408 1954 simus
430 1915 632 1955 omnino.
659 1915 697 1955 T
702 1916 864 1967 uisque
892 1915 1184 1955 orationibus
1216 1920 1260 1954 et
1284 1912 1673 1954 charissimorum
1708 1910 1900 1950 Pan-um

258 1991 399 2036 atque
421 1985 642 2027 Fratrum
664 1988 802 2027 isthic
824 1987 1220 2027 commorantium
1243 1985 1458 2036 cupimus
1488 1982 1589 2022 Deo
1612 1981 1787 2033 optimo
1808 1991 1901 2020 ma-

258 2057 386 2097 ximo
409 2058 745 2109 commendari,
768 2064 820 2099 vt
842 2070 1026 2111 semper
1047 2058 1304 2098 sentiamus
1326 2054 1676 2096 sanctissimam
1704 2053 1804 2092 eius
1824 2063 1902 2092 uo-

260 2129 503 2181 luntatem,
528 2131 835 2182 eamdemque
858 2130 918 2171 ad
939 2141 1146 2182 unguem
1166 2129 1506 2181 persoluamus.

339 2199 594 2253 Granatae,
619 2201 644 2241 4
664 2202 887 2243 calendas
908 2201 1194 2253 Septembris
1220 2200 1334 2240 1555.

419 2272 550 2314 Tuae
571 2273 874 2314 paternitatis
896 2274 1017 2314 filius
1038 2274 1086 2313 in
1107 2272 1312 2312 Domino
1335 2269 1568 2321 indignus.

635 2345 706 2386 Ex
728 2345 1058 2386 commissione
1081 2343 1234 2384 Patris
1255 2342 1430 2391 Basilii,

1417 2488 1446 2533 †
1467 2483 1712 2524 NAUARRO.
1737 2484 1764 2527 †

339 2705 693 2757 Superscmptso
715 2704 764 2744 in
787 2708 962 2755 quarta
976 2703 1186 2755 pagina:
1207 2681 1326 2756 JHS.
1351 2698 1628 2741 Reuerendo
1647 2697 1899 2738 admodum

258 2778 305 2815 in
327 2776 513 2816 Christo
536 2776 663 2816 Patri
687 2775 735 2816 P.
759 2775 990 2826 l'vIagistro
1012 2774 1196 2826 Ignatio
1219 2772 1426 2822 Loiolae,
1450 2769 1727 2822 Praeposito
1751 2768 1899 2809 Gene-

257 2848 346 2887 rali
367 2847 615 2888 Societatis
636 2849 761 2901 Jesu.
781 2847 974 2887 Romae.

338 2918 449 2958 Alsa
467 2930 629 2958 mann:
655 2918 770 2957 1555.
795 2919 1024 2959 Granata.
1049 2915 1430 2968 Quadrimestres
1449 2913 1502 2954 29
1521 2911 1741 2963 Augusti.

338 2990 500 3030 Manet
525 2990 788 3039 vestigium
810 2988 973 3041 sigilli
991 2993 1034 3029 et
1056 2999 1188 3028 cerae
1210 2987 1397 3027 rubrae.
