2047 3179
231 168 302 206 536
746 167 974 205 LITTERAE
999 177 1357 212 QUADRIMESTRES

233 266 301 307 sic
323 267 572 316 exterruit,
595 272 645 308 ut
666 278 829 307 omnes
850 267 907 307 ab
928 266 1124 307 huiusce
1144 267 1275 306 lusus
1295 276 1469 316 genere
1489 263 1711 316 deinceps
1733 263 1877 304 absti—

232 349 360 389 nere,
384 337 622 390 uitamque
643 338 691 379 in
711 339 878 379 melius
900 344 1190 378 commutare
1211 336 1564 388 pollicerentur,
1594 335 1733 387 idque
1759 345 1874 375 non-

234 409 348 449 nulli
369 409 559 450 certiori
579 410 932 462 lachrymarum
960 408 1230 449 testimonio
1253 407 1602 448 confirmarent.

315 480 494 521 Nobilis
521 481 711 533 quidam
738 481 1037 530 florentinus,
1070 479 1118 520 12
1145 490 1294 520 annos
1320 478 1514 519 militiae
1543 477 1774 530 stipendia
1803 487 1877 517 se-

235 559 422 603 quutus,
456 551 510 592 50
543 559 623 592 aut
656 552 709 592 60
742 551 994 592 homicidia
1028 556 1342 603 perpetratus,
1378 561 1501 590 nunc
1537 549 1596 589 ad
1627 547 1780 588 Deum
1814 559 1872 588 ex

238 623 394 663 animo
417 635 690 674 conuersus,
712 623 934 675 Patrique
955 622 1127 676 Joanni
1154 622 1395 673 Baptistae
1418 620 1680 671 confessus,
1705 620 1752 659 in
1773 619 1872 659 eius

237 695 507 746 praesentia
537 693 639 735 Deo
670 694 1015 747 quodammodo
1052 693 1185 734 uouit
1220 692 1513 744 Religionem
1546 691 1745 742 ingredi,
1782 701 1874 742 quo

236 765 406 806 delicta
442 766 694 807 commissa
730 766 954 816 deploret:
992 765 1149 805 multis
1184 764 1326 804 etiam
1360 763 1623 815 spiritualia
1650 761 1872 802 exercitia

235 837 479 890 proposita
500 837 701 878 fuerunt.
725 837 856 877 Haec
878 843 986 877 sunt
1008 836 1176 888 quibus
1197 835 1507 875 assueuimus.

317 908 460 950 Aliud
481 921 665 961 quoque
686 909 873 962 pietatis
896 920 1014 949 onus
1035 908 1300 960 praeteritis
1323 907 1486 947 diebus
1515 906 1721 946 charitas
1742 905 1876 945 nobis

237 980 519 1021 iniunxerat.
563 981 681 1022 Cum
716 981 841 1020 enim
875 980 922 1020 in
957 991 1139 1020 summa
1168 990 1384 1019 annonae
1419 978 1632 1027 caritate,
1671 977 1877 1017 maxima

237 1064 495 1104 egenorum
516 1052 763 1093 multitudo
787 1053 835 1092 in
855 1052 979 1092 hanc
999 1052 1162 1092 urbem
1185 1050 1504 1100 confluxisset,
1525 1056 1572 1089 ut
1587 1055 1748 1089 tantae
1766 1059 1881 1100 pau·

237 1125 410 1176 pertati
446 1124 601 1176 aliqua
637 1136 695 1164 ex
724 1130 858 1176 parte
888 1123 1232 1174 subueniretur,
1261 1122 1372 1162 Dux
1407 1131 1630 1172 magnum
1658 1120 1877 1160 frumenti

236 1207 482 1236 numerum
507 1196 718 1246 contulit,
743 1207 803 1236 ex
823 1207 915 1247 quo
939 1195 1076 1247 panis
1099 1194 1302 1234 confecti
1328 1193 1482 1233 unciis
1512 1192 1538 1231 6
1567 1191 1736 1243 singuli
1766 1202 1882 1243 pau*

239 1279 376 1320 peres
398 1267 713 1308 donarentur:
737 1267 796 1307 ad
822 1267 945 1307 hanc
976 1278 1089 1306 uero
1117 1265 1417 1317 largitionem
1446 1265 1472 1304 4
1499 1263 1628 1304 vrbis
1649 1264 1754 1303 loca
1784 1262 1879 1303 fue-

238 1344 346 1379 rant
368 1339 638 1388 constituta,
662 1339 709 1379 in
731 1350 930 1390 quorum
952 1337 1151 1389 singulis
1173 1337 1232 1377 ad
1260 1336 1286 1376 3
1307 1336 1449 1376 millia
1479 1335 1646 1387 quouis
1674 1334 1747 1375 die
1770 1325 1876 1375 con-

240 1411 406 1463 stipari
427 1411 654 1451 solebant.
677 1411 782 1451 Huc
802 1410 944 1462 igitur
967 1421 1026 1450 ex
1047 1409 1183 1450 nobis
1205 1408 1347 1460 aliqui
1368 1408 1534 1448 crebro
1556 1406 1752 1456 itabant,
1789 1417 1887 1458 quo

236 1482 505 1523 rudioribus
527 1483 574 1523 in
595 1482 855 1523 christiana
884 1482 1060 1534 pietate
1087 1481 1272 1532 signum
1302 1480 1480 1530 crucis,
1511 1478 1772 1519 orationem
1803 1477 1880 1518 do—

237 1555 459 1595 minicam
494 1556 671 1606 pariter
711 1561 754 1595 et
794 1554 1075 1606 Angelicam
1117 1565 1223 1594 cum
1261 1552 1485 1604 Symbolo
1526 1550 1802 1602 Apostolico
1837 1555 1881 1590 et

237 1626 383 1667 Salue
404 1627 598 1677 Regina
621 1627 930 1678 explicarent,
954 1632 998 1666 et
1021 1637 1183 1666 omnes
1206 1625 1264 1665 ad
1282 1623 1592 1665 christianam
1612 1622 1759 1662 uitam
1777 1621 1883 1661 hor-

238 1704 468 1738 tarentur.
492 1697 644 1750 Saepe
666 1698 808 1738 etiam
829 1709 1005 1749 magna
1037 1696 1325 1737 audientium
1346 1701 1444 1736 tum
1467 1694 1749 1743 attentione,
1782 1699 1881 1733 tum

236 1770 406 1820 fructu,
431 1770 859 1810 concionabantur:
882 1769 946 1809 ita
978 1769 1102 1809 enim
1124 1768 1254 1808 uerbi
1275 1767 1363 1807 Dei
1385 1766 1623 1806 auditione
1646 1764 1883 1805 interdum

236 1842 562 1893 mouebantur,
586 1848 636 1882 ut
658 1841 717 1882 ad
738 1842 827 1882 hoc
849 1853 965 1893 opus
987 1853 1073 1881 nos
1095 1840 1183 1892 ipsi
1204 1840 1473 1888 multarent,
1493 1843 1538 1878 et
1554 1837 1675 1877 inter
1693 1836 1882 1877 audien-

237 1913 347 1954 dum
368 1914 642 1966 lachrymas
662 1913 926 1954 funderent.
950 1912 1047 1952 Imo
1071 1911 1270 1962 contigit
1284 1916 1333 1951 ut
1350 1910 1517 1951 mulier
1534 1907 1780 1961 quaedam,
1804 1919 1880 1948 ue-

236 1986 498 2026 hementius
519 1985 652 2026 uerbi
672 1984 762 2025 Dei
781 1985 941 2036 gladio
965 1985 1074 2035 icta,
1093 1983 1332 2024 continere
1350 1993 1400 2022 se
1417 1993 1511 2021 non
1529 1980 1752 2032 potuerit,
1771 1979 1885 2031 quin

237 2058 394 2109 palam
425 2069 474 2097 se
507 2058 758 2097 scelestum
786 2056 971 2097 facinus
1001 2055 1248 2096 admisisse
1276 2054 1586 2103 exclamaret,
1611 2051 1808 2103 ideoque
1836 2061 1885 2090 se

237 2128 325 2169 Dei
348 2128 672 2169 misericordia
694 2128 953 2179 indignam:
979 2126 1059 2168 sed
1082 2126 1246 2167 eadem
1274 2126 1331 2166 ab
1364 2136 1418 2165 eo
1444 2123 1585 2164 Patre
1616 2134 1675 2162 ex
1696 2121 1884 2170 nostris,

237 2201 316 2252 qui
336 2206 447 2240 tunc
468 2199 852 2250 concionabatur,
879 2199 1123 2240 consolata
1147 2203 1230 2248 est,
1256 2203 1300 2237 et
1318 2196 1482 2237 eodem
1499 2194 1586 2245 die,
1607 2194 1766 2234 audita
1784 2192 1883 2233 eius

238 2271 551 2323 confessione,
574 2272 785 2323 peccatis
813 2270 1029 2311 omnibus
1059 2269 1290 2310 absoluta.
1324 2267 1576 2308 Praeterea
1599 2276 1705 2306 cum
1736 2263 1884 2304 Ducis

243 2355 364 2384 vxor
389 2342 399 2362 ¹
421 2343 557 2383 nobis
578 2343 755 2395 aliquot
778 2353 950 2382 aureos
970 2352 1188 2381 nummos
1208 2339 1496 2388 tradidisset,
1521 2337 1689 2390 quibus
1712 2336 1887 2387 aliquo-

239 2426 343 2456 rum
363 2414 633 2467 paupertati
653 2414 828 2454 iremus
844 2413 1047 2461 obuiam,
1067 2412 1200 2452 multi
1217 2411 1354 2463 egeni
1370 2410 1417 2451 in
1433 2415 1647 2450 nostrum
1663 2408 1886 2458 templum

240 2486 440 2538 singulis
461 2486 624 2527 diebus
647 2485 1005 2534 conueniebant,
1030 2490 1079 2524 ut
1101 2482 1278 2535 aliquid
1308 2486 1686 2533 assequerentur.
1720 2478 1772 2519 In
1794 2488 1892 2529 quo-

241 2559 427 2610 quidem
449 2564 546 2598 tam
566 2557 643 2609 pio
666 2569 859 2597 munere
881 2555 1168 2608 praestando
1188 2554 1242 2595 R.
1269 2553 1316 2595 P.
1340 2554 1532 2605 Laynez
1553 2563 1656 2591 sese
1687 2561 1794 2590 cum
1815 2561 1882 2589 re—

247 2629 387 2681 liquis
407 2628 626 2669 Patribus
656 2634 700 2668 et
722 2627 947 2668 fratribus
975 2627 1150 2667 nostris
1171 2624 1444 2666 exercebat:
1473 2622 1637 2663 eadem
1666 2621 1790 2661 enim
1818 2631 1890 2660 ra-

246 2701 372 2741 tione
396 2699 595 2741 docendi
616 2700 741 2740 domi
762 2699 1028 2750 utebamur,
1053 2709 1145 2750 qua
1166 2708 1253 2737 nos
1273 2707 1383 2736 usos
1403 2694 1519 2735 foris
1536 2699 1644 2734 ante
1661 2691 1888 2732 dicebam.

245 2771 357 2812 Inde
378 2772 672 2812 mirabantur
694 2782 928 2823 pauperes
949 2769 1141 2822 quidam
1163 2768 1393 2818 dicentes,
1417 2776 1524 2806 cum
1545 2764 1623 2805 alii
1644 2763 1897 2804 conciona-

307 3003 316 3023 t
358 3004 531 3032 Eleonora
546 3005 587 3031 de
602 3003 740 3032 Toledo.
