2047 3179
856 215 940 253 AN.
972 215 1062 254 1555
1702 216 1769 252 731

221 312 432 364 Quinque
454 312 499 352 in
520 311 801 352 Societatem
823 312 999 363 recepti
1031 317 1153 360 sunt,
1187 311 1306 350 inter
1328 322 1443 362 quos
1466 311 1549 350 fuit
1581 312 1771 362 quidam

141 384 385 435 Vtriusque
419 383 532 423 iuris
567 383 844 433 licentiatus,
881 382 1004 434 quod
1038 382 1220 433 publice
1251 381 1297 421 in
1330 382 1419 421 hac
1454 381 1771 422 Uniuersitate

143 453 461 505 profitebatur,
485 461 714 506 natusque
735 460 804 494 est
825 453 1100 493 vicesimum
1121 453 1332 503 quintum
1353 464 1547 503 annum,
1582 453 1773 504 ingenio

143 526 336 576 pollens.
362 525 545 565 Caeteri
567 536 680 565 uero
701 531 808 565 sunt
829 525 995 564 litteris
1017 530 1062 563 et
1082 523 1333 563 virtutibus
1355 523 1466 574 apti.

225 595 492 635 Canonicus
513 595 702 647 quidam
723 595 860 636 huius
880 594 1086 635 ciuitatis
1107 594 1426 645 spiritualibus
1443 594 1680 633 exercitiis
1698 607 1773 634 ex-

148 667 300 706 cultus
322 673 404 716 est,
437 666 515 717 qui
544 677 765 716 magnam
794 666 850 706 de
881 677 930 705 se
961 664 1333 705 aedificationem
1360 665 1530 716 populo
1564 665 1771 715 praebet,

144 743 189 776 et
209 735 432 777 Societati
454 737 609 777 vtilior
630 738 773 777 multo
795 736 908 777 soris
928 742 997 776 est
1018 747 1158 788 quam
1176 736 1214 775 si
1235 735 1359 775 domi
1380 742 1606 775 maneret.

226 806 356 847 Haec
378 807 520 858 igitur
542 814 662 859 sunt,
686 807 826 848 Pater
846 813 1006 847 noster
1028 807 1327 856 charissime,
1352 818 1469 857 quae
1491 806 1537 845 in
1559 818 1773 857 praesen·

145 878 316 918 tiarum
343 878 402 918 ad
431 886 475 918 te
506 879 754 919 scribenda
786 890 887 918 sese
916 877 1129 917 offerunt.
1163 876 1344 918 Obnixe
1365 877 1564 928 petimus
1599 882 1648 916 ut
1684 877 1775 917 tuis

146 948 435 988 orationibus
451 960 591 999 quam
608 949 1093 989 commendatissimos
1110 960 1217 988 cum
1236 947 1451 988 Patribus
1474 960 1529 987 ac
1551 947 1776 987 fratribus

145 1019 283 1059 isthic
304 1018 579 1070 degentibus
606 1032 691 1059 nos
720 1020 892 1059 habere
913 1019 1045 1069 velis,
1079 1024 1128 1059 vt
1153 1018 1282 1058 Deus
1313 1018 1512 1070 optimus
1541 1018 1777 1058 maximus

147 1090 281 1130 nobis
300 1090 504 1140 gratiam
532 1090 774 1141 largiatur,
805 1102 896 1141 qua
917 1101 1051 1130 suam
1079 1090 1369 1129 voluntatem
1391 1100 1576 1140 semper
1605 1089 1776 1128 sentia-

149 1172 252 1201 mus
273 1160 577 1212 eamdemque
604 1168 769 1201 exacte
791 1160 1102 1212 perficiamus.

229 1231 455 1280 Granata‚
480 1232 627 1282 pridie
650 1231 882 1272 Calendas
902 1231 1130 1284 Januarii,
1150 1231 1288 1270 Anno
1306 1230 1495 1270 Domini
1516 1230 1617 1270 nati
1633 1231 1777 1270 mille·

150 1304 267 1344 simo
289 1302 661 1354 quingentesimo
683 1301 1070 1354 quinquagesimo
1093 1307 1243 1341 sexto.

309 1373 437 1413 Tuae
457 1372 758 1413 paternitatis

363 1443 583 1484 minimus
604 1444 651 1483 in
672 1443 873 1483 Domino
895 1443 1030 1494 filius,

232 1516 303 1556 Ex
324 1515 654 1555 commissione
676 1514 827 1554 Patris
850 1514 999 1553 nostri
1020 1512 1201 1562 Basilii,

1211 1656 1237 1702 †
1266 1654 1510 1695 NAUARRO.
1542 1656 1569 1702 †

234 1869 586 1923 Superscm'ptio
606 1869 656 1909 in
677 1873 850 1921 quarta
866 1868 1073 1919 pagina:
1089 1867 1204 1920 jhs„
1223 1866 1283 1907 Al
1304 1878 1415 1917 muy
1436 1865 1538 1905 R.d0
1564 1877 1621 1905 en
1639 1865 1778 1906 Chro.

152 1942 225 1983 P.e
246 1948 438 1983 nuestro
461 1944 502 1982 el
522 1943 595 1983 Re
618 1941 702 1981 M.0
723 1940 920 1991 Ignatio,
944 1939 1185 1990 Preposito
1205 1938 1399 1988 general
1427 1936 1483 1976 de
1510 1937 1555 1975 la
1576 1935 1765 1987 Comp.a

152 2014 210 2054 de
231 2013 335 2064 ihs,
360 2025 416 2053 en
437 2013 602 2054 Roma.

232 2085 303 2125 En
323 2084 488 2125 Roma.

233 2155 344 2195 Alia
361 2167 524 2195 mann:
545 2154 660 2195 1556.
680 2153 905 2194 Granata.
928 2151 1306 2203 Quadrimestres
1322 2149 1472 2189 Vltimi
1488 2148 1782 2188 Decembris.

249 2226 511 2277 Vestigium
532 2237 663 2266 cerae
685 2223 856 2275 sigilli.
