2047 3179
901 193 983 226 AN.
1013 189 1102 226 1500
1753 189 1826 227 765

192 285 333 326 Ρ3161·
355 297 454 326 16111
475 297 711 337 exponere
739 285 905 336 coepit,
936 285 1252 336 responderit:
1285 285 1323 324 si
1350 297 1403 325 ea
1433 297 1482 325 re
1510 285 1718 325 diuinum
1744 298 1823 326 nu-

191 368 297 397 men
321 356 649 406 offenderetur,
674 368 722 396 se
744 362 960 407 paratum
982 367 1085 395 esse
1108 355 1377 395 inimicitias
1398 355 1555 395 statim
1573 356 1822 407 deponere;

194 428 443 478 multisque
465 427 614 478 signis
635 427 837 467 ostendit
859 438 907 466 56
930 427 976 466 161
1003 432 1192 478 propter
1222 426 1373 466 Deum
1404 427 1599 466 libenter
1627 438 1729 467 6556
1759 427 1823 467 fa·

194 504 394 538 cturum.
419 498 504 538 Vir
526 498 713 550 quidam
737 498 855 538 alius
883 509 988 537 cum
1019 498 1339 548 comperisset,
1371 509 1557 537 seruam
1585 509 1718 537 suam
1747 498 1824 538 ho-

193 569 306 609 mini
328 569 511 609 cuidam
534 569 677 609 libero
699 570 928 620 nupsisse,
948 580 1052 608 eam
1068 568 1270 608 uendere
1293 568 1546 618 cogitabat,
1573 575 1616 607 61
1644 569 1686 608 111
1707 569 1825 609 31135

194 639 413 691 regiones
435 639 637 689 mittere,
660 651 825 679 verum
847 651 873 678 a
895 638 1033 679 Patre
1054 638 1255 690 quodam
1285 643 1446 678 nostro
1474 650 1528 678 ea
1557 639 1612 678 de
1640 651 1690 678 re
1718 650 1822 680 con-

193 716 363 749 uentus
394 699 551 750 statim
579 710 825 750 consilium
847 709 1060 750 mutauit.
1092 708 1237 749 Multa
1265 709 1356 748 alia
1387 709 1666 759 huiusmodi,
1699 710 1739 750 si
1766 711 1822 750 ad

197 781 352 820 omnia
376 780 540 820 Patres
571 781 863 830 haberemus,
894 779 1011 820 effici
1041 785 1254 831 possent:
1286 779 1367 819 sed
1397 791 1503 819 611111
1534 785 1715 820 1311111111
1745 792 1826 821 eos

193 851 466 901 habeamus,
490 851 567 902 qui
589 851 647 891 ad
669 851 988 891 confessiones
1009 850 1402 890 scholasticorum
1422 856 1529 890 sunt
1549 851 1820 897 necessarii.

193 922 339 961 multa
361 922 419 961 ob
442 922 486 961 id
508 922 661 962 minus
682 921 1000 973 perficiuntur.
1025 920 1153 961 Deus
1175 927 1267 973 opt.
1292 932 1416 961 max.
1448 921 1621 961 nostris
1649 923 1823 962 conati-

196 993 282 1033 bus
302 992 475 1032 faueat.

275 1062 392 1103 Cum
414 1062 637 1114 Princeps
666 1063 933 1103 Cardinalis
960 1061 969 1081 ¹
1000 1063 1228 1114 singulari
1258 1062 1403 1102 diuini
1433 1063 1636 1103 numinis
1666 1075 1826 1104 amore

197 1134 257 1174 sit
279 1134 512 1184 incensus,
532 1135 664 1185 eique
682 1135 896 1174 omnibus
912 1135 958 1174 in
975 1134 1113 1174 rebus
1130 1135 1315 1185 placere
1332 1135 1633 1174 vehementer
1651 1135 1823 1187 cupiat,

194 1205 252 1245 ob
274 1216 470 1257 eamque
492 1217 590 1245 rem
618 1217 809 1245 suarum
841 1205 1000 1245 ouium
1031 1205 1196 1245 salutis
1224 1205 1548 1256 perstudiosus
1578 1205 1651 1255 sit,
1690 1218 1717 1245 a
1747 1217 1824 1245 no-

195 1282 294 1316 stro
314 1276 454 1316 Patre
474 1276 655 1316 Mirone
677 1275 690 1294 ”²
718 1276 849 1327 petiit
879 1282 928 1315 vt
959 1276 1018 1316 ad
1049 1288 1097 1316 se
1130 1275 1317 1315 Patrem
1347 1275 1644 1326 Episcopum,
1681 1277 1827 1327 magi-

196 1353 345 1388 strum
375 1347 617 1387 Andream
646 1346 659 1365 ⁵
687 1347 906 1397 mitteret,
941 1347 1160 1398 quoniam
1191 1347 1319 1386 illum
1349 1347 1534 1386 mittere
1566 1348 1751 1387 uolebat
1780 1348 1825 1387 in

194 1419 672 1470 Archiepiscopatum
702 1430 837 1458 suum
871 1416 900 1465 ⁴,
940 1425 1035 1457 tum
1064 1423 1113 1457 vt
1149 1418 1402 1457 chrismate
1438 1417 1642 1458 initiaret
1677 1416 1704 1469 ⁵,
1730 1425 1827 1459 tum

194 1489 335 1530 etiam
355 1496 407 1530 vt
428 1490 716 1541 perspiceret
736 1500 826 1540 quo
847 1488 984 1529 modo
1006 1500 1107 1528 sese
1130 1499 1204 1528 res
1225 1499 1390 1528 sacrae
1412 1488 1651 1529 haberent.
1674 1489 1719 1529 ls
1744 1489 1828 1540 igi-

195 1567 271 1601 tur
292 1573 319 1600 a
340 1567 499 1601 nostro
522 1560 661 1600 Patre
682 1560 877 1611 Mirone,
901 1566 1098 1610 rogante
1126 1558 1341 1610 Principe
1372 1559 1611 1599 Cardinali
1639 1560 1825 1609 missus,

197 1631 257 1671 ad
277 1632 366 1672 hoc
389 1633 637 1683 collegium
659 1631 872 1683 peruenit
897 1630 944 1669 14
965 1629 1184 1670 calendas
1207 1629 1424 1679 octobris,
1449 1636 1492 1669 et
1520 1636 1708 1681 postero
1737 1630 1824 1682 die,

196 1703 275 1754 qui
296 1704 396 1744 dies
418 1704 605 1743 ueneris
625 1703 724 1753 fuit,
749 1703 823 1742 hic
845 1702 892 1741 in
913 1701 1107 1751 collegio
1130 1707 1292 1740 nostro
1310 1702 1556 1740 nonnullos
1574 1701 1734 1752 primis
1757 1713 1827 1742 or—

194 1774 380 1815 dinibus
401 1775 615 1815 initiauit.
641 1773 862 1825 Sequenti
884 1779 1039 1812 autem
1061 1772 1133 1812 die
1161 1772 1356 1820 saturni,
1379 1783 1469 1823 quo
1495 1771 1567 1811 die
1585 1771 1696 1812 Diui
1711 1772 1828 1813 Mat-

196 1846 322 1886 thaei
341 1845 510 1886 festum
531 1845 872 1893 celebrabatur,
898 1844 943 1883 in
967 1844 1190 1894 templum
1211 1843 1465 1882 maximum
1496 1842 1571 1882 170
1597 1855 1824 1884 convene-

196 1924 317 1968 runt,
342 1917 421 1969 qui
443 1917 502 1957 ad
524 1927 687 1956 sacros
709 1916 896 1956 ordines
914 1914 1183 1966 promoveri
1203 1913 1518 1965 postulabant,
1542 1927 1565 1953 e
1587 1914 1754 1965 quibus
1774 1914 1826 1954 70

195 1988 437 2028 ordinibus
458 1987 607 2028 sacris
629 1986 817 2027 fuerunt
839 1985 1034 2025 initiati:
1058 1995 1149 2036 qua
1166 1984 1212 2023 in
1229 1996 1279 2024 re
1295 1983 1433 2024 Pater
1448 1984 1709 2036 Episcopus
1731 1996 1826 2026 mo-

195 2064 325 2099 ratus
347 2065 416 2099 est
433 2070 582 2110 vsque
599 2057 658 2098 ad
674 2058 775 2098 Ram
792 2058 958 2097 horam
974 2054 1346 2107 pomeridianam
1363 2056 1625 2106 multasque
1644 2056 1710 2106 (vt
1726 2055 1827 2097 fieri

194 2129 326 2181 solet)
348 2141 433 2182 pro
456 2129 673 2169 ordinum
693 2128 923 2168 varietate
945 2138 999 2165 eo
1021 2133 1231 2176 tempore
1254 2125 1415 2165 habuit
1437 2126 1703 2176 conciones,
1730 2127 1827 2177 qui—

193 2201 280 2240 bus
300 2206 345 2241 et
365 2200 631 2240 auditorum
653 2206 698 2239 et
720 2209 896 2247 eorum,
922 2197 999 2248 qui
1016 2196 1335 2247 initiabantur,
1356 2196 1499 2236 animi
1516 2196 1698 2237 interna
1717 2209 1824 2248 qua·

196 2271 303 2312 dam
323 2278 368 2312 et
390 2272 466 2322 pia
489 2270 734 2311 affectione
757 2268 1198 2309 commonebantur:
1224 2267 1420 2318 denique
1443 2278 1548 2307 curn
1578 2267 1619 2307 ei
1650 2269 1827 2308 cereoli

195 2343 496 2392 donarentur,
522 2342 601 2393 qui
622 2341 763 2381 oblati
786 2340 986 2389 fuerant,
1012 2349 1091 2378 eos
1109 2337 1248 2378 Pater
1265 2337 1528 2389 Episcopus
1545 2338 1825 2390 repudiauit;

196 2425 343 2465 quare
363 2413 425 2453 ibi
446 2412 659 2453 omnibus
681 2410 884 2462 expositi
905 2409 1056 2449 relicti
1078 2414 1199 2460 sunt,
1223 2408 1361 2460 idque
1383 2408 1517 2449 multi
1537 2414 1588 2448 vt
1608 2409 1827 2449 uirtutem

196 2485 450 2525 maximam
474 2496 569 2524 non
591 2483 690 2523 sine
712 2492 887 2532 magna
918 2479 1227 2519 admiratione
1252 2478 1700 2520 animaduerterunt.
1733 2480 1825 2521 An-

194 2561 269 2595 tea
291 2567 431 2607 quam
453 2555 512 2595 ad
534 2565 702 2594 munus
724 2552 811 2592 sibi
834 2551 1100 2601 delegatum
1121 2549 1512 2601 proficisceretur,
1536 2556 1692 2591 vestes
1714 2563 1826 2591 non-

249 2762 256 2780 ¹
299 2761 491 2789 Cardinalis
504 2760 678 2792 Hem-icus,
697 2758 800 2792 Regis
816 2758 939 2784 frater.

247 2811 260 2828 ‘-'
297 2809 332 2836 P.
349 2809 474 2842 Jacobo
490 2807 608 2836 Miron.
627 2805 822 2832 Lusitaniae
839 2804 1059 2831 Provincialt

248 2857 260 2874 ⁷·
298 2857 321 2883 P
353 2856 525 2883 Andrean]
540 2854 579 2881 de
596 2853 734 2883 Oviedo.
750 2859 868 2878 reeens
880 2852 922 2878 ad
939 2851 1176 2885 Episcopalem
1191 2851 1395 2884 dignitatem
1410 2854 1614 2886 promotum.

248 2905 259 2923 '⁴
298 2903 481 2931 Eborensis
497 2901 783 2935 Archiepiscopus
799 2903 875 2926 erat
891 2899 1084 2926 Cardinalis
1099 2898 1281 2926 Henricus.

250 2951 263 2970 ὃ
301 2956 372 2978 tum
386 2955 423 2977 ut
439 2957 540 2977 sacro
554 2949 739 2976 chrismate
756 2948 955 2980 inungeret.
972 2945 1023 2973 lta
1040 2946 1094 2980 qui
1111 2946 1245 2973 litteras
1261 2945 1466 2978 emendavit;
1483 2946 1541 2972 sed
1556 2946 1683 2974 clai-ius
1699 2946 1828 2975 dicere-

194 3005 253 3026 1111·
268 3000 305 3025 ut
321 2997 606 3032 Confirmatz'om's
621 3002 725 3023 sacra
733 3003 763 3021 m
771 2997 889 3021 vntum
907 2995 1194 3021 admz‘mstraret.
