<?xml version="1.0" encoding="UTF-8"?>
<!DOCTYPE html PUBLIC "-//W3C//DTD XHTML 1.0 Transitional//EN"
    "http://www.w3.org/TR/xhtml1/DTD/xhtml1-transitional.dtd">
<html xmlns="http://www.w3.org/1999/xhtml" xml:lang="en" lang="en">
 <head>
  <title>
</title>
<meta http-equiv="Content-Type" content="text/html;charset=utf-8" />
  <meta name='ocr-system' content='tesseract 3.04.00' />
  <meta name='ocr-capabilities' content='ocr_page ocr_carea ocr_par ocr_line ocrx_word'/>
</head>
<body>
  <div class='ocr_page' id='page_1' title='image "./litteraequadrime15lain_0270.png"; bbox 0 0 2047 3179; ppageno 0'>
   <div class='ocr_carea' id='block_1_1' title="bbox 183 179 1313 224">
    <p class='ocr_par' dir='ltr' id='par_1_1' title="bbox 183 179 1313 224">
     <span class='ocr_line' id='line_1_1' title="bbox 183 179 1313 224; baseline 0.004 -9"><span class='ocrx_word' id='word_1_1' title='bbox 183 179 255 216; x_wconf 66' lang='lat'>‘264</span> <span class='ocrx_word' id='word_1_2' title='bbox 705 179 933 218; x_wconf 82' lang='lat' dir='ltr'><strong>LITTERAE</strong></span> <span class='ocrx_word' id='word_1_3' title='bbox 952 192 1313 224; x_wconf 72' lang='lat' dir='ltr'>QUADRmffisTREs</span> 
     </span>
    </p>
   </div>
   <div class='ocr_carea' id='block_1_2' title="bbox 184 275 1858 3046">
    <p class='ocr_par' dir='ltr' id='par_1_2' title="bbox 184 275 1831 530">
     <span class='ocr_line' id='line_1_2' title="bbox 184 275 1831 327; baseline 0.002 -12"><span class='ocrx_word' id='word_1_4' title='bbox 184 275 438 326; x_wconf 89' lang='lat' dir='ltr'>cularibus,</span> <span class='ocrx_word' id='word_1_5' title='bbox 462 277 542 327; x_wconf 93' lang='lat' dir='ltr'>qui</span> <span class='ocrx_word' id='word_1_6' title='bbox 559 276 725 317; x_wconf 87' lang='lat' dir='ltr'>deinde</span> <span class='ocrx_word' id='word_1_7' title='bbox 743 288 792 317; x_wconf 92' lang='lat' dir='ltr'>se</span> <span class='ocrx_word' id='word_1_8' title='bbox 808 276 910 318; x_wconf 92' lang='lat' dir='ltr'>Deo</span> <span class='ocrx_word' id='word_1_9' title='bbox 928 278 1018 319; x_wconf 86' lang='lat' dir='ltr'>hac</span> <span class='ocrx_word' id='word_1_10' title='bbox 1039 278 1086 318; x_wconf 91' lang='lat' dir='ltr'>in</span> <span class='ocrx_word' id='word_1_11' title='bbox 1107 278 1342 319; x_wconf 84' lang='lat' dir='ltr'>Societate</span> <span class='ocrx_word' id='word_1_12' title='bbox 1361 284 1713 326; x_wconf 81' lang='lat' dir='ltr'>consecrarunt3</span> <span class='ocrx_word' id='word_1_13' title='bbox 1735 278 1831 318; x_wconf 88' lang='lat' dir='ltr'>cui-</span> 
     </span>
     <span class='ocr_line' id='line_1_3' title="bbox 186 347 1830 402; baseline 0.001 -16"><span class='ocrx_word' id='word_1_14' title='bbox 186 347 295 387; x_wconf 84' lang='lat' dir='ltr'>dam</span> <span class='ocrx_word' id='word_1_15' title='bbox 326 347 467 387; x_wconf 89' lang='lat' dir='ltr'>etiam</span> <span class='ocrx_word' id='word_1_16' title='bbox 503 348 568 399; x_wconf 89' lang='lat' dir='ltr'>(ut</span> <span class='ocrx_word' id='word_1_17' title='bbox 591 349 733 400; x_wconf 85' lang='lat' dir='ltr'>uulgo</span> <span class='ocrx_word' id='word_1_18' title='bbox 772 349 957 398; x_wconf 81' lang='lat' dir='ltr'>dicitur)</span> <span class='ocrx_word' id='word_1_19' title='bbox 980 350 1235 400; x_wconf 88' lang='lat' dir='ltr'>licentiato,</span> <span class='ocrx_word' id='word_1_20' title='bbox 1269 350 1325 389; x_wconf 92' lang='lat' dir='ltr'>de</span> <span class='ocrx_word' id='word_1_21' title='bbox 1348 361 1438 402; x_wconf 93' lang='lat' dir='ltr'>quo</span> <span class='ocrx_word' id='word_1_22' title='bbox 1462 349 1539 389; x_wconf 90' lang='lat' dir='ltr'>hic</span> <span class='ocrx_word' id='word_1_23' title='bbox 1559 349 1830 389; x_wconf 77' lang='lat' dir='ltr'>meminisse</span> 
     </span>
     <span class='ocr_line' id='line_1_4' title="bbox 186 419 1830 471; baseline 0.001 -14"><span class='ocrx_word' id='word_1_24' title='bbox 186 419 329 468; x_wconf 86' lang='lat' dir='ltr'>uolui,</span> <span class='ocrx_word' id='word_1_25' title='bbox 354 419 477 470; x_wconf 90' lang='lat' dir='ltr'>quod</span> <span class='ocrx_word' id='word_1_26' title='bbox 498 419 544 459; x_wconf 91' lang='lat' dir='ltr'>in</span> <span class='ocrx_word' id='word_1_27' title='bbox 565 419 653 460; x_wconf 86' lang='lat' dir='ltr'>Dei</span> <span class='ocrx_word' id='word_1_28' title='bbox 673 432 834 461; x_wconf 85' lang='lat' dir='ltr'>amore</span> <span class='ocrx_word' id='word_1_29' title='bbox 863 428 907 461; x_wconf 92' lang='lat' dir='ltr'>et</span> <span class='ocrx_word' id='word_1_30' title='bbox 939 421 1009 461; x_wconf 90' lang='lat' dir='ltr'>sui</span> <span class='ocrx_word' id='word_1_31' title='bbox 1037 421 1309 471; x_wconf 79' lang='lat' dir='ltr'>cognitione</span> <span class='ocrx_word' id='word_1_32' title='bbox 1330 419 1581 471; x_wconf 89' lang='lat' dir='ltr'>plurimum</span> <span class='ocrx_word' id='word_1_33' title='bbox 1612 430 1830 471; x_wconf 81' lang='lat' dir='ltr'>progres-</span> 
     </span>
     <span class='ocr_line' id='line_1_5' title="bbox 187 491 363 530; baseline 0.011 -2"><span class='ocrx_word' id='word_1_34' title='bbox 187 501 267 530; x_wconf 85' lang='lat' dir='ltr'>sus</span> <span class='ocrx_word' id='word_1_35' title='bbox 289 491 363 530; x_wconf 89' lang='lat' dir='ltr'>sit.</span> 
     </span>
    </p>

    <p class='ocr_par' dir='ltr' id='par_1_3' title="bbox 187 561 1838 1043">
     <span class='ocr_line' id='line_1_6' title="bbox 268 561 1817 613; baseline 0.001 -12"><span class='ocrx_word' id='word_1_36' title='bbox 268 561 490 612; x_wconf 76' lang='lat' dir='ltr'>Eiusdem</span> <span class='ocrx_word' id='word_1_37' title='bbox 511 563 726 603; x_wconf 88' lang='lat' dir='ltr'>coenobii</span> <span class='ocrx_word' id='word_1_38' title='bbox 746 564 1022 613; x_wconf 89' lang='lat' dir='ltr'>iunioribus,</span> <span class='ocrx_word' id='word_1_39' title='bbox 1050 575 1104 603; x_wconf 83' lang='lat' dir='ltr'>ac</span> <span class='ocrx_word' id='word_1_40' title='bbox 1127 563 1173 602; x_wconf 90' lang='lat' dir='ltr'>in</span> <span class='ocrx_word' id='word_1_41' title='bbox 1194 562 1442 613; x_wconf 84' lang='lat' dir='ltr'>Religione</span> <span class='ocrx_word' id='word_1_42' title='bbox 1463 562 1670 612; x_wconf 90' lang='lat' dir='ltr'>nouitiis,</span> <span class='ocrx_word' id='word_1_43' title='bbox 1694 561 1817 602; x_wconf 68' lang='lat' dir='ltr'>Rdus</span> 
     </span>
     <span class='ocr_line' id='line_1_7' title="bbox 187 632 1832 684; baseline -0.001 -11"><span class='ocrx_word' id='word_1_44' title='bbox 187 632 235 673; x_wconf 83' lang='lat' dir='ltr'>P.</span> <span class='ocrx_word' id='word_1_45' title='bbox 261 633 530 675; x_wconf 89' lang='lat' dir='ltr'>Ludouicus</span> <span class='ocrx_word' id='word_1_46' title='bbox 550 636 694 675; x_wconf 92' lang='lat' dir='ltr'>semel</span> <span class='ocrx_word' id='word_1_47' title='bbox 728 635 775 674; x_wconf 93' lang='lat' dir='ltr'>in</span> <span class='ocrx_word' id='word_1_48' title='bbox 806 635 1097 675; x_wconf 74' lang='lat' dir='ltr'>hebdomade</span> <span class='ocrx_word' id='word_1_49' title='bbox 1131 634 1417 674; x_wconf 84' lang='lat' dir='ltr'>christianae</span> <span class='ocrx_word' id='word_1_50' title='bbox 1452 633 1695 674; x_wconf 83' lang='lat' dir='ltr'>doctrinae</span> <span class='ocrx_word' id='word_1_51' title='bbox 1727 645 1832 684; x_wconf 89' lang='lat' dir='ltr'>par-</span> 
     </span>
     <span class='ocr_line' id='line_1_8' title="bbox 188 704 1828 757; baseline 0 -13"><span class='ocrx_word' id='word_1_52' title='bbox 188 711 305 755; x_wconf 90' lang='lat' dir='ltr'>tem,</span> <span class='ocrx_word' id='word_1_53' title='bbox 341 717 515 757; x_wconf 79' lang='lat' dir='ltr'>magna</span> <span class='ocrx_word' id='word_1_54' title='bbox 546 718 708 747; x_wconf 88' lang='lat' dir='ltr'>eorum</span> <span class='ocrx_word' id='word_1_55' title='bbox 743 706 996 754; x_wconf 85' lang='lat' dir='ltr'>modestia,</span> <span class='ocrx_word' id='word_1_56' title='bbox 1036 706 1294 745; x_wconf 74' lang='lat' dir='ltr'>attentione</span> <span class='ocrx_word' id='word_1_57' title='bbox 1326 711 1370 745; x_wconf 90' lang='lat' dir='ltr'>et</span> <span class='ocrx_word' id='word_1_58' title='bbox 1404 705 1560 745; x_wconf 85' lang='lat' dir='ltr'>fructu</span> <span class='ocrx_word' id='word_1_59' title='bbox 1592 704 1828 756; x_wconf 77' lang='lat' dir='ltr'>exposuit:</span> 
     </span>
     <span class='ocr_line' id='line_1_9' title="bbox 188 775 1833 829; baseline 0 -14"><span class='ocrx_word' id='word_1_60' title='bbox 188 787 297 816; x_wconf 90' lang='lat' dir='ltr'>nam</span> <span class='ocrx_word' id='word_1_61' title='bbox 319 783 363 817; x_wconf 90' lang='lat' dir='ltr'>et</span> <span class='ocrx_word' id='word_1_62' title='bbox 386 783 496 818; x_wconf 91' lang='lat' dir='ltr'>tunc</span> <span class='ocrx_word' id='word_1_63' title='bbox 519 779 743 829; x_wconf 86' lang='lat' dir='ltr'>temporis</span> <span class='ocrx_word' id='word_1_64' title='bbox 766 778 968 818; x_wconf 86' lang='lat' dir='ltr'>orationi</span> <span class='ocrx_word' id='word_1_65' title='bbox 990 776 1149 817; x_wconf 88' lang='lat' dir='ltr'>sedulo</span> <span class='ocrx_word' id='word_1_66' title='bbox 1172 788 1360 825; x_wconf 84' lang='lat' dir='ltr'>uacare,</span> <span class='ocrx_word' id='word_1_67' title='bbox 1384 781 1429 816; x_wconf 92' lang='lat' dir='ltr'>et</span> <span class='ocrx_word' id='word_1_68' title='bbox 1451 775 1748 816; x_wconf 78' lang='lat' dir='ltr'>contritionis</span> <span class='ocrx_word' id='word_1_69' title='bbox 1770 776 1833 815; x_wconf 86' lang='lat' dir='ltr'>la-</span> 
     </span>
     <span class='ocr_line' id='line_1_10' title="bbox 189 846 1834 901; baseline -0.001 -14"><span class='ocrx_word' id='word_1_70' title='bbox 189 847 412 899; x_wconf 73' lang='lat' dir='ltr'>chrymas</span> <span class='ocrx_word' id='word_1_71' title='bbox 429 848 623 890; x_wconf 84' lang='lat' dir='ltr'>fundere</span> <span class='ocrx_word' id='word_1_72' title='bbox 639 849 1011 901; x_wconf 71' lang='lat' dir='ltr'>reperiebantur:</span> <span class='ocrx_word' id='word_1_73' title='bbox 1032 854 1076 888; x_wconf 90' lang='lat' dir='ltr'>et</span> <span class='ocrx_word' id='word_1_74' title='bbox 1094 860 1218 888; x_wconf 89' lang='lat' dir='ltr'>nunc</span> <span class='ocrx_word' id='word_1_75' title='bbox 1235 859 1434 900; x_wconf 91' lang='lat' dir='ltr'>quoque,</span> <span class='ocrx_word' id='word_1_76' title='bbox 1460 847 1725 888; x_wconf 91' lang='lat' dir='ltr'>deuotionis</span> <span class='ocrx_word' id='word_1_77' title='bbox 1746 846 1834 886; x_wconf 85' lang='lat' dir='ltr'>fer-</span> 
     </span>
     <span class='ocr_line' id='line_1_11' title="bbox 189 918 1838 971; baseline -0.001 -13"><span class='ocrx_word' id='word_1_78' title='bbox 189 930 354 959; x_wconf 88' lang='lat' dir='ltr'>uorem</span> <span class='ocrx_word' id='word_1_79' title='bbox 374 921 644 971; x_wconf 76' lang='lat' dir='ltr'>retinentes,</span> <span class='ocrx_word' id='word_1_80' title='bbox 664 921 712 960; x_wconf 89' lang='lat' dir='ltr'>in</span> <span class='ocrx_word' id='word_1_81' title='bbox 733 920 1132 970; x_wconf 80' lang='lat' dir='ltr'>meditationibus,</span> <span class='ocrx_word' id='word_1_82' title='bbox 1152 931 1271 971; x_wconf 89' lang='lat' dir='ltr'>quas</span> <span class='ocrx_word' id='word_1_83' title='bbox 1288 919 1346 959; x_wconf 87' lang='lat' dir='ltr'>ab</span> <span class='ocrx_word' id='word_1_84' title='bbox 1364 918 1530 959; x_wconf 90' lang='lat' dir='ltr'>eodem</span> <span class='ocrx_word' id='word_1_85' title='bbox 1546 919 1687 959; x_wconf 85' lang='lat' dir='ltr'>Patre</span> <span class='ocrx_word' id='word_1_86' title='bbox 1705 929 1838 958; x_wconf 85' lang='lat' dir='ltr'>acce-</span> 
     </span>
     <span class='ocr_line' id='line_1_12' title="bbox 190 992 988 1043; baseline 0.001 -14"><span class='ocrx_word' id='word_1_87' title='bbox 190 997 374 1042; x_wconf 90' lang='lat' dir='ltr'>perunt,</span> <span class='ocrx_word' id='word_1_88' title='bbox 398 1003 501 1032; x_wconf 91' lang='lat' dir='ltr'>sese</span> <span class='ocrx_word' id='word_1_89' title='bbox 523 992 728 1043; x_wconf 83' lang='lat' dir='ltr'>quotidie</span> <span class='ocrx_word' id='word_1_90' title='bbox 751 998 988 1032; x_wconf 79' lang='lat' dir='ltr'>exercent.</span> 
     </span>
    </p>

    <p class='ocr_par' dir='ltr' id='par_1_4' title="bbox 190 1060 1847 2403">
     <span class='ocr_line' id='line_1_13' title="bbox 268 1060 1838 1114; baseline -0.001 -12"><span class='ocrx_word' id='word_1_91' title='bbox 268 1062 513 1114; x_wconf 90' lang='lat' dir='ltr'>Templum</span> <span class='ocrx_word' id='word_1_92' title='bbox 536 1071 764 1113; x_wconf 89' lang='lat' dir='ltr'>nostrum,</span> <span class='ocrx_word' id='word_1_93' title='bbox 790 1063 901 1103; x_wconf 91' lang='lat' dir='ltr'>olim</span> <span class='ocrx_word' id='word_1_94' title='bbox 922 1063 1162 1103; x_wconf 88' lang='lat' dir='ltr'>desertum</span> <span class='ocrx_word' id='word_1_95' title='bbox 1183 1074 1238 1103; x_wconf 87' lang='lat' dir='ltr'>ac</span> <span class='ocrx_word' id='word_1_96' title='bbox 1259 1073 1379 1114; x_wconf 89' lang='lat' dir='ltr'>pene</span> <span class='ocrx_word' id='word_1_97' title='bbox 1401 1061 1573 1112; x_wconf 92' lang='lat' dir='ltr'>sterile,</span> <span class='ocrx_word' id='word_1_98' title='bbox 1598 1061 1647 1101; x_wconf 85' lang='lat' dir='ltr'>fit</span> <span class='ocrx_word' id='word_1_99' title='bbox 1669 1060 1717 1101; x_wconf 86' lang='lat' dir='ltr'>in</span> <span class='ocrx_word' id='word_1_100' title='bbox 1739 1060 1838 1100; x_wconf 89' lang='lat' dir='ltr'>dies</span> 
     </span>
     <span class='ocr_line' id='line_1_14' title="bbox 190 1132 1839 1186; baseline -0.001 -13"><span class='ocrx_word' id='word_1_101' title='bbox 190 1134 402 1185; x_wconf 83' lang='lat' dir='ltr'>singulos</span> <span class='ocrx_word' id='word_1_102' title='bbox 423 1135 576 1185; x_wconf 80' lang='lat' dir='ltr'>magis</span> <span class='ocrx_word' id='word_1_103' title='bbox 597 1135 817 1186; x_wconf 80' lang='lat' dir='ltr'>frequens</span> <span class='ocrx_word' id='word_1_104' title='bbox 840 1146 896 1175; x_wconf 85' lang='lat' dir='ltr'>ac</span> <span class='ocrx_word' id='word_1_105' title='bbox 927 1134 1207 1185; x_wconf 84' lang='lat' dir='ltr'>frugiferum</span> <span class='ocrx_word' id='word_1_106' title='bbox 1239 1133 1535 1174; x_wconf 88' lang='lat' dir='ltr'>multitudine</span> <span class='ocrx_word' id='word_1_107' title='bbox 1557 1132 1839 1172; x_wconf 90' lang='lat' dir='ltr'>conuenien-</span> 
     </span>
     <span class='ocr_line' id='line_1_15' title="bbox 192 1203 1841 1257; baseline -0.001 -13"><span class='ocrx_word' id='word_1_108' title='bbox 192 1205 320 1255; x_wconf 87' lang='lat' dir='ltr'>tium,</span> <span class='ocrx_word' id='word_1_109' title='bbox 347 1207 525 1246; x_wconf 81' lang='lat' dir='ltr'>tumaci</span> <span class='ocrx_word' id='word_1_110' title='bbox 552 1206 872 1246; x_wconf 86' lang='lat' dir='ltr'>confessiones</span> <span class='ocrx_word' id='word_1_111' title='bbox 908 1212 952 1246; x_wconf 89' lang='lat' dir='ltr'>et</span> <span class='ocrx_word' id='word_1_112' title='bbox 980 1205 1266 1246; x_wconf 88' lang='lat' dir='ltr'>uenerabilis</span> <span class='ocrx_word' id='word_1_113' title='bbox 1293 1205 1646 1257; x_wconf 78' lang='lat' dir='ltr'>perceptionem</span> <span class='ocrx_word' id='word_1_114' title='bbox 1674 1203 1841 1244; x_wconf 83' lang='lat' dir='ltr'>Sacra·</span> 
     </span>
     <span class='ocr_line' id='line_1_16' title="bbox 191 1274 1840 1328; baseline -0.001 -12"><span class='ocrx_word' id='word_1_115' title='bbox 191 1277 350 1327; x_wconf 88' lang='lat' dir='ltr'>menti‚</span> <span class='ocrx_word' id='word_1_116' title='bbox 375 1283 472 1317; x_wconf 91' lang='lat' dir='ltr'>tum</span> <span class='ocrx_word' id='word_1_117' title='bbox 505 1277 563 1317; x_wconf 86' lang='lat' dir='ltr'>ad</span> <span class='ocrx_word' id='word_1_118' title='bbox 591 1277 850 1318; x_wconf 87' lang='lat' dir='ltr'>audiendas</span> <span class='ocrx_word' id='word_1_119' title='bbox 885 1277 1153 1327; x_wconf 79' lang='lat' dir='ltr'>conciones,</span> <span class='ocrx_word' id='word_1_120' title='bbox 1192 1288 1312 1328; x_wconf 88' lang='lat' dir='ltr'>quae</span> <span class='ocrx_word' id='word_1_121' title='bbox 1348 1276 1596 1316; x_wconf 88' lang='lat' dir='ltr'>dominicis</span> <span class='ocrx_word' id='word_1_122' title='bbox 1632 1281 1677 1315; x_wconf 91' lang='lat' dir='ltr'>et</span> <span class='ocrx_word' id='word_1_123' title='bbox 1708 1274 1840 1314; x_wconf 88' lang='lat' dir='ltr'>festis</span> 
     </span>
     <span class='ocr_line' id='line_1_17' title="bbox 192 1345 1842 1400; baseline -0.002 -12"><span class='ocrx_word' id='word_1_124' title='bbox 192 1349 356 1388; x_wconf 87' lang='lat' dir='ltr'>diebus</span> <span class='ocrx_word' id='word_1_125' title='bbox 377 1349 424 1389; x_wconf 87' lang='lat' dir='ltr'>in</span> <span class='ocrx_word' id='word_1_126' title='bbox 452 1361 505 1388; x_wconf 88' lang='lat' dir='ltr'>eo</span> <span class='ocrx_word' id='word_1_127' title='bbox 534 1349 698 1389; x_wconf 86' lang='lat' dir='ltr'>haberi</span> <span class='ocrx_word' id='word_1_128' title='bbox 719 1349 885 1389; x_wconf 87' lang='lat' dir='ltr'>solent.</span> <span class='ocrx_word' id='word_1_129' title='bbox 909 1349 981 1399; x_wconf 81' lang='lat' dir='ltr'>Et,</span> <span class='ocrx_word' id='word_1_130' title='bbox 1013 1348 1135 1400; x_wconf 88' lang='lat' dir='ltr'>quod</span> <span class='ocrx_word' id='word_1_131' title='bbox 1159 1361 1184 1388; x_wconf 84' lang='lat' dir='ltr'>a</span> <span class='ocrx_word' id='word_1_132' title='bbox 1207 1359 1279 1388; x_wconf 90' lang='lat' dir='ltr'>me</span> <span class='ocrx_word' id='word_1_133' title='bbox 1302 1348 1392 1388; x_wconf 90' lang='lat' dir='ltr'>hoc</span> <span class='ocrx_word' id='word_1_134' title='bbox 1414 1348 1518 1387; x_wconf 95' lang='lat' dir='ltr'>loco</span> <span class='ocrx_word' id='word_1_135' title='bbox 1542 1345 1842 1387; x_wconf 89' lang='lat' dir='ltr'>scribendum</span> 
     </span>
     <span class='ocr_line' id='line_1_18' title="bbox 192 1418 1840 1471; baseline -0.002 -11"><span class='ocrx_word' id='word_1_136' title='bbox 192 1420 393 1471; x_wconf 85' lang='lat' dir='ltr'>uidetur,</span> <span class='ocrx_word' id='word_1_137' title='bbox 424 1421 599 1461; x_wconf 87' lang='lat' dir='ltr'>multae</span> <span class='ocrx_word' id='word_1_138' title='bbox 631 1420 812 1460; x_wconf 89' lang='lat' dir='ltr'>nobiles</span> <span class='ocrx_word' id='word_1_139' title='bbox 847 1427 1092 1460; x_wconf 88' lang='lat' dir='ltr'>matronae</span> <span class='ocrx_word' id='word_1_140' title='bbox 1126 1419 1340 1471; x_wconf 84' lang='lat' dir='ltr'>generali</span> <span class='ocrx_word' id='word_1_141' title='bbox 1369 1431 1532 1459; x_wconf 87' lang='lat' dir='ltr'>coram</span> <span class='ocrx_word' id='word_1_142' title='bbox 1563 1418 1664 1458; x_wconf 91' lang='lat' dir='ltr'>Deo</span> <span class='ocrx_word' id='word_1_143' title='bbox 1697 1423 1742 1457; x_wconf 87' lang='lat' dir='ltr'>et</span> <span class='ocrx_word' id='word_1_144' title='bbox 1762 1429 1840 1457; x_wconf 88' lang='lat' dir='ltr'>no-</span> 
     </span>
     <span class='ocr_line' id='line_1_19' title="bbox 191 1489 1840 1543; baseline -0.002 -11"><span class='ocrx_word' id='word_1_145' title='bbox 191 1492 300 1532; x_wconf 83' lang='lat' dir='ltr'>stris</span> <span class='ocrx_word' id='word_1_146' title='bbox 333 1491 658 1543; x_wconf 80' lang='lat' dir='ltr'>sacerdotibus</span> <span class='ocrx_word' id='word_1_147' title='bbox 689 1492 1001 1542; x_wconf 85' lang='lat' dir='ltr'>confessione,</span> <span class='ocrx_word' id='word_1_148' title='bbox 1036 1503 1230 1531; x_wconf 89' lang='lat' dir='ltr'>suarum</span> <span class='ocrx_word' id='word_1_149' title='bbox 1263 1490 1528 1531; x_wconf 89' lang='lat' dir='ltr'>animarum</span> <span class='ocrx_word' id='word_1_150' title='bbox 1564 1489 1705 1530; x_wconf 87' lang='lat' dir='ltr'>saluti</span> <span class='ocrx_word' id='word_1_151' title='bbox 1734 1500 1840 1529; x_wconf 91' lang='lat' dir='ltr'>con-</span> 
     </span>
     <span class='ocr_line' id='line_1_20' title="bbox 193 1560 1842 1614; baseline -0.002 -11"><span class='ocrx_word' id='word_1_152' title='bbox 193 1565 449 1604; x_wconf 87' lang='lat' dir='ltr'>suluerunt.</span> <span class='ocrx_word' id='word_1_153' title='bbox 475 1563 676 1614; x_wconf 78' lang='lat' dir='ltr'>Quidam</span> <span class='ocrx_word' id='word_1_154' title='bbox 696 1563 894 1614; x_wconf 90' lang='lat' dir='ltr'>iuuenis,</span> <span class='ocrx_word' id='word_1_155' title='bbox 920 1574 1027 1603; x_wconf 87' lang='lat' dir='ltr'>curn</span> <span class='ocrx_word' id='word_1_156' title='bbox 1055 1563 1148 1612; x_wconf 89' lang='lat' dir='ltr'>diu,</span> <span class='ocrx_word' id='word_1_157' title='bbox 1173 1562 1337 1603; x_wconf 91' lang='lat' dir='ltr'>relicto</span> <span class='ocrx_word' id='word_1_158' title='bbox 1366 1561 1673 1609; x_wconf 90' lang='lat' dir='ltr'>monasterio,</span> <span class='ocrx_word' id='word_1_159' title='bbox 1697 1560 1842 1600; x_wconf 89' lang='lat' dir='ltr'>ueluti</span> 
     </span>
     <span class='ocr_line' id='line_1_21' title="bbox 193 1632 1839 1685; baseline -0.002 -10"><span class='ocrx_word' id='word_1_160' title='bbox 193 1636 296 1675; x_wconf 91' lang='lat' dir='ltr'>ouis</span> <span class='ocrx_word' id='word_1_161' title='bbox 318 1635 492 1675; x_wconf 89' lang='lat' dir='ltr'>amissa</span> <span class='ocrx_word' id='word_1_162' title='bbox 515 1641 709 1685; x_wconf 85' lang='lat' dir='ltr'>erraret,</span> <span class='ocrx_word' id='word_1_163' title='bbox 735 1647 762 1674; x_wconf 89' lang='lat' dir='ltr'>a</span> <span class='ocrx_word' id='word_1_164' title='bbox 783 1634 833 1674; x_wconf 84' lang='lat' dir='ltr'>P.</span> <span class='ocrx_word' id='word_1_165' title='bbox 852 1634 1096 1675; x_wconf 89' lang='lat' dir='ltr'>Ludouico</span> <span class='ocrx_word' id='word_1_166' title='bbox 1116 1645 1285 1674; x_wconf 87' lang='lat' dir='ltr'>suasus</span> <span class='ocrx_word' id='word_1_167' title='bbox 1301 1639 1345 1674; x_wconf 93' lang='lat' dir='ltr'>et</span> <span class='ocrx_word' id='word_1_168' title='bbox 1365 1633 1618 1685; x_wconf 87' lang='lat' dir='ltr'>plurimum</span> <span class='ocrx_word' id='word_1_169' title='bbox 1637 1632 1839 1682; x_wconf 84' lang='lat' dir='ltr'>adiutus,</span> 
     </span>
     <span class='ocr_line' id='line_1_22' title="bbox 192 1703 1840 1758; baseline -0.002 -12"><span class='ocrx_word' id='word_1_170' title='bbox 192 1707 252 1746; x_wconf 85' lang='lat' dir='ltr'>ad</span> <span class='ocrx_word' id='word_1_171' title='bbox 275 1706 583 1758; x_wconf 79' lang='lat' dir='ltr'>Religionem,</span> <span class='ocrx_word' id='word_1_172' title='bbox 609 1707 732 1746; x_wconf 92' lang='lat' dir='ltr'>ouile</span> <span class='ocrx_word' id='word_1_173' title='bbox 754 1706 1055 1756; x_wconf 90' lang='lat' dir='ltr'>tutissimum,</span> <span class='ocrx_word' id='word_1_174' title='bbox 1079 1705 1230 1746; x_wconf 81' lang='lat' dir='ltr'>rediit.</span> <span class='ocrx_word' id='word_1_175' title='bbox 1264 1705 1315 1746; x_wconf 88' lang='lat' dir='ltr'>In</span> <span class='ocrx_word' id='word_1_176' title='bbox 1344 1715 1537 1745; x_wconf 85' lang='lat' dir='ltr'>carcere</span> <span class='ocrx_word' id='word_1_177' title='bbox 1566 1714 1752 1755; x_wconf 90' lang='lat' dir='ltr'>quoque</span> <span class='ocrx_word' id='word_1_178' title='bbox 1775 1703 1840 1742; x_wconf 91' lang='lat' dir='ltr'>in-</span> 
     </span>
     <span class='ocr_line' id='line_1_23' title="bbox 192 1775 1842 1830; baseline -0.003 -12"><span class='ocrx_word' id='word_1_179' title='bbox 192 1778 377 1819; x_wconf 88' lang='lat' dir='ltr'>terdum</span> <span class='ocrx_word' id='word_1_180' title='bbox 412 1790 438 1818; x_wconf 91' lang='lat' dir='ltr'>a</span> <span class='ocrx_word' id='word_1_181' title='bbox 473 1778 649 1818; x_wconf 89' lang='lat' dir='ltr'>nostris</span> <span class='ocrx_word' id='word_1_182' title='bbox 685 1778 1019 1818; x_wconf 85' lang='lat' dir='ltr'>concionatum</span> <span class='ocrx_word' id='word_1_183' title='bbox 1054 1783 1139 1830; x_wconf 85' lang='lat' dir='ltr'>est,</span> <span class='ocrx_word' id='word_1_184' title='bbox 1178 1789 1237 1817; x_wconf 84' lang='lat' dir='ltr'>ex</span> <span class='ocrx_word' id='word_1_185' title='bbox 1268 1788 1374 1828; x_wconf 90' lang='lat' dir='ltr'>quo,</span> <span class='ocrx_word' id='word_1_186' title='bbox 1409 1775 1598 1816; x_wconf 90' lang='lat' dir='ltr'>tametsi</span> <span class='ocrx_word' id='word_1_187' title='bbox 1630 1775 1842 1826; x_wconf 83' lang='lat' dir='ltr'>plerique</span> 
     </span>
     <span class='ocr_line' id='line_1_24' title="bbox 193 1848 1840 1901; baseline -0.003 -11"><span class='ocrx_word' id='word_1_188' title='bbox 193 1850 386 1896; x_wconf 76' lang='lat' dir='ltr'>&lt;Christi</span> <span class='ocrx_word' id='word_1_189' title='bbox 407 1850 579 1901; x_wconf 81' lang='lat' dir='ltr'>gratia)</span> <span class='ocrx_word' id='word_1_190' title='bbox 612 1849 911 1901; x_wconf 87' lang='lat' dir='ltr'>resipuerint,</span> <span class='ocrx_word' id='word_1_191' title='bbox 937 1860 1079 1900; x_wconf 92' lang='lat' dir='ltr'>seque</span> <span class='ocrx_word' id='word_1_192' title='bbox 1102 1849 1161 1889; x_wconf 87' lang='lat' dir='ltr'>ad</span> <span class='ocrx_word' id='word_1_193' title='bbox 1184 1848 1379 1888; x_wconf 78' lang='lat' dir='ltr'>meliora</span> <span class='ocrx_word' id='word_1_194' title='bbox 1402 1848 1661 1895; x_wconf 87' lang='lat' dir='ltr'>retulerint,</span> <span class='ocrx_word' id='word_1_195' title='bbox 1686 1857 1840 1898; x_wconf 83' lang='lat' dir='ltr'>pauca</span> 
     </span>
     <span class='ocr_line' id='line_1_25' title="bbox 193 1919 1838 1973; baseline -0.003 -11"><span class='ocrx_word' id='word_1_196' title='bbox 193 1922 495 1962; x_wconf 88' lang='lat' dir='ltr'>nihilominus</span> <span class='ocrx_word' id='word_1_197' title='bbox 515 1922 663 1962; x_wconf 83' lang='lat' dir='ltr'>fusius</span> <span class='ocrx_word' id='word_1_198' title='bbox 684 1921 946 1973; x_wconf 82' lang='lat' dir='ltr'>explicabo.</span> <span class='ocrx_word' id='word_1_199' title='bbox 970 1919 1193 1961; x_wconf 89' lang='lat' dir='ltr'>Nonnulli</span> <span class='ocrx_word' id='word_1_200' title='bbox 1210 1920 1333 1960; x_wconf 88' lang='lat' dir='ltr'>enim</span> <span class='ocrx_word' id='word_1_201' title='bbox 1355 1920 1494 1959; x_wconf 90' lang='lat' dir='ltr'>isthic</span> <span class='ocrx_word' id='word_1_202' title='bbox 1518 1919 1838 1968; x_wconf 88' lang='lat' dir='ltr'>includuntur,</span> 
     </span>
     <span class='ocr_line' id='line_1_26' title="bbox 193 1982 1843 2048; baseline -0.003 -14"><span class='ocrx_word' id='word_1_203' title='bbox 193 1994 271 2045; x_wconf 91' lang='lat' dir='ltr'>qui</span> <span class='ocrx_word' id='word_1_204' title='bbox 294 1982 400 2034; x_wconf 77' lang='lat' dir='ltr'>cum</span> <span class='ocrx_word' id='word_1_205' title='bbox 423 2007 449 2034; x_wconf 87' lang='lat' dir='ltr'>a</span> <span class='ocrx_word' id='word_1_206' title='bbox 470 1994 550 2041; x_wconf 83' lang='lat' dir='ltr'>VI,</span> <span class='ocrx_word' id='word_1_207' title='bbox 585 1994 644 2044; x_wconf 87' lang='lat' dir='ltr'>X,</span> <span class='ocrx_word' id='word_1_208' title='bbox 667 1993 774 2044; x_wconf 86' lang='lat' dir='ltr'>XV,</span> <span class='ocrx_word' id='word_1_209' title='bbox 799 1992 912 2033; x_wconf 84' lang='lat' dir='ltr'>XVI</span> <span class='ocrx_word' id='word_1_210' title='bbox 934 1998 979 2033; x_wconf 90' lang='lat' dir='ltr'>et</span> <span class='ocrx_word' id='word_1_211' title='bbox 1006 1992 1140 2033; x_wconf 78' lang='lat' dir='ltr'>XVII</span> <span class='ocrx_word' id='word_1_212' title='bbox 1167 2003 1291 2032; x_wconf 87' lang='lat' dir='ltr'>anno</span> <span class='ocrx_word' id='word_1_213' title='bbox 1314 1990 1628 2031; x_wconf 88' lang='lat' dir='ltr'>confessionis</span> <span class='ocrx_word' id='word_1_214' title='bbox 1651 1995 1702 2048; x_wconf 81' lang='lat' dir='ltr'>et¹</span> <span class='ocrx_word' id='word_1_215' title='bbox 1719 2001 1843 2029; x_wconf 91' lang='lat' dir='ltr'>com-</span> 
     </span>
     <span class='ocr_line' id='line_1_27' title="bbox 193 2049 1844 2114; baseline -0.004 -8"><span class='ocrx_word' id='word_1_216' title='bbox 193 2066 428 2106; x_wconf 90' lang='lat' dir='ltr'>munionis</span> <span class='ocrx_word' id='word_1_217' title='bbox 463 2071 765 2106; x_wconf 88' lang='lat' dir='ltr'>sacramenta</span> <span class='ocrx_word' id='word_1_218' title='bbox 801 2077 894 2105; x_wconf 91' lang='lat' dir='ltr'>non</span> <span class='ocrx_word' id='word_1_219' title='bbox 929 2064 1180 2114; x_wconf 87' lang='lat' dir='ltr'>adiissent,</span> <span class='ocrx_word' id='word_1_220' title='bbox 1214 2063 1360 2104; x_wconf 88' lang='lat' dir='ltr'>diuini</span> <span class='ocrx_word' id='word_1_221' title='bbox 1388 2062 1579 2103; x_wconf 87' lang='lat' dir='ltr'>tandem</span> <span class='ocrx_word' id='word_1_222' title='bbox 1611 2049 1844 2101; x_wconf 88' lang='lat' dir='ltr'>sermonis</span> 
     </span>
     <span class='ocr_line' id='line_1_28' title="bbox 195 2134 1846 2188; baseline -0.003 -11"><span class='ocrx_word' id='word_1_223' title='bbox 195 2138 275 2177; x_wconf 88' lang='lat' dir='ltr'>icti</span> <span class='ocrx_word' id='word_1_224' title='bbox 296 2137 467 2188; x_wconf 88' lang='lat' dir='ltr'>iaculo,</span> <span class='ocrx_word' id='word_1_225' title='bbox 491 2149 518 2177; x_wconf 87' lang='lat' dir='ltr'>a</span> <span class='ocrx_word' id='word_1_226' title='bbox 549 2136 732 2177; x_wconf 89' lang='lat' dir='ltr'>cunctis</span> <span class='ocrx_word' id='word_1_227' title='bbox 767 2147 816 2176; x_wconf 93' lang='lat' dir='ltr'>se</span> <span class='ocrx_word' id='word_1_228' title='bbox 839 2141 1147 2187; x_wconf 86' lang='lat' dir='ltr'>peccatorum</span> <span class='ocrx_word' id='word_1_229' title='bbox 1170 2134 1389 2175; x_wconf 88' lang='lat' dir='ltr'>sordibus</span> <span class='ocrx_word' id='word_1_230' title='bbox 1412 2138 1755 2185; x_wconf 80' lang='lat' dir='ltr'>expurgarunt‚</span> <span class='ocrx_word' id='word_1_231' title='bbox 1781 2139 1846 2172; x_wconf 84' lang='lat' dir='ltr'>at-</span> 
     </span>
     <span class='ocr_line' id='line_1_29' title="bbox 195 2204 1847 2261; baseline -0.004 -12"><span class='ocrx_word' id='word_1_232' title='bbox 195 2221 284 2261; x_wconf 91' lang='lat' dir='ltr'>que</span> <span class='ocrx_word' id='word_1_233' title='bbox 307 2209 366 2249; x_wconf 87' lang='lat' dir='ltr'>ad</span> <span class='ocrx_word' id='word_1_234' title='bbox 401 2220 589 2249; x_wconf 87' lang='lat' dir='ltr'>sacram</span> <span class='ocrx_word' id='word_1_235' title='bbox 620 2207 973 2248; x_wconf 86' lang='lat' dir='ltr'>Eucharistiam</span> <span class='ocrx_word' id='word_1_236' title='bbox 1007 2207 1095 2246; x_wconf 89' lang='lat' dir='ltr'>rite</span> <span class='ocrx_word' id='word_1_237' title='bbox 1131 2211 1450 2246; x_wconf 88' lang='lat' dir='ltr'>accesserunt.</span> <span class='ocrx_word' id='word_1_238' title='bbox 1491 2205 1624 2245; x_wconf 80' lang='lat' dir='ltr'>Alter</span> <span class='ocrx_word' id='word_1_239' title='bbox 1655 2204 1847 2256; x_wconf 84' lang='lat' dir='ltr'>quidam</span> 
     </span>
     <span class='ocr_line' id='line_1_30' title="bbox 196 2274 1846 2331; baseline -0.004 -11"><span class='ocrx_word' id='word_1_240' title='bbox 196 2282 474 2329; x_wconf 86' lang='lat' dir='ltr'>scelerosus,</span> <span class='ocrx_word' id='word_1_241' title='bbox 500 2280 538 2319; x_wconf 92' lang='lat' dir='ltr'>si</span> <span class='ocrx_word' id='word_1_242' title='bbox 560 2280 663 2331; x_wconf 88' lang='lat' dir='ltr'>quis</span> <span class='ocrx_word' id='word_1_243' title='bbox 686 2279 821 2330; x_wconf 88' lang='lat' dir='ltr'>alius,</span> <span class='ocrx_word' id='word_1_244' title='bbox 846 2278 977 2319; x_wconf 90' lang='lat' dir='ltr'>uerbi</span> <span class='ocrx_word' id='word_1_245' title='bbox 1013 2277 1102 2318; x_wconf 91' lang='lat' dir='ltr'>Dei</span> <span class='ocrx_word' id='word_1_246' title='bbox 1137 2283 1291 2318; x_wconf 91' lang='lat' dir='ltr'>motus</span> <span class='ocrx_word' id='word_1_247' title='bbox 1323 2276 1577 2326; x_wconf 87' lang='lat' dir='ltr'>auditione,</span> <span class='ocrx_word' id='word_1_248' title='bbox 1603 2274 1846 2316; x_wconf 89' lang='lat' dir='ltr'>confessus</span> 
     </span>
     <span class='ocr_line' id='line_1_31' title="bbox 196 2347 1843 2403; baseline -0.003 -12"><span class='ocrx_word' id='word_1_249' title='bbox 196 2357 281 2401; x_wconf 87' lang='lat' dir='ltr'>est,</span> <span class='ocrx_word' id='word_1_250' title='bbox 308 2351 442 2391; x_wconf 90' lang='lat' dir='ltr'>firmo</span> <span class='ocrx_word' id='word_1_251' title='bbox 460 2362 701 2403; x_wconf 88' lang='lat' dir='ltr'>nunquam</span> <span class='ocrx_word' id='word_1_252' title='bbox 718 2349 950 2402; x_wconf 86' lang='lat' dir='ltr'>peccandi</span> <span class='ocrx_word' id='word_1_253' title='bbox 967 2349 1211 2401; x_wconf 88' lang='lat' dir='ltr'>proposito</span> <span class='ocrx_word' id='word_1_254' title='bbox 1229 2360 1279 2389; x_wconf 82' lang='lat' dir='ltr'>se</span> <span class='ocrx_word' id='word_1_255' title='bbox 1297 2348 1356 2388; x_wconf 84' lang='lat' dir='ltr'>ad</span> <span class='ocrx_word' id='word_1_256' title='bbox 1373 2347 1526 2388; x_wconf 89' lang='lat' dir='ltr'>Deum</span> <span class='ocrx_word' id='word_1_257' title='bbox 1548 2352 1843 2387; x_wconf 86' lang='lat' dir='ltr'>conuertens.</span> 
     </span>
    </p>

    <p class='ocr_par' dir='ltr' id='par_1_5' title="bbox 198 2419 1849 2892">
     <span class='ocr_line' id='line_1_32' title="bbox 277 2419 1846 2472; baseline -0.003 -9"><span class='ocrx_word' id='word_1_258' title='bbox 277 2423 395 2463; x_wconf 86' lang='lat' dir='ltr'>Tres</span> <span class='ocrx_word' id='word_1_259' title='bbox 417 2435 529 2463; x_wconf 91' lang='lat' dir='ltr'>uero</span> <span class='ocrx_word' id='word_1_260' title='bbox 551 2423 747 2462; x_wconf 86' lang='lat' dir='ltr'>iuvenes</span> <span class='ocrx_word' id='word_1_261' title='bbox 769 2421 1020 2472; x_wconf 87' lang='lat' dir='ltr'>florentini,</span> <span class='ocrx_word' id='word_1_262' title='bbox 1046 2421 1125 2472; x_wconf 90' lang='lat' dir='ltr'>qui</span> <span class='ocrx_word' id='word_1_263' title='bbox 1156 2433 1206 2461; x_wconf 92' lang='lat' dir='ltr'>se</span> <span class='ocrx_word' id='word_1_264' title='bbox 1242 2420 1417 2460; x_wconf 90' lang='lat' dir='ltr'>mutuis</span> <span class='ocrx_word' id='word_1_265' title='bbox 1438 2419 1711 2459; x_wconf 90' lang='lat' dir='ltr'>uulneribus</span> <span class='ocrx_word' id='word_1_266' title='bbox 1733 2419 1846 2470; x_wconf 89' lang='lat' dir='ltr'>peti-</span> 
     </span>
     <span class='ocr_line' id='line_1_33' title="bbox 198 2489 1846 2545; baseline -0.003 -11"><span class='ocrx_word' id='word_1_267' title='bbox 198 2501 380 2545; x_wconf 80' lang='lat' dir='ltr'>ucrant,</span> <span class='ocrx_word' id='word_1_268' title='bbox 406 2506 432 2534; x_wconf 91' lang='lat' dir='ltr'>a</span> <span class='ocrx_word' id='word_1_269' title='bbox 455 2494 696 2545; x_wconf 88' lang='lat' dir='ltr'>concione,</span> <span class='ocrx_word' id='word_1_270' title='bbox 720 2493 934 2545; x_wconf 88' lang='lat' dir='ltr'>deposito</span> <span class='ocrx_word' id='word_1_271' title='bbox 957 2493 1078 2543; x_wconf 87' lang='lat' dir='ltr'>odio,</span> <span class='ocrx_word' id='word_1_272' title='bbox 1103 2493 1151 2533; x_wconf 89' lang='lat' dir='ltr'>in</span> <span class='ocrx_word' id='word_1_273' title='bbox 1182 2491 1431 2544; x_wconf 88' lang='lat' dir='ltr'>pristinam</span> <span class='ocrx_word' id='word_1_274' title='bbox 1463 2491 1669 2541; x_wconf 81' lang='lat' dir='ltr'>gratiam</span> <span class='ocrx_word' id='word_1_275' title='bbox 1699 2489 1846 2530; x_wconf 88' lang='lat' dir='ltr'>redie-</span> 
     </span>
     <span class='ocr_line' id='line_1_34' title="bbox 199 2561 1845 2618; baseline -0.004 -12"><span class='ocrx_word' id='word_1_276' title='bbox 199 2573 320 2606; x_wconf 87' lang='lat' dir='ltr'>runt.</span> <span class='ocrx_word' id='word_1_277' title='bbox 350 2566 539 2606; x_wconf 84' lang='lat' dir='ltr'>Addam</span> <span class='ocrx_word' id='word_1_278' title='bbox 564 2572 813 2618; x_wconf 83' lang='lat' dir='ltr'>praeterea</span> <span class='ocrx_word' id='word_1_279' title='bbox 846 2565 972 2617; x_wconf 90' lang='lat' dir='ltr'>quod</span> <span class='ocrx_word' id='word_1_280' title='bbox 1004 2565 1205 2616; x_wconf 87' lang='lat' dir='ltr'>amplius</span> <span class='ocrx_word' id='word_1_281' title='bbox 1233 2563 1326 2604; x_wconf 87' lang='lat' dir='ltr'>XX</span> <span class='ocrx_word' id='word_1_282' title='bbox 1354 2562 1539 2608; x_wconf 78' lang='lat' dir='ltr'>milites,</span> <span class='ocrx_word' id='word_1_283' title='bbox 1574 2563 1621 2602; x_wconf 89' lang='lat' dir='ltr'>in</span> <span class='ocrx_word' id='word_1_284' title='bbox 1656 2561 1845 2601; x_wconf 89' lang='lat' dir='ltr'>uincula</span> 
     </span>
     <span class='ocr_line' id='line_1_35' title="bbox 200 2632 1849 2690; baseline -0.004 -13"><span class='ocrx_word' id='word_1_285' title='bbox 200 2637 418 2688; x_wconf 83' lang='lat' dir='ltr'>coniecti,</span> <span class='ocrx_word' id='word_1_286' title='bbox 441 2637 534 2677; x_wconf 57' lang='lat' dir='ltr'>Rfffi</span> <span class='ocrx_word' id='word_1_287' title='bbox 557 2637 607 2677; x_wconf 84' lang='lat' dir='ltr'>P.</span> <span class='ocrx_word' id='word_1_288' title='bbox 630 2637 797 2690; x_wconf 85' lang='lat' dir='ltr'>Jacobi</span> <span class='ocrx_word' id='word_1_289' title='bbox 817 2636 982 2677; x_wconf 84' lang='lat' dir='ltr'>fauore</span> <span class='ocrx_word' id='word_1_290' title='bbox 1004 2636 1181 2676; x_wconf 78' lang='lat' dir='ltr'>exitum</span> <span class='ocrx_word' id='word_1_291' title='bbox 1204 2647 1259 2676; x_wconf 86' lang='lat' dir='ltr'>ac</span> <span class='ocrx_word' id='word_1_292' title='bbox 1287 2636 1551 2676; x_wconf 88' lang='lat' dir='ltr'>libertatem</span> <span class='ocrx_word' id='word_1_293' title='bbox 1572 2632 1849 2684; x_wconf 87' lang='lat' dir='ltr'>consequuti</span> 
     </span>
     <span class='ocr_line' id='line_1_36' title="bbox 201 2705 1848 2760; baseline -0.003 -12"><span class='ocrx_word' id='word_1_294' title='bbox 201 2716 324 2759; x_wconf 84' lang='lat' dir='ltr'>sunt3</span> <span class='ocrx_word' id='word_1_295' title='bbox 349 2709 488 2760; x_wconf 89' lang='lat' dir='ltr'>pauci</span> <span class='ocrx_word' id='word_1_296' title='bbox 510 2720 694 2760; x_wconf 90' lang='lat' dir='ltr'>quoque</span> <span class='ocrx_word' id='word_1_297' title='bbox 717 2708 925 2748; x_wconf 89' lang='lat' dir='ltr'>eiusdem</span> <span class='ocrx_word' id='word_1_298' title='bbox 950 2707 1232 2748; x_wconf 88' lang='lat' dir='ltr'>conditionis</span> <span class='ocrx_word' id='word_1_299' title='bbox 1253 2707 1358 2757; x_wconf 88' lang='lat' dir='ltr'>uiri,</span> <span class='ocrx_word' id='word_1_300' title='bbox 1383 2705 1442 2746; x_wconf 86' lang='lat' dir='ltr'>ad</span> <span class='ocrx_word' id='word_1_301' title='bbox 1463 2706 1678 2746; x_wconf 88' lang='lat' dir='ltr'>triremes</span> <span class='ocrx_word' id='word_1_302' title='bbox 1709 2715 1848 2755; x_wconf 82' lang='lat' dir='ltr'>agen-</span> 
     </span>
     <span class='ocr_line' id='line_1_37' title="bbox 203 2777 1848 2831; baseline -0.003 -11"><span class='ocrx_word' id='word_1_303' title='bbox 203 2781 289 2820; x_wconf 72' lang='lat' dir='ltr'>das</span> <span class='ocrx_word' id='word_1_304' title='bbox 311 2779 546 2830; x_wconf 85' lang='lat' dir='ltr'>destinati,</span> <span class='ocrx_word' id='word_1_305' title='bbox 571 2779 719 2831; x_wconf 90' lang='lat' dir='ltr'>ipsius</span> <span class='ocrx_word' id='word_1_306' title='bbox 753 2779 908 2820; x_wconf 86' lang='lat' dir='ltr'>Patris</span> <span class='ocrx_word' id='word_1_307' title='bbox 931 2791 1091 2831; x_wconf 87' lang='lat' dir='ltr'>opera,</span> <span class='ocrx_word' id='word_1_308' title='bbox 1125 2785 1223 2819; x_wconf 91' lang='lat' dir='ltr'>tum</span> <span class='ocrx_word' id='word_1_309' title='bbox 1245 2777 1294 2819; x_wconf 87' lang='grc' dir='ltr'>Ρ.</span> <span class='ocrx_word' id='word_1_310' title='bbox 1328 2777 1560 2818; x_wconf 90' lang='lat' dir='ltr'>Ludouici</span> <span class='ocrx_word' id='word_1_311' title='bbox 1581 2787 1710 2826; x_wconf 87' lang='lat' dir='ltr'>cura,</span> <span class='ocrx_word' id='word_1_312' title='bbox 1742 2787 1848 2816; x_wconf 89' lang='lat' dir='ltr'>con-</span> 
     </span>
     <span class='ocr_line' id='line_1_38' title="bbox 205 2851 1189 2892; baseline -0.002 0"><span class='ocrx_word' id='word_1_313' title='bbox 205 2853 417 2892; x_wconf 87' lang='lat' dir='ltr'>stitutam</span> <span class='ocrx_word' id='word_1_314' title='bbox 439 2851 650 2891; x_wconf 89' lang='lat' dir='ltr'>criminis</span> <span class='ocrx_word' id='word_1_315' title='bbox 672 2852 897 2891; x_wconf 88' lang='lat' dir='ltr'>mulctam</span> <span class='ocrx_word' id='word_1_316' title='bbox 919 2856 1189 2891; x_wconf 89' lang='lat' dir='ltr'>euaserunt.</span> 
     </span>
    </p>

    <p class='ocr_par' dir='ltr' id='par_1_6' title="bbox 207 2918 1858 3046">
     <span class='ocr_line' id='line_1_39' title="bbox 286 2918 1850 2974; baseline -0.003 -11"><span class='ocrx_word' id='word_1_317' title='bbox 286 2923 467 2964; x_wconf 87' lang='lat' dir='ltr'>Verum</span> <span class='ocrx_word' id='word_1_318' title='bbox 488 2928 537 2963; x_wconf 91' lang='lat' dir='ltr'>ut</span> <span class='ocrx_word' id='word_1_319' title='bbox 560 2922 619 2963; x_wconf 85' lang='lat' dir='ltr'>ad</span> <span class='ocrx_word' id='word_1_320' title='bbox 641 2933 711 2973; x_wconf 89' lang='lat' dir='ltr'>ea,</span> <span class='ocrx_word' id='word_1_321' title='bbox 745 2934 865 2974; x_wconf 87' lang='lat' dir='ltr'>quae</span> <span class='ocrx_word' id='word_1_322' title='bbox 895 2930 1004 2963; x_wconf 90' lang='lat' dir='ltr'>sunt</span> <span class='ocrx_word' id='word_1_323' title='bbox 1025 2922 1162 2962; x_wconf 88' lang='lat' dir='ltr'>huius</span> <span class='ocrx_word' id='word_1_324' title='bbox 1191 2921 1390 2972; x_wconf 84' lang='lat' dir='ltr'>Collegii</span> <span class='ocrx_word' id='word_1_325' title='bbox 1417 2919 1664 2972; x_wconf 89' lang='lat' dir='ltr'>propriora</span> <span class='ocrx_word' id='word_1_326' title='bbox 1694 2918 1850 2959; x_wconf 90' lang='lat' dir='ltr'>uenia-</span> 
     </span>
     <span class='ocr_line' id='line_1_40' title="bbox 207 2991 1858 3046; baseline -0.003 -11"><span class='ocrx_word' id='word_1_327' title='bbox 207 3007 326 3045; x_wconf 85' lang='lat' dir='ltr'>mus,</span> <span class='ocrx_word' id='word_1_328' title='bbox 350 3002 448 3035; x_wconf 87' lang='lat' dir='ltr'>tres</span> <span class='ocrx_word' id='word_1_329' title='bbox 479 2994 686 3045; x_wconf 85' lang='lat' dir='ltr'>iuuenes,</span> <span class='ocrx_word' id='word_1_330' title='bbox 710 2994 869 3034; x_wconf 85' lang='lat' dir='ltr'>habita</span> <span class='ocrx_word' id='word_1_331' title='bbox 906 2994 1037 3046; x_wconf 88' lang='lat' dir='ltr'>prius</span> <span class='ocrx_word' id='word_1_332' title='bbox 1067 3006 1094 3033; x_wconf 87' lang='lat' dir='ltr'>a</span> <span class='ocrx_word' id='word_1_333' title='bbox 1121 2993 1173 3034; x_wconf 91' lang='lat' dir='ltr'>T.</span> <span class='ocrx_word' id='word_1_334' title='bbox 1205 2992 1259 3032; x_wconf 76' lang='lat' dir='ltr'>R.</span> <span class='ocrx_word' id='word_1_335' title='bbox 1290 2992 1338 3032; x_wconf 79' lang='lat' dir='ltr'>P.</span> <span class='ocrx_word' id='word_1_336' title='bbox 1358 2991 1512 3042; x_wconf 83' lang='lat' dir='ltr'>uenia,</span> <span class='ocrx_word' id='word_1_337' title='bbox 1536 2991 1584 3031; x_wconf 88' lang='lat' dir='ltr'>in</span> <span class='ocrx_word' id='word_1_338' title='bbox 1605 3002 1858 3031; x_wconf 87' lang='lat' dir='ltr'>numerum</span> 
     </span>
    </p>
   </div>
  </div>
 </body>
</html>
