2047 3179
220 161 292 199 470
747 162 975 200 LITTERAE
993 174 1351 207 QUADmMEsTREs

222 258 503 299 commissae
521 259 866 300 confessionem
883 272 1158 312 expressam
1171 260 1347 310 habuit,
1368 266 1416 301 ut
1433 262 1582 301 nostri
1597 261 1751 302 Patris
1768 265 1866 304 ani-

223 341 349 370 mum
385 330 444 370 ad
482 331 840 371 ardentissimae
871 331 1060 382 pietatis
1090 331 1295 371 studium
1322 331 1599 383 adduceret,
1630 334 1859 374 excitaret

223 401 615 453 accenderetque3
654 402 731 453 qui
765 403 917 442 leuem
953 403 994 442 ei
1028 402 1385 453 poenitentiam,
1428 403 1485 443 ob
1525 404 1862 454 grauissimum

222 472 374 512 morbi
403 473 586 524 pondus
618 474 876 525 imponens,
902 473 1135 523 pollicitus
1163 479 1232 513 est
1252 474 1499 525 nonnulla,
1530 486 1616 526 pro
1646 475 1861 526 augenda

221 544 522 594 poenitentia,
562 544 795 584 sacrificia
831 555 880 583 se
915 543 1016 583 Deo
1050 545 1329 584 oblaturum.
1367 544 1519 595 Quam
1551 539 1730 586 obrem
1765 547 1864 597 ipse

222 622 460 665 aegrotus,
485 615 604 655 actis
625 615 809 665 gratiis,
833 615 979 666 petita
1001 615 1213 655 oratione
1243 615 1408 667 suique
1437 617 1677 665 memoria,
1710 617 1863 669 ipsum

224 698 364 737 quam
381 685 675 726 familiariter
697 687 965 737 amplexum
986 685 1402 737 deosculatumque
1430 687 1590 727 uoluit.
1623 687 1697 728 Ad
1728 700 1865 739 quem

226 756 361 796 Pater
382 763 556 807 noster,
582 769 681 797 rem
702 756 910 797 diuinam
930 757 1155 808 facturus,
1185 758 1320 809 eique
1351 756 1664 809 depostulanti
1687 758 1863 800 Christi

224 839 394 879 corpus
429 828 889 879 subministraturus,
922 834 1086 880 postea
1119 839 1336 868 reuersus
1373 834 1456 868 est.
1493 829 1632 869 Vnde
1666 831 1731 870 illi
1764 837 1861 871 tam

222 899 375 939 subita
399 911 453 939 ac
476 900 717 951 repentina
743 899 963 951 profluxit
985 900 1195 948 mutatio,
1221 906 1270 939 ut
1304 900 1382 940 illa
1404 899 1551 940 diuini
1573 901 1696 941 vatis
1717 903 1862 942 canti-

224 972 330 1010 lena
357 971 402 1010 in
438 982 542 1011 eum
572 971 814 1022 aptissime
845 977 1096 1023 competat:
1131 971 1458 1019 renouabitur,
1490 976 1542 1011 ut
1572 973 1776 1025 aquilae,
1799 973 1867 1013 z'u-

225 1045 404 1082 uentus
438 1046 537 1082 lucz.
567 1042 686 1082 Nam
717 1054 854 1094 quem
884 1044 984 1094 ipse
1012 1041 1165 1083 Deum
1198 1046 1338 1095 paulo
1380 1052 1488 1086 ante
1524 1045 1865 1096 uituperatione

226 1114 361 1153 foeda
398 1113 644 1164 affecisset,
677 1126 801 1154 nunc
824 1114 1018 1154 summis
1046 1121 1089 1154 et
1120 1116 1416 1156 creberrimis
1442 1117 1657 1157 laudibus
1679 1117 1890 1156 extolles

225 1184 303 1224 bat
324 1196 379 1225 ac
402 1185 686 1225 cumulabat.
712 1185 923 1225 Tandem
945 1197 1049 1225 cum
1072 1186 1166 1225 iam
1187 1187 1332 1227 tactui
1354 1187 1470 1228 dura
1493 1199 1600 1227 ossa
1626 1188 1744 1239 pelle
1765 1188 1865 1227 sola

224 1255 387 1296 induta
410 1257 736 1307 adhaererent,
762 1258 886 1298 facto
911 1270 937 1297 a
961 1257 1100 1298 Patre
1121 1269 1258 1298 sacro
1280 1258 1336 1298 de
1358 1259 1591 1299 dominica
1623 1259 1864 1308 Passione‚

227 1328 538 1380 precibusque
560 1340 644 1380 pro
681 1329 778 1369 eius
814 1328 1118 1380 dispositione
1141 1342 1166 1369 a
1187 1330 1322 1370 nobis
1346 1330 1560 1370 omnibus
1594 1330 1715 1380 latis,
1740 1330 1863 1369 intra

227 1399 463 1439 modicum
484 1406 682 1452 tempus,
709 1407 1002 1452 assumptum
1023 1400 1238 1452 spiritum
1256 1412 1341 1441 suo
1360 1400 1572 1442 Creatori
1593 1401 1808 1441 reddidit.

311 1470 514 1512 Plurima
550 1478 594 1511 et
628 1472 762 1511 uaria
794 1479 1098 1522 aegrotorum
1127 1483 1319 1523 genera,
1349 1473 1691 1524 nonnullosque
1719 1473 1766 1513 in
1789 1484 1864 1512 cu-

227 1542 379 1582 stodia
401 1543 588 1594 publica
609 1543 839 1594 detentos,
864 1543 1028 1584 Patres
1049 1544 1201 1584 nostri
1221 1543 1489 1595 frequenter
1509 1544 1736 1593 inuisunt,
1762 1544 1868 1583 edo-

226 1621 348 1664 cent,
383 1615 687 1654 consolantur
724 1620 877 1666 atque,
917 1614 1213 1655 confessione
1239 1614 1412 1665 audita,
1437 1615 1483 1654 in
1506 1615 1672 1666 spiritu
1701 1614 1866 1654 confir-

226 1691 370 1725 mant.
394 1685 519 1725 Inter
541 1698 658 1737 quos
680 1686 869 1737 quidam
888 1686 1134 1726 cuiusdam
1155 1686 1349 1726 Comitis
1378 1686 1513 1737 filius,
1536 1697 1631 1725 vna
1653 1697 1760 1725 cum
1781 1697 1867 1725 sua

226 1768 390 1808 uxore,
423 1764 814 1797 connumeratum
844 1757 1086 1808 habemus,
1110 1757 1188 1809 qui
1209 1758 1549 1798 confessarium
1571 1768 1630 1797 ex
1650 1756 1868 1796 Patribus

225 1829 401 1869 nostris
423 1829 611 1869 domum
633 1836 844 1869 nostram
866 1829 1132 1880 quaesitum
1152 1829 1291 1869 misit.

307 1899 487 1940 Eodem
517 1900 722 1941 subsidio
754 1901 1037 1941 xenodochii
1066 1900 1237 1941 infirmi
1265 1900 1696 1951 communicantur;
1738 1900 1870 1939 cuius

227 1972 572 2023 pergratissimi
594 1972 733 2012 studii
770 1973 1114 2012 commendatio
1142 1973 1465 2024 praefectuum
1487 1971 1769 2011 xenodochii
1801 1983 1873 2010 ar-

227 2043 500 2083 dentissimo
545 2044 591 2083 in
636 2055 723 2083 nos
754 2044 910 2084 animo
957 2043 1072 2083 satis
1115 2055 1347 2095 superque
1392 2049 1552 2095 aperte
1585 2043 1868 2092 declaratur;

228 2114 400 2166 quippe
423 2115 500 2166 qui
522 2115 723 2166 aliquem
754 2127 812 2154 ex
833 2115 1007 2154 nostris
1029 2113 1260 2164 Patribus,
1292 2114 1371 2166 qui
1394 2114 1601 2164 aegrotis
1624 2113 1870 2153 exhortan-

229 2185 315 2236 dis,
339 2186 650 2226 sacramentis
674 2185 1074 2236 administrandis,
1098 2185 1295 2226 mortuis
1325 2186 1564 2237 sepultura
1597 2184 1868 2234 afficiendis,

227 2257 465 2297 nonnullis
499 2258 657 2309 pueris
693 2257 907 2298 doctrina
943 2257 1070 2297 tenui
1101 2264 1145 2297 et
1182 2257 1315 2297 bonis
1354 2256 1559 2296 moribus
1588 2256 1868 2306 imbuendis,

227 2334 468 2379 praeesset
506 2329 884 2380 persisteretque,
922 2336 1021 2368 tota
1061 2329 1346 2379 cogitatione
1381 2328 1642 2379 cupiebant.
1683 2326 1785 2377 Qua
1815 2326 1871 2366 de

226 2411 277 2440 re
294 2399 606 2440 P.Rectorem
630 2399 638 2419 ¹
662 2407 947 2440 conuentum
965 2400 1240 2449 habuerunt,
1257 2405 1522 2439 asserentes
1540 2399 1679 2449 (ultra
1696 2397 1869 2437 uberri-

229 2483 356 2511 mum
385 2471 590 2512 fructum
612 2472 669 2511 ab
691 2483 746 2511 eo
768 2471 906 2511 Patre
928 2471 1134 2521 aegrotis
1154 2471 1404 2522 puerisque
1428 2470 1490 2509 ibi
1512 2468 1870 2520 expectandum)

230 2554 423 2583 causam
457 2543 599 2583 etiam
634 2543 783 2582 nostri
822 2542 1137 2594 amplificandi
1171 2548 1310 2593 atque
1337 2539 1653 2591 locupletandi
1688 2538 1873 2589 collegii

230 2613 337 2654 inde
354 2614 609 2654 maximam
632 2613 922 2654 effluxuram.
947 2613 1125 2664 Quibus
1146 2613 1294 2653 nostri
1315 2611 1493 2662 Patres,
1518 2618 1648 2651 tuum
1664 2611 1873 2650 animum

230 2691 581 2736 pernoscentes,
607 2697 697 2736 quo
720 2696 885 2725 seruos
912 2691 1018 2725 tuos
1034 2696 1124 2724 non
1142 2684 1206 2724 ita
1225 2683 1475 2724 adstrictos
1497 2688 1541 2722 et
1562 2687 1873 2733 aggrauatOS,

233 2755 315 2794 sed
337 2756 463 2796 omni
484 2756 566 2796 tali
587 2756 793 2807 pondere
814 2762 1110 2806 exoneratos,
1135 2754 1352 2806 omnique
1374 2751 1639 2794 huiusmodi
1660 2763 1773 2791 cura
1794 2763 1872 2791 ex-

233 2826 432 2877 peditOS,
449 2827 508 2866 ad
520 2826 674 2866 studia
689 2826 975 2866 uniuersalia
993 2825 1292 2876 conferenda,
1308 2824 1551 2876 possidere
1563 2824 1766 2863 maxime
1779 2826 1885 2861 stur

290 2983 297 3002 ¹
342 2983 377 3009 l‘.
394 2984 589 3017 Philippum
605 2983 724 3012 Fabri.
