2047 3179
887 130 967 166 AN.
999 129 1089 166 1555
1726 127 1797 163 477

164 230 263 280 des,
294 235 430 281 prout
459 229 525 269 eis
554 229 601 268 in
627 227 829 268 Domino
851 226 1004 266 uisum
1035 225 1098 264 ita
1127 231 1450 270 occurrerunt,
1475 230 1524 263 ut
1547 225 1678 274 plura
1701 235 1794 263 non

165 301 469 351 obloquentes
490 300 583 339 iam
603 310 726 338 nunc
748 298 812 348 (ut
833 296 1014 348 opinor)
1033 295 1384 346 conquiescant.

244 370 406 410 Patres
442 371 631 421 insuper
658 370 705 409 in
739 368 910 418 templo
940 376 1298 412 conuersarum,
1342 366 1458 404 alter
1493 364 1796 404 concionibus

166 441 328 481 diebus
363 442 531 490 sacris,
567 446 761 492 uterque
800 439 942 479 etiam
977 443 1380 476 sacramentorum
1416 434 1672 474 ministerio
1710 441 1798 474 stu-

167 512 293 552 dium
315 523 597 563 operamque
620 511 826 551 sedulam
849 508 1136 559 impendunt:
1174 518 1319 558 eoque
1337 506 1512 545 factum
1542 512 1611 545 est
1632 511 1681 544 ut
1702 506 1796 556 plu-

167 583 286 633 rimi,
316 582 578 633 frequentia
607 592 781 630 eorum,
815 592 842 620 a
870 578 1083 619 lethifero
1117 577 1311 617 crimine
1340 576 1552 616 reuocati
1580 576 1792 616 fuissent.

167 654 263 694 Nec
298 653 567 703 ambiguum
597 661 665 693 est
702 652 856 701 nobis,
889 651 999 701 quin
1029 649 1193 689 Patres
1228 648 1336 688 huic
1376 647 1555 687 ciuitati
1589 647 1792 686 fructum

167 724 432 764 uberiorem
462 723 652 770 ferrent,
691 723 729 762 si
764 722 922 773 templi
957 719 1267 761 commoditas
1295 719 1428 758 nobis
1463 724 1585 758 esset
1621 718 1795 757 oblata.

169 794 305 845 Quod
322 794 507 845 quidem
528 795 631 845 pari
652 794 847 843 ratione,
871 799 967 832 tum
989 791 1256 841 coniugata,
1278 797 1375 829 tum
1393 789 1538 828 libera
1559 788 1799 828 hominum

166 865 423 916 frequentia
447 866 738 905 continenter
761 864 941 911 asserit,
966 863 1097 902 cuius
1114 860 1433 901 confessiones
1456 860 1667 911 proxime
1690 870 1796 898 exa·

169 944 243 977 cto
273 937 449 987 pascha
478 937 663 976 auditas
692 936 853 975 Patres
880 934 1028 974 nostri
1062 933 1338 973 habuerunt:
1371 932 1401 971 ii
1433 932 1678 971 honestam
1712 930 1798 981 (in-

171 1007 359 1059 quiunt)
388 1007 702 1046 familiaritem
730 1006 788 1046 ad
815 1005 1005 1057 spiritus
1035 1010 1337 1055 augmentum
1358 1009 1402 1042 et
1432 1002 1700 1042 firmitatem
1721 1001 1799 1040 ha·

169 1079 377 1118 buissent
407 1078 649 1117 nobiscum
680 1082 985 1125 contractam,
1019 1075 1056 1115 si
1086 1086 1169 1126 per
1200 1074 1359 1125 templi
1382 1073 1688 1125 aptitudinem
1711 1072 1800 1112 sibi

169 1149 343 1189 liceret.
369 1148 714 1188 Conuersarum
741 1159 940 1198 namque
968 1156 1131 1185 sacras
1154 1145 1308 1194 aedes,
1333 1150 1377 1184 et
1405 1143 1733 1195 appellationis
1756 1148 1801 1182 et

129 1241 132 1244 -
169 1220 284 1260 situs
302 1230 460 1267 eausa,
485 1219 691 1270 plerique
713 1218 965 1258 abhorrent
996 1228 1050 1256 ac
1079 1216 1385 1256 detestantur.
1419 1214 1620 1265 Quidam
1642 1222 1801 1253 tamen

168 1291 375 1331 existunt
411 1289 747 1338 adolescenteS,
781 1289 858 1340 qui
885 1295 1044 1328 nostra
1068 1287 1329 1339 spiritualia
1352 1286 1505 1326 studia
1527 1291 1812 1326 constanter·

175 1368 379 1402 seruant.

251 1432 346 1472 Nos
375 1432 551 1482 (Pater)
582 1434 735 1472 locum
769 1431 1122 1482 inuestigantes,
1154 1441 1386 1469 summam
1417 1428 1705 1479 diligentiam
1727 1427 1808 1466 hu-

171 1515 345 1555 cusque
368 1504 663 1543 contulimus.
685 1502 775 1543 Sed
793 1502 907 1554 proh
925 1502 1076 1542 dolor!
1096 1501 1216 1552 Quid
1235 1501 1358 1541 inde?
1376 1500 1674 1550 inuigilatum
1695 1510 1809 1538 sane

171 1575 300 1624 satis3
338 1574 673 1624 inuestigatum
700 1585 811 1613 uero
847 1573 1172 1624 nequicquam.
1211 1571 1508 1623 Quapropter
1543 1570 1685 1621 aliqui
1721 1581 1809 1609 nos

170 1646 462 1686 reuocandos
481 1645 853 1694 extimescentes,
869 1644 914 1684 id
932 1643 1336 1695 pergratissimum
1355 1642 1570 1682 daemoni
1587 1641 1686 1681 fore
1699 1652 1808 1681 con-

173 1723 419 1766 testantur,
445 1717 523 1768 qui
546 1722 755 1755 nostrum
776 1715 850 1754 hic
872 1713 1277 1766 pernecessarium
1298 1724 1597 1765 pernoscens,
1623 1712 1680 1752 ab
1704 1712 1806 1763 ipso

173 1794 364 1828 nostrae
387 1787 736 1827 aduentationis
758 1786 903 1833 initio,
937 1786 1185 1836 collegium
1212 1785 1336 1825 istud
1364 1784 1628 1824 disturbare
1657 1795 1712 1823 ac
1741 1783 1804 1823 di<

174 1871 310 1899 ruere
332 1865 427 1898 toto
448 1858 561 1898 nixu
598 1859 798 1897 luctatus
832 1864 913 1896 est.
950 1856 1138 1908 Aliquid
1164 1863 1322 1895 tamen
1353 1855 1578 1904 obtinere,
1615 1861 1659 1894 et
1687 1866 1810 1894 nunc

173 1930 425 1982 praecipue
447 1928 696 1978 (mitissimi
717 1928 826 1981 Jesu
848 1928 1092 1978 auspicio),
1117 1926 1402 1978 sperandum
1425 1933 1508 1966 est.

253 2001 520 2041 Conuersae
554 1999 739 2039 interim
766 1999 992 2038 moniales
1031 2010 1080 2038 se
1115 1999 1161 2037 in
1199 1997 1445 2038 Societatis
1484 2003 1673 2037 nostrae
1712 2007 1809 2036 mo-

175 2072 302 2112 ribus
324 2071 812 2121 meditationibusque,
837 2070 1026 2110 admota
1050 2068 1240 2109 Pati-um
1263 2080 1420 2119 opera,
1445 2073 1682 2118 exercent,
1708 2079 1802 2107 ma-

175 2154 412 2194 gnumque
434 2153 739 2193 progressum
765 2140 954 2180 faciunt.
987 2140 1131 2181 Cuius
1154 2140 1220 2179 rei
1248 2139 1561 2179 indubitatum
1581 2139 1808 2178 habemus

177 2221 521 2265 argumentum,
560 2212 683 2264 quod
717 2212 836 2251 inter
864 2212 955 2251 alia
985 2211 1199 2262 plurima,
1234 2210 1355 2250 unde
1378 2209 1668 2250 salutiferum
1697 2209 1804 2248 licet

177 2296 392 2336 promere
414 2284 691 2334 exemplum,
714 2282 827 2322 illud
847 2283 893 2322 in
914 2282 1077 2333 primis
1106 2282 1382 2322 adnotatum
1405 2281 1654 2330 uoluimus,
1687 2280 1813 2331 quod

178 2367 400 2406 magnam
436 2361 647 2405 segetem
676 2360 720 2393 et
748 2353 993 2393 materiam
1021 2360 1211 2392 nostrae
1246 2352 1500 2404 spiritualis
1532 2351 1812 2391 aedificatio-

184 2427 259 2466 nis
280 2426 451 2465 habere
472 2425 671 2464 uidetur.
692 2424 807 2464 Cum
829 2424 969 2475 igitur
990 2423 1267 2475 quibusdam
1291 2435 1349 2463 ex
1370 2423 1436 2462 eis
1458 2421 1813 2472 aegrotantibus

185 2497 354 2537 medici
370 2497 545 2536 nullam
565 2495 847 2547 sponderent
868 2496 1080 2543 salutem,
1113 2495 1202 2534 nisi
1232 2494 1522 2534 habitatione
1552 2493 1630 2533 illa
1659 2503 1813 2543 egres-

190 2569 269 2617 sis,
294 2567 587 2607 exhilarandi
617 2567 760 2606 animi
785 2566 939 2617 gratia
967 2578 1071 2606 cum
1103 2565 1470 2616 consanguineis
1495 2565 1671 2616 aliquot
1692 2576 1816 2604 men-

191 2651 265 2679 ses
286 2639 601 2678 conuiuerent:
625 2649 822 2689 cumque
844 2643 941 2677 tum
977 2637 1200 2688 temporis
1229 2636 1368 2677 Pater
1387 2635 1578 2685 Rector,
1603 2635 1681 2686 qui
1701 2634 1816 2674 nihil

185 2710 241 2750 ob
264 2710 309 2749 id
331 2709 493 2761 pericli
515 2709 755 2749 imminere
784 2708 1209 2757 animaduertisset,
1241 2708 1297 2748 ab
1320 2708 1484 2748 iisdem
1512 2707 1708 2746 libenter
1738 2717 1814 2745 ex-

190 2781 310 2821 irent
330 2792 476 2820 necne
500 2780 776 2832 quaesisset,
801 2779 929 2830 ipsae
950 2791 1044 2819 vno
1069 2791 1147 2818 ore
1170 2779 1297 2819 Patri
1315 2786 1475 2818 nostro
1494 2778 1813 2829 obloquentes,

185 2851 452 2892 mortalium
481 2851 626 2891 uitam
653 2850 805 2890 Deum
838 2862 981 2901 penes
1008 2861 1125 2899 esse,
1157 2862 1350 2900 eamque
1379 2849 1644 2899 (dummodo
1678 2860 1816 2900 expe-

187 2922 298 2970 diat)
329 2921 415 2962 sibi
445 2922 749 2972 elargiturum
779 2921 844 2961 eis
872 2927 1116 2961 aestuante
1155 2920 1319 2972 spiritu
1360 2926 1651 2960 contestatae
1688 2927 1813 2961 sunt.
