2047 3179
829 167 912 204 Ax.
944 167 1034 204 1555
1686 167 1753 205 631

122 263 318 303 tantium
352 263 615 304 inuisuntur
648 264 863 315 hospitia.
899 263 1075 304 Diebus
1107 264 1352 304 dominicis
1379 264 1435 303 ad
1474 263 1754 303 audiendam

123 333 384 374 doctrinam
408 335 715 375 christianam
735 335 1016 375 conueniunt
1039 336 1195 386 plures
1213 346 1355 385 quam
1371 345 1576 385 vnquam
1598 340 1751 383 antea;

124 403 327 444 arbitror
348 405 444 445 fere
467 406 761 457 octingentos
783 412 861 446 aut
889 411 1155 457 nongentos
1182 405 1311 444 viros
1339 405 1468 444 hisce
1499 404 1661 444 diebus
1690 405 1754 444 in-

123 475 340 514 terfuisse
369 476 598 516 concioni.
629 476 796 516 Paucis
823 475 992 516 abhinc
1025 475 1185 515 diebus
1214 475 1336 515 bona
1365 474 1755 514 scholasticorum

123 556 234 596 pars
256 557 361 585 cum
384 546 616 597 aliquibus
637 547 740 587 aliis
763 547 963 587 orationi
988 554 1162 586 vacant
1184 547 1379 597 singulis
1397 545 1574 595 diebus,
1595 551 1756 596 estque

121 615 212 655 illis
238 616 283 655 in
311 618 483 656 sacello
513 617 729 668 signatus
758 618 904 668 locus,
938 624 982 657 et
1012 617 1128 657 hora
1156 617 1464 668 praescripta:
1496 628 1519 655 e
1540 615 1757 655 Patribus

122 697 242 726 vnus
263 687 518 728 meditandi
539 689 785 729 materiam
804 688 1032 739 suggerit:
1063 699 1308 739 speramus
1334 687 1536 727 fructum
1565 687 1756 726 vberem

123 756 169 796 in
189 756 392 797 Domino
415 759 779 810 percipiendum.

201 827 343 868 Hisce
360 828 524 869 diebus
541 830 717 881 aliquot
732 836 839 870 sunt
856 829 914 870 ad
932 829 1216 870 Societatem
1235 829 1442 878 admissi;
1465 829 1598 868 multi
1614 828 1754 868 etiam

123 898 170 938 in
190 899 478 949 spiritalibus
499 911 549 939 se
574 909 841 949 exercuere;
867 907 974 940 sunt
996 900 1136 940 etiam
1162 899 1254 949 alii,
1278 911 1371 939 non
1394 899 1579 950 quidem
1600 899 1755 950 pauci,

123 980 322 1020 quorum
350 970 436 1021 piis
468 971 590 1011 votis
618 972 862 1023 nequimus
891 972 1047 1012 facere
1079 972 1210 1012 satis.
1241 970 1495 1012 Confirmet
1528 970 1758 1010 Dominus

124 1046 385 1091 augeatque
404 1042 530 1081 vires
551 1043 717 1083 mentis
739 1050 782 1083 et
800 1043 1026 1094 corporis,
1051 1048 1101 1082 vt
1118 1042 1327 1082 Vniuersi
1343 1042 1492 1081 nostri
1508 1041 1694 1081 labores
1710 1041 1757 1080 in

122 1111 268 1162 ipsius
292 1112 491 1162 gloriam
522 1112 690 1153 cedant
717 1120 761 1153 et
789 1113 1030 1154 honorem.
1063 1112 1198 1164 Quod
1218 1118 1270 1152 vt
1290 1111 1385 1162 fiat,
1409 1111 1758 1163 precationibus

123 1181 214 1221 tuis
250 1181 472 1231 assiduis,
510 1190 607 1223 tum
637 1184 779 1223 etiam
805 1183 997 1224 Patrum
1026 1195 1081 1223 ac
1116 1184 1314 1224 fratrum
1349 1183 1618 1234 suppliciter
1647 1181 1756 1233 peti-

123 1264 227 1292 mus
249 1253 476 1294 adiuuari.

203 1323 436 1375 Corduba,
459 1324 483 1363 3
504 1336 653 1365 nonas
676 1323 962 1376 Septembris
983 1336 1105 1365 anno
1128 1323 1316 1364 Domini
1341 1324 1456 1364 1555.

282 1394 505 1446 Indignus
527 1402 635 1436 tuus
654 1395 776 1436 filius
799 1407 853 1436 ac
871 1396 1047 1436 invtilis
1069 1407 1236 1436 servus
1259 1396 1305 1435 in
1326 1394 1547 1443 Domino,

531 1466 602 1506 Ex
623 1467 951 1507 commissione
972 1466 1125 1506 Patris
1148 1465 1398 1516 Gonzalez‚

1198 1606 1230 1658 †
1250 1607 1490 1648 AZEUEDO.
1515 1607 1546 1658 †

204 1821 265 1860 In
287 1825 488 1872 utroque
516 1821 826 1872 apographo:

208 1891 562 1943 Superscm‘ptl'o
599 1892 648 1931 sn
684 1895 857 1943 quarta
886 1892 1096 1942 pagina:
1130 1892 1227 1945 Jhs.
1272 1891 1540 1932 Admodum
1568 1891 1669 1931 R.d0
1712 1891 1759 1931 in

125 1961 313 2003 Christo
331 1962 475 2013 Patri,
499 1963 562 2003 Ρ.ί
590 1962 761 2003 Nostro
780 1962 1008 2013 Magistro
1031 1962 1228 2013 Ignatio,
1246 1963 1520 2014 Praeposito
1538 1962 1760 2003 Generali

124 2031 374 2074 Societatis
391 2034 502 2088 Jesu
525 2040 630 2083 etc.,
654 2034 845 2074 Romae.

203 2104 315 2144 Alia
335 2117 497 2145 manu:
523 2106 637 2145 1555.
663 2104 895 2145 Corduba.
921 2104 1300 2155 Quadrimestres
1321 2105 1360 2144 3.
1384 2105 1501 2146 Non.
1523 2104 1756 2156 Septemb.

217 2175 478 2227 Vestz‘gz'mn
500 2186 632 2215 cerae
653 2174 826 2226 sigilli.
