2047 3179
217 118 262 157 74
732 119 960 159 memss
979 130 1339 164 QUADRIMESTRES

940 571 1135 627 CCCX

288 799 338 837 N.

332 867 455 903 Patri
477 867 644 914 Ignatio
666 867 718 903 de
740 866 923 914 Loyola.

379 932 663 970 Salmantica.
684 932 726 970 31
753 932 944 980 Augusti
966 933 1057 970 1554
1077 933 1101 968 ¹.

1020 1125 1051 1146 -l-

985 1150 1093 1220 Ilius

434 1357 600 1399 Gratia
618 1365 662 1399 et
683 1370 778 1411 pax
798 1358 873 1399 X.i
898 1359 1143 1399 nobiscum
1165 1358 1224 1398 sit
1245 1368 1444 1409 semper.
1467 1357 1634 1397 Amen.

289 1429 441 1470 Tanta
463 1436 556 1481 est,
580 1429 681 1470 R.de
713 1429 781 1481 P.,
805 1441 920 1481 erga
941 1429 1301 1471 Sanctissimum
1325 1428 1534 1479 deuotio,
1565 1434 1609 1469 et
1631 1427 1851 1468 confiten-

203 1501 321 1541 tium
336 1513 560 1542 numerus
581 1513 729 1554 usque
751 1501 868 1542 adeo
891 1507 961 1542 est
995 1501 1120 1553 apud
1154 1512 1240 1541 nos
1268 1500 1509 1552 frequens,
1538 1505 1588 1540 ut
1616 1499 1704 1539 hoc
1728 1498 1849 1539 festo

202 1572 596 1614 Natalis-Domini
617 1573 805 1614 circiter
833 1573 1076 1625 quingenti
1102 1584 1289 1613 sacram
1320 1571 1613 1623 susceperint
1645 1582 1851 1611 commu-

203 1645 405 1695 nionem,
429 1646 574 1686 multo
595 1646 753 1697 plures
773 1644 913 1686 dubio
930 1645 1094 1697 procul
1115 1644 1400 1696 suscepturi,
1424 1643 1515 1684 nisi
1537 1642 1849 1683 confessario-

206 1728 311 1757 rum
337 1723 630 1768 nostrorum,
661 1717 786 1769 quod
808 1717 949 1769 pauci
981 1716 1056 1757 hic
1085 1716 1357 1757 sacerdotes
1388 1715 1558 1765 simus,
1593 1714 1851 1755 obstitisset

200 1789 376 1840 inopia,
389 1795 529 1840 atque
541 1788 839 1840 potissimum
851 1788 976 1840 quod
988 1788 1210 1840 temporis
1223 1788 1454 1828 breuitate
1468 1786 1845 1832 excluderentur;

202 1859 367 1901 diebus
389 1861 560 1900 etenim
582 1860 866 1912 praeteritae
892 1859 1292 1911 septuagesimae,
1323 1859 1436 1911 quin
1464 1858 1630 1898 deinde
1658 1863 1850 1909 propter

201 1931 455 1972 iubilaeum
476 1931 505 1983 ²,
525 1932 648 1972 mille
669 1938 714 1972 et
735 1931 980 1983 quingenti
1000 1938 1046 1971 et
1068 1942 1122 1971 eo
1145 1932 1302 1983 plures
1323 1930 1447 1982 apud
1464 1941 1551 1970 nos
1568 1929 1624 1970 de
1641 1929 1850 1981 peccatis

203 2003 409 2044 confessi
440 2004 619 2055 pariter
654 2009 698 2044 et
728 2003 1060 2044 communicati
1101 2003 1308 2053 fuerunt,
1347 2013 1546 2054 quorum
1581 2013 1674 2041 non
1710 2001 1849 2052 pauci

202 2075 358 2115 adhuc
371 2075 418 2115 in
436 2075 665 2126 oratione,
682 2080 726 2115 et
742 2075 1006 2126 gratiarum
1024 2075 1222 2125 actione,
1237 2074 1540 2126 poenitentia,
1557 2080 1601 2113 et
1617 2072 1849 2112 fractione

203 2147 339 2197 panis
373 2152 700 2198 perseuerant,
732 2146 778 2186 id
813 2158 919 2186 cum
946 2145 1073 2186 Vitae
1108 2145 1442 2186 reformatione
1474 2146 1713 2196 multoque
1743 2155 1850 2184 cum

200 2218 358 2258 fructu
374 2218 621 2269 spirituali.
644 2217 841 2269 Saepius
864 2217 1131 2269 quindecim
1152 2217 1418 2258 huiusmodi
1440 2216 1760 2268 spiritualibus
1782 2216 1849 2255 la-

205 2289 395 2330 boribus
414 2289 579 2330 intenti
596 2300 772 2339 sumus
791 2300 941 2341 neque
960 2289 1121 2329 diebus
1139 2288 1320 2329 festiuis
1337 2289 1502 2339 solum,
1523 2299 1687 2328 uerum
1709 2287 1850 2328 etiarn

241 2476 251 2496 ἱ
291 2477 540 2512 Apographum
556 2476 588 2503 in
604 2476 730 2510 duplici
749 2476 840 2508 folio,
858 2483 914 2502 nn.
932 2475 986 2503 315
1000 2479 1033 2502 et
1047 2474 1229 2503 316.—Has
1246 2476 1394 2509 litteras,
1412 2478 1511 2507 prout
1525 2474 1557 2502 in
1569 2474 1633 2501 hoc
1649 2473 1849 2507 apographo

202 2529 292 2559 sunt,
309 2525 399 2553 haud
416 2530 541 2552 temere
558 2525 631 2559 quis
654 2524 822 2560 judicabit
838 2523 965 2551 Romae
979 2524 1095 2556 fuisse.
1111 2528 1147 2551 ut
1163 2531 1265 2558 saepe
1282 2523 1355 2551 fieri
1371 2523 1511 2552 solebat.
1535 2521 1742 2556 compositas
1758 2525 1792 2548 et
1809 2529 1847 2547 ex

206 2581 288 2601 vere
304 2573 621 2607 quadrimestribus.
637 2576 670 2599 et
686 2572 821 2607 quidem
837 2571 924 2599 binis
939 2576 998 2599 aut
1014 2572 1132 2605 ternis,
1160 2572 1337 2599 conflatas.
1364 2570 1426 2598 Est
1449 2571 1536 2598 enim
1558 2570 1590 2597 in
1608 2569 1660 2596 his
1676 2576 1786 2596 sermo
1809 2569 1849 2595 de

195 2623 296 2657 sesto
310 2620 456 2648 Natalis
474 2621 619 2647 Domini
633 2620 712 2647 anni
732 2619 808 2653 1553,
824 2627 899 2647 cum
915 2624 1030 2646 tamen
1044 2620 1147 2647 datae
1164 2619 1232 2647 sint
1248 2627 1363 2647 mense
1379 2619 1538 2654 Augusto
1554 2617 1633 2645 1554.

261 2669 275 2688 ²
314 2669 442 2696 Latere
456 2669 509 2696 hic
526 2669 664 2696 videtur
678 2669 775 2702 origo
790 2668 881 2695 illius
898 2667 1157 2701 redundantiae,
1174 2675 1275 2702 quam
1290 2668 1323 2695 in
1345 2667 1495 2694 pomum
1509 2666 1721 2699 narratione,
1748 2665 1847 2692 Chro-

210 2718 325 2749 nicom,
339 2721 362 2744 t.
379 2724 424 2747 xv.
441 2724 510 2751 pag
541 2717 604 2750 375,
629 2724 663 2743 n.
689 2716 751 2751 802,
773 2715 1097 2749 animadvertimus;
1122 2723 1302 2750 perperam
1325 2715 1485 2743 videlicet
1508 2714 1647 2741 Polanci
1670 2713 1850 2741 librarium

206 2765 261 2793 hic
278 2765 402 2800 legisse
418 2765 622 2799 qucndecim
635 2772 697 2799 pro
712 2764 797 2798 quin
813 2764 956 2791 deinde.
978 2763 1071 2797 Quod
1087 2764 1115 2792 si
1130 2765 1179 2792 ita
1195 2769 1257 2796 est,
1272 2765 1456 2791 verborum
1471 2762 1611 2790 Polanci
1633 2769 1764 2793 sensus,
1788 2761 1847 2788 ha-

205 2821 282 2840 rum
297 2813 477 2840 literarum
494 2812 606 2840 sensui
623 2812 816 2847 conformis,
833 2812 899 2840 erit
915 2818 951 2839 ut
966 2813 1130 2847 sequitur:
1147 2811 1292 2839 “Diebus
1316 2815 1432 2838 autem
1446 2808 1732 2844 septuagesimae,
1749 2813 1782 2836 et
1798 2816 1851 2836 se-

202 2862 386 2897 quentibus
402 2862 603 2896 quindecim,
619 2868 693 2889 cum
707 2861 895 2895 jubilaeum
911 2861 955 2888 ibi
971 2861 1208 2895 praedicatum
1223 2860 1405 2892 suisset...„
1418 2859 1454 2886 In
1468 2859 1540 2886 loco
1554 2862 1669 2885 autem
1686 2857 1846 2884 Chrom'cz

208 2911 330 2943 citato,
346 2911 377 2938 in
394 2914 512 2937 annot.
531 2910 556 2943 2,
574 2909 708 2943 corrige
725 2909 858 2936 foedum
883 2908 1093 2944 typographi
1117 2908 1275 2936 mendum
1296 2907 1548 2941 quindecimus
1564 2910 1597 2932 et
1615 2906 1725 2932 scribe
1749 2906 1848 2939 quin-

206 2959 338 2986 decim.
