2047 3179
221 166 269 204 25
740 168 969 206 LITTERAE
989 180 1353 213 QUADRIMESTRES

222 275 374 315 genus
395 265 691 316 compulerit,
724 266 842 306 duos
869 278 1054 319 quoque
1076 267 1361 318 sacerdotes,
1391 278 1592 319 quorum
1620 278 1774 307 mores
1812 279 1871 307 ac

224 335 322 375 vita
352 336 509 376 multis
543 337 666 377 male
693 337 885 378 viuendi
913 349 1078 379 ansam
1105 339 1406 390 praebebant,
1441 337 1595 388 coegit
1622 343 1688 389 vt,
1715 339 1874 378 missis

223 407 355 457 iocis,
380 407 582 458 choreis,
606 408 962 461 prophanisque
992 421 1048 450 ac
1069 410 1261 450 lasciuis
1287 408 1687 450 familiaritatibus
1714 415 1758 449 et
1780 411 1869 450 col-

224 478 417 530 loquiis,
461 479 682 530 religiose
727 480 958 520 viuerent.
1003 480 1179 521 Ibidem
1225 493 1408 533 quoque
1449 480 1694 521 dissidium
1733 481 1872 533 quod-

226 548 334 589 dam
356 550 450 590 iam
472 550 594 590 inter
616 556 799 602 patrem
821 558 864 591 et
885 551 1029 592 filium
1050 552 1300 604 quemdam
1329 553 1657 601 inueteratum,
1683 558 1726 592 et
1747 552 1872 603 quod

226 621 444 672 permulti
467 623 612 662 multo
634 628 844 674 tempore
864 622 1086 674 frangere
1106 624 1432 676 nequiuerant,
1453 623 1610 663 diuino
1633 623 1870 674 praesidio

228 692 373 732 multa
397 692 630 733 charitate
654 693 776 733 idem
797 699 931 745 pater
958 694 1212 746 extirpauit
1244 701 1383 745 atque
1412 693 1598 745 deleuit,
1633 705 1804 746 eosque
1826 695 1875 734 in

228 763 374 803 multa
399 776 515 815 pace
545 765 829 816 relinquens,
859 765 1069 817 pluribus
1096 772 1268 817 tamen,
1298 778 1392 806 non
1420 766 1520 805 sine
1548 777 1720 817 magno
1742 766 1872 818 spiri-

226 834 311 874 tali
330 834 537 886 foenore,
563 835 938 876 confessionibus
961 837 1146 886 auditis,
1181 838 1239 877 ad
1260 849 1346 877 nos
1373 848 1601 888 prospera
1623 848 1727 877 cum
1749 838 1874 878 vale-

228 905 388 946 tudine
410 906 561 947 rediit.

311 977 411 1017 Iam
433 989 565 1025 vero,
589 984 639 1018 vt
663 978 718 1018 de
740 978 827 1030 his,
851 979 929 1031 qui
952 980 999 1020 in
1020 981 1206 1032 publica
1229 979 1443 1020 custodia
1466 986 1785 1029 asseruantur,
1811 979 1876 1019 di-

229 1061 335 1089 cam
359 1049 552 1100 aliquid,
579 1050 854 1101 saepissime
875 1051 939 1091 illi
961 1063 988 1091 a
1009 1051 1285 1092 Reuerendo
1307 1058 1373 1103 pe
1396 1051 1652 1091 Laurentio
1672 1050 1698 1102 ¹,
1714 1057 1759 1091 et
1781 1052 1877 1103 qui-

229 1119 335 1160 dem
371 1120 641 1172 frequenter
677 1121 735 1161 ab
772 1120 940 1162 iisdem
973 1129 1161 1174 vocato,
1198 1123 1431 1173 visuntur,
1469 1122 1548 1163 vbi
1586 1123 1873 1170 concionari,

229 1190 558 1232 confessiones
588 1192 765 1243 audire,
795 1205 984 1234 sacram
1011 1194 1342 1235 administrare
1374 1193 1710 1234 eucharistiam
1738 1201 1877 1246 atque
1902 1232 1906 1235 .

229 1263 323 1303 alia
345 1263 597 1304 charitatis
614 1263 765 1304 officia
787 1270 1031 1316 praestare
1054 1265 1242 1306 assidue
1264 1265 1523 1306 consueuit.

316 1333 585 1375 Reuerendi
602 1347 716 1376 vero
733 1336 884 1387 patris
900 1337 1048 1377 nostri
1065 1349 1270 1389 operam,
1291 1347 1545 1388 numquam
1562 1342 1689 1377 certe
1711 1336 1878 1376 desunt

231 1406 324 1446 viri
347 1406 557 1458 plerique
580 1407 844 1457 clarissimi,
869 1408 947 1459 qui
974 1408 1133 1448 multis
1162 1409 1209 1448 in
1235 1408 1374 1448 rebus
1402 1408 1489 1459 piis
1510 1408 1768 1460 requirant.
1793 1407 1877 1447 Re-

232 1477 470 1518 uerendus
505 1478 644 1518 huius
678 1478 809 1519 vrbis
829 1478 1052 1519 Vicarius
1088 1479 1267 1531 primus
1302 1487 1394 1529 est,
1425 1479 1502 1531 qui
1540 1479 1618 1519 illo
1653 1479 1700 1519 in
1734 1478 1879 1519 refor-

233 1548 422 1589 mandis
451 1549 726 1590 monialium
754 1550 993 1590 coenobiis
1021 1550 1275 1602 plurimum
1305 1551 1467 1601 vtitur,
1501 1550 1581 1591 vbi
1601 1557 1671 1591 est
1700 1549 1884 1590 concio-

232 1626 372 1660 natus
398 1621 601 1672 saepius.
624 1621 682 1662 Et
703 1622 975 1662 monialium
997 1622 1180 1662 animos
1197 1622 1524 1674 spiritualibus
1541 1621 1778 1663 exercitiis
1794 1621 1882 1661 for-

232 1697 330 1731 mat
352 1698 495 1743 atque
522 1692 570 1732 in
598 1691 688 1733 Dei
714 1704 922 1734 amorem
954 1693 1226 1744 inflammat,
1264 1705 1427 1734 earum
1458 1693 1778 1734 confessiones
1806 1704 1884 1732 au—

232 1763 313 1814 dit,
337 1769 382 1803 et
407 1764 544 1815 plura
565 1776 671 1804 cum
693 1764 762 1804 eis
783 1764 1044 1816 spiritualia
1066 1765 1240 1816 munia,
1274 1776 1370 1805 non
1397 1765 1497 1805 sine
1526 1775 1700 1816 magno
1728 1764 1884 1804 fructu

232 1835 468 1887 spirituali
502 1841 546 1876 et
582 1835 669 1876 Dei
700 1836 854 1887 gloria
889 1842 1092 1887 exercet,
1133 1848 1224 1888 quo
1255 1836 1303 1876 fit
1332 1843 1383 1877 Vt
1412 1836 1459 1876 in
1488 1835 1767 1876 monialibus
1795 1835 1891 1875 illis

232 1917 409 1957 magna
431 1907 663 1958 quaedam
684 1908 891 1948 reluceat
913 1908 1242 1959 sanctimonia,
1269 1907 1392 1960 quod
1416 1907 1475 1948 ad
1492 1907 1719 1948 maiorem
1738 1907 1886 1947 nomi—

232 1978 305 2018 nis
325 1977 440 2031 Jesu
463 1979 666 2030 gloriam
689 1979 908 2020 omnibus
930 1979 1138 2031 quotidie
1161 1979 1209 2020 fit
1230 1979 1539 2020 manifestius
1566 1979 1887 2020 Concionatur

232 2054 487 2100 praeterea
514 2049 638 2090 idem
664 2056 797 2102 pater
826 2050 873 2091 in
905 2052 1076 2103 templo
1111 2057 1275 2091 nostro
1306 2050 1573 2103 praecipuis
1609 2050 1719 2090 anni
1752 2049 1884 2090 festis

236 2132 421 2161 summa
446 2133 553 2162 cum
574 2122 733 2174 populi
755 2122 1015 2162 attentione
1031 2134 1087 2163 ac
1104 2123 1273 2163 maiori
1292 2123 1557 2163 animarum
1574 2121 1743 2161 fructu.
1765 2119 1885 2161 Reli-

237 2191 340 2243 quis
370 2203 488 2233 vero
524 2192 656 2233 festis
691 2193 833 2234 Pater
866 2193 1166 2245 Laurentius,
1204 2200 1255 2234 vt
1289 2193 1549 2244 consueuit,
1589 2190 1688 2245 [eis]
1718 2191 1794 2244 qui
1826 2191 1886 2231 ad

238 2269 456 2304 nostrum
479 2265 728 2316 collegium
748 2264 958 2305 discendi
980 2276 1125 2305 causa
1148 2264 1392 2316 accedunt,
1418 2264 1727 2306 christianam
1743 2262 1886 2314 expli-

238 2340 316 2375 cat
354 2334 636 2386 doctrinam,
673 2347 763 2387 qua
793 2347 851 2376 ex
880 2348 930 2376 re
957 2336 1091 2388 pueri
1118 2336 1207 2389 ipsi
1235 2337 1439 2377 fructum
1474 2335 1766 2388 spiritualem
1793 2345 1887 2374 non

241 2407 577 2457 poenitendum
605 2407 848 2457 hauriunt,
880 2414 924 2448 et
950 2407 1215 2458 paratiores
1247 2407 1305 2448 ad
1333 2408 1495 2448 literas
1516 2405 1765 2448 discendas
1787 2404 1886 2445 red-

241 2477 430 2518 duntur.

319 2549 391 2599 Et,
418 2556 469 2590 vt
492 2561 647 2601 pauca
669 2550 725 2591 de
748 2550 1017 2591 domesticis
1035 2551 1205 2599 dicam,
1225 2550 1396 2591 fratres
1414 2550 1604 2603 quidam
1625 2548 1773 2589 nostri
1795 2554 1887 2587 stu-

240 2619 318 2660 dia
338 2632 433 2660 non
454 2621 716 2672 negligunt,
741 2627 784 2661 et
806 2621 916 2661 totis
939 2621 1183 2662 conatibus
1201 2621 1248 2662 in
1271 2622 1317 2662 id
1339 2621 1628 2671 incumbunt,
1650 2626 1699 2660 vt
1720 2619 1767 2659 in
1788 2619 1887 2659 dies

240 2691 393 2742 magis
417 2703 472 2731 ac
494 2692 647 2743 magis
670 2692 716 2732 in
742 2692 994 2732 virtutibus
1016 2691 1279 2744 proficiant,
1305 2704 1395 2744 quo
1417 2698 1462 2733 et
1483 2690 1759 2732 Paternitati
1779 2696 1888 2730 tuae

240 2761 586 2803 obedientiores
607 2774 710 2803 esse
731 2769 775 2803 et
798 2763 1073 2815 conspectui
1090 2763 1251 2804 diuino
1273 2764 1510 2815 gratiores
1533 2773 1764 2814 apparere
1786 2773 1890 2813 pos—

239 2834 348 2874 sint.
374 2833 510 2884 Quod
533 2832 614 2886 [ut]
639 2834 826 2886 assequi
847 2835 1053 2886 valeant,
1077 2835 1294 2875 omnibus
1315 2835 1467 2876 modis
1496 2844 1789 2886 quocumque
1812 2833 1891 2872 be*

301 2994 309 3013 ¹
352 2994 387 3022 P.
400 2994 551 3027 Joannes
567 2993 776 3022 Laurentius
792 2995 831 3022 de
848 2995 1034 3022 Patavinis.
