2047 3179
860 143 941 179 Ax.
973 144 1063 179 15:33
1702 143 1772 178 475

140 242 416 281 breuissime
438 246 600 292 potero
621 240 675 280 R.
699 239 758 280 V.
781 239 1108 291 perstringam.
1138 238 1291 290 Atque
1314 239 1376 278 ab
1408 251 1461 277 eo
1495 239 1675 278 initium
1699 250 1771 277 ca-

145 312 283 363 piam,
323 312 443 363 quod
479 311 745 351 mortalium
772 310 954 350 animos
985 309 1045 349 ad
1072 309 1417 359 suspiciendam
1447 321 1502 348 ac
1540 309 1772 348 admiran-

138 383 252 423 ‹dam
273 382 361 423 Dei
381 382 635 422 bonitatem
657 381 858 422 maxime
880 380 1086 432 impellit,
1105 380 1324 420 nimirum
1345 385 1646 430 peccatorum
1665 391 1767 418 con-

144 454 375 494 uer-sione.

226 525 341 565 Cum
363 524 503 576 igitur
526 536 645 564 vnus
665 523 855 563 Patrum
877 529 1145 562 nostrorum
1167 521 1429 574 quemdam,
1453 521 1589 572 graui
1610 521 1772 560 morbo

145 596 221 635 diu
245 596 508 636 confectum
528 601 666 646 atque
697 594 999 646 pertinaciter
1027 593 1132 633 huic
1162 593 1494 633 adhaerentem
1516 592 1770 643 proposit03

145 667 434 706 salutiferam
463 667 804 706 confessionem
838 665 1021 716 penitus
1057 664 1322 714 abdicandi,
1355 664 1497 704 semel
1532 663 1771 712 inuiseret3

142 748 343 788 >cumque
378 738 527 787 ipsum
558 744 784 786 tenacem,
814 747 900 775 nec
928 748 981 775 ea
1010 741 1162 775 mente
1194 734 1437 784 deducere,
1467 745 1553 773 nec
1583 734 1676 774 ullo
1700 732 1773 772 de-

142 815 321 848 terrere
352 815 489 858 pacto
518 809 708 857 ualeret,
743 806 999 846 maturitati
1027 806 1216 846 tandem
1245 817 1328 857 per
1357 805 1532 856 aliquot
1561 810 1772 855 tempora

138 878 309 918 cedere
330 878 485 917 animo
508 878 762 930 proposuit.
787 877 926 928 Quid?
947 877 1014 917 sic
1034 889 1092 916 ne
1115 877 1225 917 abiit
1242 877 1346 916 nos?
1363 876 1551 916 minime
1569 875 1771 927 quidem;

142 960 253 989 narn
282 948 484 1000 quadam
511 949 584 988 die
614 949 736 989 idem
755 948 909 999 Pater,
933 948 1140 988 diuinum
1162 947 1434 987 instinctum
1462 946 1770 998 persentiens,

143 1020 372 1071 simulque
393 1020 500 1059 huic
522 1026 717 1070 aegroto
740 1019 902 1060 mortis
919 1019 1271 1070 oppressionem
1289 1018 1463 1069 absque
1480 1016 1773 1057 consessione

144 1092 327 1141 timens,
353 1091 411 1131 ad
432 1102 537 1130 eum
554 1102 602 1130 se
620 1091 827 1141 contulit,
849 1096 906 1141 et,
927 1101 1045 1141 quae
1064 1090 1272 1129 diuinum
1290 1101 1461 1128 numen
1477 1088 1566 1128 sibi
1582 1098 1774 1139 sugges-

145 1161 204 1202 sit
229 1162 388 1209 uerba,
426 1161 729 1201 libentissime
767 1161 1152 1201 subministrauit.
1179 1160 1358 1211 Quibus
1394 1172 1506 1200 sane
1537 1165 1773 1210 aegrotuS,

142 1233 313 1273 mirum
346 1232 393 1272 in
424 1231 613 1272 modum
644 1232 871 1272 deductus
899 1231 1236 1282 emollitusque‚
1267 1230 1420 1271 factus
1458 1242 1600 1270 sanus
1635 1235 1774 1281 atque

141 1303 386 1353 contritus,
410 1309 606 1354 peccata
627 1302 777 1342 eidem
797 1302 940 1353 Patri,
963 1302 1136 1353 gaudio
1158 1302 1335 1353 ingenti
1365 1301 1569 1353 perfuso,
1595 1300 1772 1341 confes-

147 1386 226 1414 sus
247 1381 331 1414 est.
355 1374 550 1414 Postera
572 1374 713 1414 etiam
736 1374 833 1414 dies
855 1372 982 1413 Patri
1002 1380 1162 1413 nostro
1185 1373 1411 1412 maiorem
1434 1372 1643 1412 adhibuit
1665 1383 1773 1411 con-

144 1445 436 1495 solationem,
462 1456 568 1484 cum
589 1457 647 1484 ex
668 1444 870 1496 quodam
891 1445 1134 1496 praeclare
1156 1444 1460 1484 intellexisset
1481 1443 1588 1483 huic
1618 1442 1774 1482 foelici

147 1522 357 1567 aegroto,
396 1521 798 1555 sacramentorum
826 1515 1060 1567 praesidio
1091 1515 1269 1555 munito
1301 1527 1356 1555 ac
1391 1519 1631 1564 exornato,
1654 1525 1774 1553 sum-

145 1598 220 1626 ma
244 1598 349 1626 cum
372 1598 456 1626 sua
476 1587 718 1626 uoluntate
738 1592 782 1626 et
803 1586 1061 1635 alacritate,
1081 1586 1379 1637 maximaque
1397 1585 1650 1625 astantium
1667 1596 1773 1624 con-

145 1657 388 1708 solatione,
412 1658 625 1697 ultimum
645 1657 859 1709 spiritum
881 1657 1032 1697 Deum
1053 1657 1314 1697 abstulisse.

227 1727 289 1769 At
319 1735 368 1768 ut
398 1729 519 1768 scitu
555 1728 740 1779 quidem
771 1728 1047 1779 dignissima
1081 1739 1349 1779 pernoscas,
1376 1728 1547 1777 animo,
1580 1739 1771 1778 quaeSO,

143 1800 325 1840 intenso
347 1799 524 1839 adesto.
540 1798 739 1850 Quidam
754 1799 870 1838 alius
888 1799 980 1838 iam
997 1799 1073 1839 diu
1093 1799 1180 1838 iuri
1203 1799 1326 1838 ciuili
1348 1798 1610 1848 inhaerens,
1635 1809 1772 1849 quem

141 1870 370 1910 intentum
395 1876 439 1910 et
469 1870 708 1910 assiduum
736 1869 799 1920 (ut
828 1870 1007 1921 opinor)
1042 1878 1220 1921 septem
1243 1882 1390 1910 annos
1411 1870 1652 1909 literarum
1683 1876 1773 1909 stu-

142 1941 269 1981 dium
290 1942 458 1981 mentis
475 1941 776 1992 corporisque
793 1941 993 1980 sanitate
1015 1941 1282 1991 denudauit,
1306 1940 1505 1992 plurima
1522 1939 1773 1992 profunde-

140 2012 220 2052 bat
242 2012 505 2061 maledicta,
531 2011 735 2051 conuitia
754 2011 961 2051 inaudita
984 2011 1281 2063 quidpiamue
1304 2011 1512 2051 atrocius
1534 2011 1580 2051 in
1601 2011 1775 2050 bonum

143 2081 311 2133 Deum,
333 2082 532 2134 grauida
549 2082 710 2133 lingua
735 2082 912 2122 iactare
934 2089 1073 2134 atque
1095 2083 1310 2132 ingerere
1331 2082 1626 2133 persistebat.
1650 2081 1776 2134 Jam-

145 2165 233 2205 que
262 2154 360 2205 ipse
395 2154 521 2194 omni
551 2154 698 2193 salute
729 2153 953 2201 diffidens,
977 2165 1062 2193 nec
1085 2153 1226 2193 alium
1254 2164 1555 2204 quemquam,
1587 2158 1775 2203 praeter

144 2236 288 2265 unum
316 2225 407 2276 (qui
442 2225 649 2276 profecto
679 2224 725 2264 in
752 2225 870 2263 mira
899 2230 1214 2275 perpetuaque
1245 2224 1472 2275 patientia
1508 2223 1584 2263 diu
1616 2229 1777 2263 noctu-

142 2308 235 2347 que
274 2296 315 2336 ei
351 2295 631 2346 inuigilauit)
669 2305 803 2334 suum
839 2295 1102 2335 cubiculum
1138 2295 1321 2346 ingredi
1355 2295 1633 2346 patiebatur.
1673 2293 1776 2333 Hoc

146 2367 265 2407 forte
282 2367 484 2417 fortuna,
515 2377 620 2406 cum
650 2365 839 2417 quidam
861 2378 919 2405 ex
934 2366 1106 2405 nostris
1128 2365 1345 2406 Patribus
1366 2367 1601 2414 rescisset,
1626 2376 1653 2404 a
1670 2376 1778 2404 cun-

144 2438 235 2478 ctis
261 2438 397 2478 huius
428 2437 614 2488 collegii
647 2437 872 2477 fratribus
903 2436 1054 2477 Deum
1084 2444 1266 2477 oratum
1287 2449 1370 2488 pro
1392 2437 1525 2477 istius
1553 2448 1773 2486 uesanae,

147 2509 357 2560 perditae
379 2516 423 2549 et
445 2509 590 2549 durae
612 2508 781 2548 mentis
803 2508 1106 2559 dispositione
1128 2520 1183 2548 ac
1205 2508 1480 2548 deductione
1502 2508 1661 2548 uoluit.
1688 2507 1777 2558 Qui

151 2591 319 2620 reuera
342 2591 588 2620 seruorum
610 2591 801 2619 suorum
826 2590 988 2630 preces
1016 2579 1238 2619 exaudire
1269 2591 1354 2619 nec
1382 2579 1662 2630 dedignatus
1690 2584 1774 2618 est.

146 2650 236 2691 Iste
266 2650 388 2690 enim
414 2650 567 2701 homo,
593 2651 640 2690 in
672 2650 816 2689 multo
853 2650 1122 2700 grauiorem
1151 2651 1363 2691 morbum
1394 2650 1630 2701 delapsus,
1668 2650 1778 2689 mol-

146 2723 234 2761 lior
253 2721 405 2762 factus
425 2727 494 2761 est
515 2729 671 2761 mente
711 2721 938 2772 simulque
961 2721 1125 2761 deduci
1147 2733 1201 2761 ac
1220 2722 1492 2773 persuaderi
1514 2721 1703 2773 patitur,
1728 2728 1779 2762 vt

150 2792 326 2832 aditum
352 2792 592 2844 praedicto
619 2791 770 2842 Patri,
804 2793 1109 2832 confessionis
1131 2793 1390 2833 audiendae
1421 2793 1589 2843 gratia,
1614 2804 1777 2833 conce-

150 2863 296 2912 deret,
320 2862 488 2915 quippe
511 2863 590 2914 qui
611 2874 702 2902 non
725 2862 966 2902 confessus
990 2863 1161 2914 (credo)
1184 2865 1340 2915 plures
1362 2870 1524 2914 egerat
1548 2875 1710 2904 annos.
1736 2863 1780 2903 Is

149 2933 293 2984 igitur
314 2944 460 2985 usque
483 2933 599 2973 adeo
628 2933 870 2983 contritus,
902 2934 1136 2985 animique
1168 2945 1344 2983 angore
1372 2934 1581 2984 affectus,
1614 2936 1781 2986 culpae
