2047 3179
890 140 972 176 AN.
1006 139 1096 175 1554
1750 138 1814 175 125>

862 624 1147 680 GCCXXI

259 899 307 935 P.
331 897 509 935 Marcus
529 898 686 944 Jorge,

306 962 375 1000 Ex
400 963 721 1000 commissione
741 961 885 999 Patris
906 960 1136 998 Micha'e‘lis
1156 960 1210 998 de
1230 960 1423 1001 Bairros,

356 1029 476 1067 Patri
494 1028 664 1076 Ignatio
680 1028 733 1065 de
752 1027 935 1074 Loyola.

403 1093 562 1138 Ebora,
582 1094 606 1130 3
624 1091 898 1140 Septembris
920 1091 1011 1128 1554
1031 1091 1057 1128 ¹.

962 1278 1091 1365 les-us

269 1518 537 1558 Admodum
558 1518 659 1558 Rde
690 1519 736 1558 in
757 1517 943 1559 Christo
965 1517 1119 1558 Pater.

270 1589 434 1630 Gratia
457 1597 501 1629 et
525 1601 656 1629 amor
676 1589 865 1629 Domini
885 1589 1032 1629 nostri
1053 1589 1163 1642 Jesu
1185 1587 1358 1629 Christi
1375 1588 1551 1628 habitet
1573 1599 1756 1639 semper
1778 1588 1825 1627 in

192 1661 359 1701 animis
379 1661 568 1701 nostris.
593 1660 760 1701 Amen.

271 1731 504 1783 Quoniam
521 1744 579 1772 ex
600 1731 928 1783 quadrimestri
949 1732 1101 1783 spatio
1124 1731 1354 1783 superiori
1376 1743 1527 1783 pauca
1557 1743 1606 1771 se
1628 1730 1744 1771 mihi
1768 1731 1826 1771 ad

194 1813 253 1852 te,
279 1802 380 1843 R.de
410 1803 477 1850 P.,
498 1803 743 1843 scribenda
762 1802 973 1853 offerunt,
998 1815 1091 1842 non
1112 1814 1192 1843 ero
1213 1803 1260 1842 in
1277 1803 1365 1842 hac
1383 1803 1580 1853 epistola
1598 1802 1823 1854 prolixus.

194 1873 428 1925 Principio
450 1874 641 1914 scholae
671 1880 875 1924 nostrae,
905 1873 993 1914 Dei
1027 1873 1132 1925 Opt.
1168 1874 1294 1914 Max.
1326 1873 1567 1923 beneficio,
1605 1873 1652 1914 in
1680 1873 1828 1913 solitis

194 1945 290 1986 suis
313 1945 726 1985 exercitationibus
761 1951 1079 1996 perseuerant,
1114 1950 1212 1985 tum
1242 1945 1499 1994 literarum,
1525 1951 1623 1984 turn
1645 1955 1829 1984 morum

194 2016 497 2067 integritatis3
522 2028 646 2063 nam,
670 2021 803 2056 extra
825 2016 1126 2067 quotidianas
1146 2016 1393 2065 lectiones,
1420 2016 1466 2055 in
1484 2015 1714 2056 classibus
1740 2015 1829 2055 sin-

194 2088 316 2138 gulis
332 2088 572 2140 agitantur
593 2087 753 2128 diebus
774 2088 988 2128 sabbathi
1005 2088 1345 2139 disputationes
1362 2088 1593 2139 priuatae.
1614 2087 1829 2139 publicae

194 2171 307 2199 uero
328 2159 479 2211 primo
501 2170 684 2211 quoque
705 2158 778 2199 die
798 2159 1014 2200 sabbathi
1043 2159 1274 2200 mensium
1302 2160 1611 2210 singulorum,
1642 2170 1733 2211 quo
1756 2159 1830 2198 die

196 2230 466 2270 scholastici
488 2241 648 2270 omnes
661 2230 707 2270 in
723 2230 975 2282 quamdam
992 2231 1108 2271 satis
1125 2232 1329 2281 amplam
1352 2231 1509 2271 aulam
1528 2230 1827 2271 conueniunt.

198 2301 352 2354 Atque
374 2301 435 2341 ad
454 2302 576 2342 hanc
597 2301 661 2341 illi
676 2301 992 2342 celebritatem
1014 2302 1216 2342 maxime
1233 2314 1282 2342 se
1299 2307 1594 2354 comparant,
1615 2308 1712 2342 tum
1731 2313 1832 2342 ora-

197 2373 431 2423 tiunculis,
469 2378 567 2413 turn
601 2372 884 2412 carminibus
914 2373 1143 2414 instructi.
1182 2373 1232 2413 In
1263 2385 1317 2413 eo
1341 2379 1590 2423 conuentu,
1623 2373 1723 2424 qui,
1756 2385 1833 2413 au-

196 2449 336 2494 gusto
354 2443 556 2491 ineunte,
581 2443 842 2483 celebratus
863 2450 956 2494 est,
981 2444 1138 2484 audiui
1155 2455 1243 2495 ego
1260 2445 1510 2485 nonnullas
1530 2445 1833 2485 scholastico-

199 2527 304 2555 rum
324 2515 658 2565 oratiunculas,
683 2526 801 2566 quae
824 2515 1028 2556 animum
1052 2516 1111 2556 ad
1128 2516 1338 2567 agendas
1369 2515 1470 2557 Deo
1501 2517 1681 2568 gratias
1713 2518 1837 2558 exci-

201 2592 369 2627 tarent.
392 2585 569 2627 Earum
589 2586 785 2626 materia
807 2586 922 2627 haec
954 2592 1075 2627 erat:
1113 2598 1253 2639 quam
1274 2587 1522 2639 diligenter
1563 2600 1612 2629 se
1642 2601 1838 2641 praepa-

201 2669 309 2698 rare
329 2657 543 2707 debeant,
568 2658 645 2709 qui
665 2657 724 2697 ad
745 2664 1099 2698 sacrosanctam
1121 2658 1340 2710 synaxim
1362 2660 1617 2710 accedunt,
1644 2673 1735 2712 quo
1757 2661 1854 2710 ita„

156 2738 158 2741 ·
202 2735 250 2768 ut
272 2740 358 2780 par
379 2735 463 2779 est,
493 2734 675 2769 tantum
707 2735 1056 2769 sacramentum
1084 2730 1344 2781 accipiant3
1378 2732 1540 2781 quanti
1569 2732 1837 2773 faciendum

202 2810 370 2839 sacrae
391 2799 699 2840 confessionis
717 2806 1064 2840 sacramentum
1081 2801 1360 2853 diuinaeque
1378 2803 1446 2843 rei
1465 2802 1629 2855 (quam
1648 2804 1842 2844 missam

260 2959 271 2979 ‘¹
312 2961 561 2995 Autographac
578 2960 608 2987 in
626 2959 749 2994 duplici
766 2960 856 2995 solio,
884 2961 991 2995 primo
1004 2963 1065 2990 sub
1081 2970 1114 2989 n.
1131 2963 1196 2998 496,
1208 2965 1318 2991 altero
1331 2972 1414 2992 vero
1428 2972 1492 2992 non
1507 2973 1696 2994 numerato,

398 3020 448 3055 Τ.
471 3031 526 3056 ιιι.
1615 3038 1634 3071 ¹)
