2047 3179
192 181 264 219 764
714 181 941 219 LITTERAE
960 191 1321 225 QUADRIMESTRES

271 278 368 318 Eae
391 277 658 328 conciones,
685 290 804 330 quae
825 278 873 318 in
893 279 1251 330 templonostro
1269 279 1325 319 de
1343 279 1558 320 doctrina
1576 280 1835 321 christiana

194 349 358 389 haberi
380 349 545 399 solent,
570 355 792 390 accurate
809 355 853 390 et
870 350 1117 401 diligenter
1136 350 1203 401 (vt
1221 362 1362 402 saepe
1380 351 1607 402 scriptum
1625 352 1710 402 est)
1729 363 1839 392 con-

197 420 456 469 tinuantur,
480 426 524 460 et
545 420 765 472 frequens
785 432 960 472 magna
983 433 1089 461 cum
1117 421 1379 462 animorum
1406 422 1606 462 utilitate
1622 429 1665 462 et
1683 423 1837 464 fructu

194 491 253 532 ad
275 503 355 532 eas
374 492 616 532 hominum
637 492 686 533 fit
708 504 982 533 concursus.
1006 492 1251 532 Habentur
1273 493 1362 533 hae
1383 492 1480 533 fere
1502 504 1688 544 semper
1707 506 1732 534 a
1750 494 1834 534 Pa-

193 570 263 603 tre
284 562 540 604 Melchiore
562 563 695 614 Cota,
720 564 955 604 interdum
976 564 1119 604 etiam
1143 564 1382 616 (quoniam
1409 564 1448 604 is
1477 570 1557 604 aut
1584 565 1631 605 in
1663 566 1835 617 templo

198 634 405 674 maximo
427 641 506 675 aut
528 635 576 675 in
598 635 703 675 aliis
723 636 860 675 huius
880 635 1011 675 vrbis
1031 636 1217 687 templis
1233 647 1570 687 nonnunquam
1587 637 1841 676 conciona-

196 705 286 756 tur)
309 717 483 757 magna
507 718 689 758 quoque
712 706 1002 747 audientium
1033 707 1388 758 approbatione,
1421 707 1478 747 ab
1507 718 1561 747 eo
1589 714 1723 759 patre
1752 707 1838 748 ha-

196 776 378 828 bentur,
404 777 481 829 qui
503 777 822 818 conscientiae
845 789 986 818 casus
1008 778 1201 829 exponit
1224 777 1250 815 ¹.
1279 778 1457 818 Eorum
1486 783 1656 828 autem,
1680 779 1759 829 qui
1781 777 1840 817 ad

195 848 282 888 has
318 849 571 889 conciones
602 849 903 898 conueniunt,
933 861 1045 900 pars
1076 850 1299 897 maxima,
1332 849 1556 900 multique
1586 856 1833 901 praeterea

196 920 274 960 alii
301 931 583 972 unoquoque
604 931 765 960 mense
786 918 800 938 ²
828 921 885 960 de
912 920 1121 972 peccatis
1152 920 1446 961 confitentur.
1479 920 1530 961 Id
1556 921 1699 960 etiam
1726 932 1840 961 non·

196 991 307 1031 nulli
339 998 508 1032 octauo
537 1003 721 1043 quoque
753 992 827 1032 die
854 992 1070 1032 factitant
1099 998 1142 1032 et
1165 998 1523 1032 sacrosanctum
1544 991 1720 1033 Christi
1741 1003 1840 1032 cor-

197 1074 284 1114 pus
307 1063 557 1113 accipiunt.
582 1062 634 1103 In
655 1063 729 1104 his
750 1063 891 1103 rebus
911 1063 1077 1103 Patres
1100 1071 1372 1103 uersantur:
1397 1074 1558 1103 eorum
1587 1062 1843 1103 confessio—

198 1145 281 1174 nes
304 1134 514 1185 audiunt,
539 1134 616 1185 qui
638 1134 764 1186 apud
784 1145 871 1174 nos
892 1134 1040 1174 literis
1061 1134 1174 1174 dant
1196 1145 1410 1186 operam3
1433 1133 1594 1173 eadem
1619 1133 1675 1174 de
1697 1145 1842 1174 causa

200 1217 250 1246 se
274 1206 333 1246 ad
354 1212 580 1257 aegrotos
611 1217 752 1257 saepe
781 1205 1052 1256 conferunt;
1087 1207 1337 1257 generales
1367 1206 1563 1245 audiunt
1591 1204 1844 1245 confessio-

198 1288 305 1328 nes;
331 1277 452 1317 inter
474 1289 569 1325 ρος,
595 1278 673 1329 qui
695 1277 801 1318 odio
820 1277 1062 1328 dissident,
1083 1278 1289 1328 gratiam
1308 1282 1617 1328 componunt3
1637 1276 1841 1316 animam

204 1355 400 1401 agentes
422 1349 469 1389 in
491 1349 592 1400 ipso
614 1351 742 1390 uitae
765 1349 976 1389 discessu
997 1349 1229 1389 adiuvant
1251 1351 1286 1400 ³3
1310 1349 1552 1400 multaque
1574 1348 1664 1388 alia
1692 1347 1847 1387 huius-

201 1420 327 1461 modi
368 1420 428 1461 ad
469 1421 778 1461 christianam
818 1421 1042 1472 pietatem
1079 1420 1363 1472 pertinentia
1402 1419 1607 1459 efficiunt
1626 1451 1634 1470 ,
1679 1418 1848 1470 quibus

202 1491 417 1532 omnibus
452 1492 661 1532 maxima
691 1492 946 1533 immortali
973 1490 1075 1532 Deo
1104 1491 1260 1543 gloria
1288 1491 1522 1531 tribuitur.
1550 1490 1690 1530 Faxit
1719 1489 1758 1530 is
1792 1495 1844 1530 vt

202 1569 373 1603 cuncta
395 1563 513 1603 haec
535 1563 593 1604 ad
615 1563 715 1603 eius
735 1563 923 1603 laudem
944 1563 1031 1603 rite
1054 1569 1098 1603 et
1120 1562 1350 1603 foeliciter
1367 1560 1641 1614 procedant.

280 1633 384 1674 Hoc
406 1640 563 1674 autem
582 1634 656 1674 X.i
686 1634 892 1675 aduentu
913 1634 1126 1674 nonnulli
1146 1633 1312 1674 Patres
1334 1633 1381 1673 in
1403 1644 1644 1673 carcerem
1660 1632 1847 1672 inerunt

201 1712 252 1746 vt
273 1706 540 1746 uinctorum
561 1706 882 1746 confessiones
905 1706 1135 1756 audirent,
1160 1712 1204 1746 et
1226 1704 1390 1746 diebus
1411 1704 1631 1745 mercurii
1660 1703 1720 1744 ad
1746 1704 1848 1743 uin-

202 1783 304 1818 ctos
326 1777 579 1818 conciones
599 1777 850 1828 habebant,
874 1783 918 1818 et
940 1777 1175 1818 dominico
1198 1776 1401 1828 quodam
1424 1775 1497 1816 die
1530 1776 1663 1815 multi
1694 1786 1754 1815 ex
1781 1774 1848 1814 eis

201 1854 561 1889 sacrosanctum
582 1848 657 1889 X.i
685 1860 858 1901 corpus
880 1854 1188 1901 acceperunt;
1225 1859 1315 1900 qua
1352 1859 1410 1887 ex
1437 1859 1487 1887 re
1518 1857 1720 1897 magnus
1746 1857 1848 1897 per-

202 1926 366 1972 ceptus
378 1926 447 1960 est
462 1920 658 1961 fructus.
675 1921 861 1973 Aquam
879 1921 1019 1961 etiam
1037 1932 1095 1961 ex
1110 1920 1238 1960 fonte
1255 1919 1440 1971 publico
1459 1918 1706 1970 aliquoties
1726 1929 1852 1958 com-

204 1997 479 2043 portarunt;
504 2004 625 2044 quae
645 2004 722 2032 res
751 1993 1006 2032 multorum
1037 1992 1222 2032 animos
1250 1991 1308 2031 ad
1339 1990 1547 2030 diuinam
1574 1989 1846 2039 bonitatem,

203 2074 262 2103 ex
284 2075 376 2115 qua
399 2064 556 2104 omnia
577 2070 814 2114 emanant,
838 2063 1125 2104 laudandam
1147 2061 1386 2103 excitauit.
1411 2061 1607 2102 Tradita
1624 2060 1851 2101 exercitia

203 2140 311 2175 sunt
351 2135 632 2186 quibusdam
664 2135 1114 2186 sanctimonialibus,
1147 2134 1270 2186 quod
1300 2145 1394 2173 non
1425 2133 1709 2173 mediocrem
1738 2132 1856 2184 ipsis

203 2206 457 2246 utilitatem
479 2207 647 2247 attulit.
673 2206 886 2258 Denique
909 2207 1068 2247 omnia
1092 2206 1208 2257 (Deo
1231 2204 1404 2256 gratia)
1427 2215 1600 2256 magno
1622 2215 1729 2244 cum
1755 2205 1853 2244 ani-

207 2288 390 2318 morum
410 2277 567 2318 fructu
588 2289 812 2329 prospere
833 2277 1156 2329 foeliciterque
1178 2276 1454 2329 procedunt.

291 2348 409 2390 Cum
430 2355 565 2401 pater
586 2349 776 2400 quidam
797 2349 857 2389 ad
885 2349 1130 2390 cuiusdam
1158 2348 1367 2389 mulieris
1395 2357 1568 2398 aegrae
1598 2345 1851 2386 confessio—

207 2432 313 2460 nem
336 2420 619 2461 audiendam
641 2427 982 2472 accerseretur,
1014 2421 1076 2460 ibi
1097 2419 1325 2460 intellexit
1353 2419 1453 2459 eius
1481 2417 1689 2458 mulieris
1710 2417 1848 2457 mari·

206 2498 305 2532 tum
327 2503 434 2532 cum
455 2492 658 2543 quodam
680 2493 772 2532 alio
793 2492 1064 2533 inimicitias
1084 2491 1258 2532 habere
1280 2489 1309 2541 ⁴,
1333 2490 1531 2541 ideoque
1553 2500 1659 2529 cum
1680 2500 1736 2529 eo
1752 2488 1854 2539 agit

207 2569 258 2603 vt
279 2563 551 2604 inimicitias
573 2564 794 2616 deponat.
813 2563 988 2604 Diuina
1006 2563 1150 2615 igitur
1166 2562 1376 2603 bonitate
1393 2561 1660 2609 adiuuante,
1679 2571 1731 2600 re
1752 2571 1856 2612 per-

208 2633 333 2674 fecta
357 2634 588 2676 discessit.
612 2634 754 2676 Pater
775 2636 893 2675 alius
915 2647 1023 2676 cum
1044 2635 1198 2675 uirum
1221 2633 1471 2686 quemdam
1490 2632 1695 2672 nobilem
1715 2631 1854 2671 simili

208 2704 267 2746 de
288 2717 339 2746 re
361 2707 651 2757 conueniret,
674 2712 858 2747 tantum
875 2706 1034 2746 diuina
1053 2717 1141 2757 ope
1158 2704 1374 2745 effectum
1391 2709 1461 2744 est
1477 2709 1542 2751 vt,
1563 2702 1699 2742 simul
1716 2708 1858 2754 atque

268 2865 275 2882 ¹
317 2864 353 2892 Ρ.
366 2864 502 2893 Marcus
516 2865 632 2900 Jorge.

265 2912 278 2930 2
316 2913 397 2939 Alia
412 2920 532 2940 manus
547 2913 755 2947 emendavit,
771 2914 835 2941 hoc
850 2914 1016 2947 scribens,
1031 2920 1092 2947 pro
1108 2917 1314 2945 unoquoque
1331 2917 1466 2943 mense,
1479 2909 1634 2943 singulis
1659 2909 1855 2936 mensibus.

265 2958 280 2977 ³
320 2959 382 2986 Hie
399 2960 504 2987 etiam
519 2961 567 2987 sic
583 2961 801 2988 emendatum
816 2966 879 2989 est:
895 2961 1047 2995 gratiam
1064 2959 1269 2992 conciliant,
1286 2958 1479 2985 morientes
1493 2956 1673 2985 adiuvant.

265 3007 280 3026 4
318 3006 546 3035 Emendatum
562 3016 697 3042 gerere.
