2047 3179
243 176 314 213 632
760 175 986 213 LITTERAE
1006 186 1368 219 QUADRIMESTRES

902 626 1220 681 GDXXIH

316 857 546 894 Adrianus
568 857 894 893 Adriaenssens

365 923 483 959 Patri
504 922 673 965 Ignatio
695 921 746 958 de
767 921 950 968 Loyola.

411 988 623 1031 LovaniQ
649 988 692 1024 10
711 987 984 1035 Septembris
1007 989 1097 1026 1555
1115 989 1139 1023 ¹.

1040 1145 1062 1178 ..ᾖ

1010 1181 1108 1223 IHS

701 1342 868 1384 Gratia
889 1348 933 1383 et
954 1355 1047 1394 pax
1069 1342 1142 1383 X.i
1174 1343 1432 1384 nobiscum.

327 1414 436 1454 R.de
459 1415 506 1454 in
527 1413 607 1454 X.0
631 1413 785 1454 Pater.

331 1486 537 1538 Tempus
559 1493 628 1526 est
649 1491 700 1525 vt
721 1485 885 1537 paucis
920 1492 1146 1537 repetam,
1183 1497 1303 1537 quae
1333 1486 1422 1526 hoc
1454 1484 1786 1538 quadrimestri
1805 1495 1888 1536 per

248 1557 368 1599 R.<10S
396 1557 562 1598 Patres
582 1563 770 1597 nostros
790 1557 1112 1598 Louanienses
1133 1564 1239 1598 acta
1260 1563 1382 1597 sunt.

330 1629 383 1669 In
404 1628 568 1680 primis
585 1634 787 1680 quatuor
805 1627 970 1668 Patres
987 1639 1232 1668 manemus
1252 1628 1450 1668 Louanii
1467 1639 1573 1668 cum
1588 1640 1681 1668 Vno
1695 1627 1886 1668 famulo.

256 1699 449 1751 Omnes
474 1699 576 1740 Deo
598 1701 714 1751 laus,
744 1710 944 1751 corpore
965 1706 1010 1740 et
1028 1700 1186 1740 animo
1203 1700 1320 1750 sani,
1342 1706 1539 1751 excepto
1559 1699 1609 1739 Ρ.
1629 1698 1840 1740 Candido
1858 1697 1888 1748 ²,

255 1773 334 1824 qui
364 1771 571 1812 nondum
605 1772 741 1823 plene
785 1772 1029 1812 restitutus
1070 1778 1140 1811 est
1174 1772 1401 1823 pristinae
1437 1771 1648 1823 corporis
1682 1770 1888 1811 sanitati.

254 1844 573 1885 Concionatur
593 1849 752 1883 tamen
773 1842 971 1883 subinde
992 1854 1167 1894 magna
1188 1854 1294 1883 cum
1315 1842 1487 1894 gratia;
1524 1842 1755 1894 reliquum
1774 1853 1889 1882 vero

248 1923 439 1967 tempus
461 1926 568 1955 cum
588 1913 637 1955 P.
663 1913 809 1966 Spiga
830 1913 843 1933 ³
867 1914 1034 1955 studiis
1055 1914 1333 1965 theologicis
1363 1914 1612 1965 diligenter
1645 1912 1884 1954 incumbit.

255 1987 396 2028 Pater
415 1999 530 2027 vero
551 1985 792 2026 Arnoldus
812 1984 826 2004 ⁴
848 1991 893 2026 et
914 1996 1002 2037 ego
1023 1985 1246 2037 indignus
1268 1985 1484 2026 audimus
1506 1983 1826 2025 confessiones
1842 1984 1889 2023 in

252 2059 463 2100 ecclesiis
487 2058 739 2099 consuetis:
763 2058 811 2098 in
837 2064 1002 2098 nostra
1032 2058 1244 2098 absentia
1271 2056 1321 2098 P.
1352 2057 1591 2098 Candidus
1617 2056 1802 2108 supplet
1828 2056 1889 2096 lo-

250 2142 359 2171 cum
379 2136 607 2170 nostrum.
631 2129 728 2170 Nec
755 2129 926 2169 labitur
955 2128 1069 2177 dies,
1099 2129 1146 2168 in
1174 2140 1265 2180 qua
1294 2140 1388 2169 non
1422 2128 1615 2168 veniant
1649 2127 1890 2178 Vtriusque

253 2213 396 2242 sexus
417 2213 572 2242 nouae
593 2212 824 2253 personae
856 2200 915 2240 ad
950 2199 1306 2240 confessionem.
1343 2199 1503 2240 Nouas
1539 2210 1711 2240 vocare
1745 2198 1884 2247 lubet,

251 2273 361 2325 quia
382 2284 488 2313 cum
510 2285 536 2312 a
558 2273 703 2312 multo
728 2279 938 2324 tempore
958 2283 1053 2312 non
1081 2271 1173 2312 sint
1203 2270 1461 2322 confessae,
1498 2281 1624 2310 noua
1645 2271 1887 2310 voluntate

258 2355 478 2396 nouoque
498 2344 668 2395 spiritu
690 2343 984 2394 confitentur,
1009 2349 1277 2394 exuuntque
1298 2348 1508 2383 veterem
1531 2342 1781 2382 hominem.
1806 2340 1889 2380 Be-

252 2415 468 2456 nedictus
488 2416 536 2455 in
557 2415 772 2456 omnibus
793 2413 1039 2455 Dominus.

333 2486 498 2527 Honor
518 2486 816 2527 Venerabilis
836 2484 1130 2527 Sacramenti
1150 2497 1333 2537 semper
1356 2491 1568 2536 augetur,
1593 2491 1690 2524 tam
1705 2495 1789 2535 per
1804 2483 1895 2523 fre-

254 2564 451 2610 quenter
472 2558 888 2608 communicantes,
913 2568 1053 2608 quam
1088 2568 1169 2608 per
1204 2556 1488 2596 exteriorem
1518 2561 1748 2596 ornatum.
1774 2553 1894 2594 Nam

258 2635 446 2680 praeter
468 2640 522 2669 ea
544 2629 715 2679 omnia,
740 2640 859 2680 quae
882 2628 999 2668 alias
1019 2628 1202 2679 scripsi,
1227 2628 1459 2668 collocant
1481 2638 1603 2667 nunc
1621 2627 1761 2667 etiam
1782 2625 1897 2666 cali-

253 2712 358 2741 cem
380 2701 428 2741 in
449 2701 586 2741 altari
609 2711 714 2740 cum
736 2699 896 2751 paruis
918 2699 1082 2740 hostiis
1104 2699 1409 2750 consecratis,
1439 2698 1705 2749 tegiturque
1726 2696 1802 2736 hic
1819 2707 1896 2736 ca-

314 2861 325 2881 ¹
367 2861 630 2896 Autographae,
648 2864 740 2888 totae
758 2860 864 2895 ipsius
877 2858 1023 2887 Adriani
1038 2866 1150 2891 manu.
1167 2859 1199 2886 in
1215 2859 1295 2887 folio
1310 2859 1448 2894 duplici,
1463 2867 1517 2887 nn.
1530 2859 1582 2886 3⁴7
1598 2863 1631 2885 et
1647 2858 1708 2885 348.

310 2910 324 2928 ‘—'
364 2909 400 2936 Ρ.
420 2909 572 2936 Adriano
588 2908 750 2938 Candido.
766 2916 826 2935 seu
842 2908 884 2935 de
903 2907 1014 2934 Wz'tte.

312 2957 325 2975 ³
366 2957 404 2985 P.
420 2957 524 2984 Petro
540 2956 657 2990 Spiga.

313 3006 327 3024 ’ὅ
369 3005 402 3030 l’.
420 3004 591 3031 Arnoldus
608 3003 749 3037 Hezcus,
766 3011 824 3030 seu
840 3010 910 3029 van
930 3002 1032 3029 Hees.
