2047 3179
838 163 921 200 AN.
952 164 1042 200 1555
1686 164 1758 201 633

128 262 190 301 lix
227 263 381 312 ampla
416 261 712 313 pretiosaque
748 266 877 300 veste
906 271 1072 304 aureaq
1095 260 1404 300 conficiuntur
1432 260 1571 299 etiam
1598 261 1753 311 angeli

128 332 218 371 duo
242 333 464 371 habentes
487 338 713 382 argentea
748 330 1029 371 candelabra
1058 330 1105 369 in
1141 330 1368 379 manibus;
1402 330 1430 369 ii
1465 330 1522 369 ab
1553 337 1749 381 Vtroque

132 403 276 442 latere
298 403 461 442 altaris
483 403 850 451 collocabuntur,
873 401 1260 452 quandocumque
1278 401 1583 440 collocabitur
1604 400 1755 441 Vene-

132 473 277 512 rabile
300 472 657 513 Sacramentum
677 473 723 512 in
746 472 896 512 altari.
927 471 1059 523 Quod
1080 471 1130 511 fit
1158 472 1356 521 singulis
1379 471 1542 511 diebus
1563 471 1757 512 domini-

133 544 199 583 cis
233 551 278 583 et
312 543 443 583 festis
478 550 522 583 et
557 544 717 584 diebus
752 555 834 584 seu
868 543 995 583 seriis
1024 542 1197 594 quintis
1232 554 1378 593 Vsque
1413 550 1516 592 post
1538 549 1755 582 octauam

135 615 313 654 horam.

210 685 260 724 In
283 685 412 725 festis
441 686 835 737 pentecostalibus
870 685 1064 725 multum
1100 691 1295 735 rogatus
1330 684 1394 723 fui
1423 691 1471 723 vt
1503 683 1752 723 inuiserem

132 756 384 807 quamdam
420 755 672 797 Abbatiam
706 756 991 806 monialium,
1030 755 1203 795 dictam
1236 753 1614 794 Wounterbrack
1655 753 1681 803 ¹,
1707 766 1759 793 eo

134 826 258 878 quod
278 827 516 867 rarissime
539 828 763 868 haberent
787 827 1054 867 conciones.
1077 825 1144 866 Iui
1165 836 1294 876 ergo,
1319 831 1363 865 et
1389 826 1458 865 bis
1484 825 1544 864 ibi
1573 825 1755 864 concio-

131 904 269 937 natus
292 909 409 947 sum;
434 898 538 938 inde
571 899 754 938 rediens
790 898 896 938 veni
928 897 986 937 ad
1020 897 1272 949 quamdam
1306 896 1557 936 Abbatiam
1588 895 1762 936 dictam

134 967 305 1009 Camer
324 970 352 1018 Ξ,
378 968 435 1007 ad
458 980 597 1020 quam
619 969 802 1020 Regina
819 969 1088 1020 nobilesque
1110 979 1271 1008 omnes
1292 967 1541 1007 Bruxellae
1564 973 1758 1017 agentes

132 1038 400 1090 frequenter
421 1040 671 1080 diuertunt.
696 1040 857 1080 Inueni
874 1040 936 1080 ibi
956 1039 1106 1079 omnis
1126 1038 1314 1090 generis
1336 1038 1562 1087 homines,
1584 1038 1760 1078 aulicos

133 1115 177 1150 et
198 1111 314 1150 alios
336 1111 430 1150 fere
455 1112 794 1163 quinquaginta
821 1117 1083 1151 extraneos.
1123 1110 1325 1150 Domina
1355 1121 1469 1149 vero
1506 1109 1758 1149 Abbatissa

131 1181 265 1221 iussit
286 1193 447 1222 omnes
471 1182 631 1221 audire
653 1183 942 1229 concionem,
967 1193 1107 1233 quam
1129 1181 1298 1221 ibidem
1329 1180 1432 1230 feci,
1464 1187 1507 1220 et
1537 1188 1761 1232 quantum

134 1252 295 1292 audire
317 1253 446 1304 potui
467 1253 592 1302 (nam
609 1265 713 1293 cum
749 1253 961 1293 omnibus
995 1253 1133 1292 simul
1167 1252 1343 1302 sumpsi
1377 1251 1641 1303 prandium)
1666 1254 1763 1291 'non

133 1323 233 1363 sine
272 1322 441 1373 fructu,
481 1336 732 1375 omnesque
764 1324 997 1364 aedificati
1033 1323 1232 1363 fuerunt.
1276 1323 1456 1363 Deinde
1496 1322 1757 1362 Louanium

132 1394 247 1434 redii
269 1401 311 1434 et
334 1396 472 1446 paulo
494 1402 597 1446 post
618 1395 855 1445 profectus
878 1396 940 1435 fui
962 1396 1008 1434 in
1030 1395 1327 1434 Hollandiam
1349 1402 1392 1434 et
1415 1395 1567 1445 spatio
1601 1394 1648 1433 14
1671 1394 1762 1434 die-

135 1477 252 1515 rum,
277 1466 443 1516 quibus
465 1466 511 1505 in
532 1478 585 1506 eo
608 1466 771 1506 itinere
792 1466 870 1513 fui,
895 1466 1199 1506 concionatus
1233 1476 1336 1505 sum
1370 1465 1525 1505 decies
1556 1472 1599 1504 et
1622 1473 1691 1504 ter
1714 1465 1760 1504 in

138 1537 337 1576 diuersis
370 1537 658 1582 ciuitatibus;
698 1536 833 1588 idque
875 1548 1059 1587 semper
1093 1537 1140 1576 in
1174 1536 1471 1576 monasteriis
1511 1536 1757 1587 aliquibus,

136 1607 462 1658 praesentibus
481 1608 582 1647 aliis
599 1607 850 1647 extraneis:
870 1608 1038 1659 vbique
1057 1619 1168 1647 vero
1186 1618 1345 1647 omnes
1366 1606 1552 1647 fuerunt
1571 1608 1766 1647 multum

139 1678 386 1718 aedificati.

220 1749 475 1801 Postquam
496 1749 645 1789 denuo
669 1749 929 1789 Louanium
956 1749 1087 1796 redii,
1122 1749 1332 1789 misimus
1360 1749 1409 1788 P.
1432 1748 1694 1789 Arnoldum
1716 1754 1767 1788 vt

135 1821 375 1872 suppleret
397 1822 551 1860 locum
571 1820 778 1873 jordani,
804 1820 1053 1860 confratris
1075 1820 1223 1860 nostri
1244 1819 1272 1870 ³,
1294 1820 1371 1871 qui
1400 1831 1507 1860 cum
1533 1820 1635 1859 aliis
1657 1831 1768 1870 qua-

138 1899 243 1931 tuor
270 1892 328 1932 ad
356 1892 404 1932 P.
444 1892 502 1932 V.
542 1893 634 1932 iam
666 1891 991 1943 proficiscitur.
1029 1890 1259 1941 Fungitur
1294 1890 1434 1941 igitur
1457 1889 1505 1930 Ρ.
1531 1889 1768 1930 Arnoldus

136 1962 301 2003 officiis
322 1964 522 2014 pastoris
540 1964 586 2003 in
609 1962 898 2003 Culenberch
920 1962 947 2011 ἢ
972 1962 1053 2002 sed
1075 1963 1168 2002 iam
1195 1974 1248 2001 eo
1284 1961 1572 2002 deuenerunt
1608 1973 1768 2001 omnes

143 2040 188 2073 Vt
210 2034 356 2073 nolint
378 2045 481 2073 eum
503 2034 627 2073 aliud
649 2045 790 2084 agere
812 2044 952 2084 quam
987 2032 1188 2081 studere,
1222 2032 1493 2072 concionari
1528 2039 1570 2072 et
1605 2031 1767 2072 audire

140 2104 472 2154 confessiones3
496 2112 653 2145 tantus
670 2105 793 2144 enim
814 2112 881 2143 est
903 2104 1060 2155 populi
1095 2109 1138 2143 et
1173 2104 1398 2143 nobilium
1429 2115 1685 2143 concursus
1707 2102 1765 2143 ad

142 2176 395 2215 conciones
418 2187 594 2223 omnes,
621 2182 668 2214 vt
689 2175 771 2214 vix
793 2175 943 2214 simile
964 2175 1117 2214 visum
1144 2174 1279 2214 fuerit
1302 2186 1354 2214 eo
1376 2174 1422 2214 in
1443 2175 1561 2224 loco,
1586 2174 1770 2214 etiarnsi

140 2246 210 2286 bis
230 2258 323 2286 vno
341 2247 413 2287 die
435 2247 481 2286 in
498 2247 696 2286 diuersis
715 2245 952 2298 praedicet
970 2246 1198 2285 ecclesiis.
1218 2244 1532 2285 Concionatus
1548 2251 1616 2285 est
1630 2245 1770 2284 etiam

141 2316 211 2356 bis
232 2324 362 2358 terue
384 2318 431 2357 in
448 2319 576 2357 curia
599 2318 786 2357 Illust.ae
813 2316 1091 2357 Comitissae
1114 2316 1142 2366 ⁵,
1168 2323 1212 2356 et
1234 2328 1287 2356 eo
1309 2327 1493 2367 quoque
1514 2322 1642 2355 tanta
1664 2327 1772 2355 con-

144 2387 277 2428 fluxit
298 2389 560 2437 multitudo,
585 2395 635 2427 vt
656 2389 785 2428 locus
806 2387 1020 2439 quamuis
1041 2388 1223 2438 amplus
1242 2398 1336 2427 non
1372 2393 1560 2438 caperet
1591 2397 1769 2436 omnes;

145 2458 237 2498 hoc
259 2466 416 2499 autem
433 2470 527 2498 vno
551 2470 630 2498 ore
652 2458 909 2498 clamitant:
928 2457 1038 2509 quid
1054 2458 1310 2509 poterimus
1330 2457 1485 2497 facere
1504 2465 1553 2497 Vt
1570 2468 1676 2497 eum
1692 2468 1772 2497 no-

144 2529 321 2569 biscum
343 2530 608 2569 servemus?
628 2529 710 2569 Est
732 2529 821 2569 ista
850 2529 1100 2569 admodum
1136 2528 1304 2568 nobilis
1337 2527 1586 2569 Comitissa
1620 2528 1772 2568 Hoch-

202 2688 210 2707 ¹
253 2689 319 2722 Sic;
337 2689 473 2716 Polanci
489 2696 707 2716 amanuensis
722 2689 754 2715 in
772 2687 974 2721 chronicon,
990 2692 1014 2715 t.
1030 2697 1071 2722 ν.,
1092 2688 1309 2722 transcripsit
1333 2688 1602 2715 L'bonterbraclz.

198 2736 213 2754 Ἦ
251 2736 404 2763 Abbatia
421 2736 586 2763 Dominae
602 2736 750 2763 Nostrae
765 2736 805 2763 de
818 2736 952 2768 Camer,
970 2743 1073 2770 prope
1090 2735 1281 2764 Bruxellas
1298 2735 1391 2764 dicta
1407 2737 1510 2764 etiam
1531 2736 1573 2763 de
1591 2735 1774 2763 Cameren.

201 2784 215 2803 ὅ
252 2783 340 2810 Vide
357 2783 503 2811 POLANCI
521 2783 724 2816 chronicon,
738 2788 762 2811 t.
778 2791 825 2816 iv,
840 2791 917 2818 pag.
935 2784 996 2812 292.
1010 2791 1039 2810 nl
1053 2784 1118 2812 02⁴.

199 2832 213 2850 ⁴
251 2831 316 2865 Sic;
333 2839 420 2859 nunc
436 2830 640 2865 Culenborg.

199 2878 213 2898 ⁵
252 2878 397 2906 Domina
421 2879 461 2906 de
482 2878 684 2913 Culenborg,
708 2878 890 2906 Comitissa
914 2881 953 2905 de
976 2879 1267 2913 Hooghstraeten;
1293 2880 1402 2910 Anna.
1425 2878 1606 2906 eomitissa
1628 2878 1668 2905 de
1692 2877 1780 2905 Ren-

147 2928 309 2960 nenberg,
326 2926 430 2954 vidua
445 2926 593 2960 Philippi
609 2926 648 2953 de
663 2925 799 2961 Laiain,
815 2925 956 2954 Comitis
969 2927 1008 2953 de
1026 2926 1316 2961 Hooghstraeten?
1337 2926 1387 2953 Cf.
1411 2926 1576 2956 Burifflxs.
1604 2925 1779 2960 Troplze'es

147 2976 195 3002 dn
213 2974 387 3007 Brabant,
402 2978 424 3001 t.
439 2980 472 3005 11.
489 2974 547 3000 lib.
567 2973 594 3006 3,
607 2981 684 3008 pag.
703 2973 759 3001 150.
