2047 3179
225 160 297 198 228
742 163 970 201 LITTERAE
992 175 1351 208 QUADRIMESTRES

226 260 456 309 gesimum
480 266 699 312 quartum
721 261 929 312 attigerit
950 262 1139 312 annum)
1158 269 1253 303 tres
1276 263 1462 313 linguas
1486 263 1550 303 ita
1572 269 1713 315 tenet,
1737 271 1787 305 ut
1818 266 1870 306 in:

225 332 431 382 qualibet
463 331 649 372 illarum
684 334 878 372 multum
915 335 1157 384 solumque
1194 334 1463 373 elaborasse
1508 334 1739 375 uideatur.
1779 336 1869 377 Est

225 403 412 454 quidem
432 403 478 442 in
499 403 644 443 latina
665 404 826 455 lingua
848 405 985 444 ualde
1015 404 1275 456 expeditus3
1299 416 1526 455 graecam
1556 406 1620 445 ita
1644 413 1785 456 tenet,
1810 416 1861 448 ut

225 485 330 515 eam
351 475 499 526 possit
520 475 703 526 publice
725 475 947 527 profiteri,
973 488 1145 527 eosque
1166 476 1275 516 fecit
1294 476 1340 515 in
1361 476 1565 516 hebraea
1582 478 1741 529 lingua
1760 491 1864 531 pro-

223 557 432 598 gressus,
456 553 505 587 ut
525 559 673 598 paruo
696 548 856 587 labore
878 554 1036 599 posset
1058 555 1204 587 totam
1227 558 1415 587 sacram
1441 548 1667 599 paginam
1700 550 1871 590 intelli--

223 629 336 667 gere
362 624 517 669 atque,
551 618 589 658 si
617 630 693 658 res
721 619 1052 669 postulauerit‚
1078 618 1403 669 interpretari:
1441 618 1500 659 ad
1530 619 1649 659 haec
1680 621 1863 662 accedit

224 689 348 740 quod
369 690 428 729 sit
447 689 494 729 in
516 696 617 730 arte
639 690 820 729 medica
837 691 1091 730 laureatus.
1115 689 1199 729 His
1218 689 1403 729 dotibus
1425 690 1488 730 ita
1513 691 1694 731 cunctis
1723 698 1863 732 notus

224 766 340 811 erat,
363 766 413 801 ut
434 761 586 800 nullus
604 760 789 811 ignoret
811 772 859 801 se
881 767 1073 800 nostrae
1094 759 1318 801 Societati
1340 760 1605 802 tradidisse:
1631 763 1754 814 quod
1774 774 1862 804 nee

224 843 401 883 paucos
430 844 516 872 nec
538 844 704 883 parum
725 832 1034 872 scholasticos
1066 832 1334 872 commouit.
1359 831 1493 872 Alius
1514 833 1657 874 etiam
1678 834 1867 875 schola--

223 904 370 944 sticus
391 909 611 954 acceptus
633 910 723 952 est,
748 903 992 943 latinitatis
1012 903 1157 955 probe
1177 903 1372 954 peritus,
1397 904 1566 955 aliique
1587 910 1683 945 tres
1704 906 1859 957 singu-

221 975 276 1014 lis
298 974 470 1025 singuli
489 974 584 1014 suis
607 974 791 1014 dotibus
812 975 1026 1026 praediti.

300 1046 459 1086 Vnum
481 1045 527 1085 id
548 1046 778 1096 reliquum
800 1052 884 1097 est,
916 1053 964 1086 ut
994 1047 1049 1087 de
1080 1047 1401 1098 spiritualibus
1430 1047 1667 1088 exercitiis
1703 1048 1859 1099 aliqua

221 1117 390 1157 dicam.
413 1116 606 1156 Fratres
627 1128 803 1167 omnes,
829 1129 888 1157 ex
909 1129 999 1169 quo
1022 1117 1070 1157 Ρ.
1094 1117 1276 1158 Natalis
1298 1117 1357 1158 ad
1378 1130 1428 1158 se
1450 1118 1664 1169 accessit,
1688 1119 1861 1159 mirum

219 1188 265 1227 in
287 1188 559 1238 regularum
581 1188 912 1229 observatione
935 1196 1042 1229 sunt
1061 1189 1263 1238 solliciti,
1283 1191 1408 1242 quod
1424 1190 1540 1230 satis
1556 1197 1626 1231 est
1643 1198 1857 1242 apertum

220 1259 513 1299 obedientiae
541 1259 876 1300 testimonium.
900 1260 1002 1300 Hoc
1030 1261 1180 1301 solum
1202 1260 1368 1301 videor
1390 1261 1502 1301 mihi
1523 1268 1692 1302 cuncta
1714 1261 1857 1302 fuisse

219 1331 505 1382 complexus,
531 1342 639 1371 cum
659 1331 698 1370 is
720 1330 844 1382 apud
871 1343 956 1372 nos
985 1332 1247 1373 censendus
1275 1332 1335 1372 sit
1361 1332 1699 1384 perfectionem
1722 1333 1854 1373 attin-

216 1413 342 1453 gere,
367 1402 446 1454 qui
466 1403 601 1453 plene
621 1402 761 1442 fuerit
782 1403 870 1442 sibi
890 1409 1144 1454 praecepta
1167 1410 1449 1455 exequutus3
1480 1404 1526 1444 id
1548 1409 1719 1455 tamen,
1744 1416 1857 1456 quo-

215 1473 342 1513 niam
363 1473 483 1513 inter
505 1473 598 1513 alia
615 1473 819 1513 maxime
834 1474 974 1524 lueet,
994 1474 1228 1524 adiiciam,
1249 1475 1431 1525 maiori,
1453 1486 1593 1527 quam
1609 1475 1747 1515 facile
1764 1475 1857 1516 dici

214 1544 383 1596 possit,
415 1556 464 1584 se
494 1550 655 1585 mutuo
692 1556 854 1585 amore
887 1546 1125 1598 prosequi,
1160 1546 1524 1598 desyderantes,
1559 1552 1608 1586 ut
1639 1547 1855 1598 coniicio,

215 1616 430 1667 discipuli
450 1616 552 1656 ueri
571 1617 722 1656 nostri
742 1616 1014 1657 Seruatoris
1035 1617 1214 1657 haberi.

295 1687 467 1728 Omnes
488 1700 513 1728 a
536 1694 596 1735 te,
621 1687 676 1728 R.
701 1688 769 1737 P„
801 1689 971 1728 obnixe
993 1690 1308 1740 postulamus,
1338 1696 1389 1729 ut
1410 1701 1495 1729 nos
1517 1690 1608 1730 tuis
1639 1689 1865 1741 precibus¹

213 1758 294 1808 (uti
317 1765 362 1798 te
380 1758 538 1799 facere
560 1759 811 1811 credimus)
835 1760 951 1800 uelis
974 1760 1216 1801 adiuuare.

292 1830 553 1881 Valentiae,
578 1830 769 1871 Calend.
795 1831 1010 1884 Januarii
1033 1832 1143 1872 anni
1170 1832 1287 1871 1555.

289 1900 418 1942 Tuae
439 1901 563 1942 R.‘³¹ae
584 1901 889 1943 Paternitatis
910 1914 1076 1943 seruus
1098 1903 1145 1943 in
1167 1903 1373 1953 Christo,

971 2046 1282 2088 HIERONYMUS
1312 2058 1374 2087 DE
1404 2045 1638 2087 RIPALDA.
