2047 3179
873 182 956 219 Ax.
989 182 1079 219 1553
1725 184 1794 220 ‘227

155 283 362 332 locutus,
392 288 442 321 ut
468 279 650 321 mulieri
678 283 857 318 tantam
880 277 1002 317 hanc
1029 277 1288 318 remitteret
1316 277 1535 318 iniuriam
1565 285 1634 318 est
1670 291 1792 319 asse-

168 359 352 404 quutus.

248 422 489 463 Hactenus
522 421 577 461 de
604 419 830 472 patribus,
867 430 987 470 quae
1018 419 1064 458 in
1094 424 1298 459 mentem
1325 426 1577 470 uenerunt,
1609 420 1793 471 scripsi;

169 506 293 534 nunc
327 494 417 533 iam
456 493 511 532 de
548 491 784 541 fratribus,
821 501 941 541 quae
977 490 1283 540 occurrerint,
1321 490 1490 530 dicam.
1528 490 1632 530 Duo
1668 491 1796 531 missi

170 571 278 605 sunt
298 576 381 616 per
403 565 501 604 dies
522 564 691 603 multos
712 561 771 602 ad
791 561 1012 612 generale
1034 561 1393 612 xenodochium,
1424 568 1474 602 ut
1495 562 1795 613 pauperibus,

168 647 310 687 quam
330 641 520 686 possent
542 645 691 685 opem,
714 632 903 672 ferrent:
928 642 1126 683 quorum
1144 631 1352 672 charitas
1369 639 1413 672 et
1429 632 1668 672 humilitas
1689 644 1798 684 pau-

168 706 358 758 peribus
379 705 631 745 extiterunt
653 714 792 755 quam
812 703 1127 754 gratissimae.
1150 702 1342 743 Fratres
1355 703 1478 743 enim
1495 715 1576 743 eos
1592 704 1799 744 maxima

167 777 387 817 leuabant
421 776 570 815 morbi
605 774 818 815 molestia
854 773 1144 824 aliorumque
1178 774 1392 813 laborum
1416 774 1589 825 taedio,
1619 787 1698 815 eos
1730 786 1797 814 so—

169 848 310 888 lando
333 853 471 898 atque
493 858 637 897 prope
659 857 804 896 aeque
826 844 1038 885 dolendo.
1063 844 1318 885 Monebant
1340 845 1481 885 etiam
1505 858 1585 885 eos
1607 857 1801 897 pauper-

170 918 282 959 tatis
309 930 365 958 ac
393 917 739 968 aegritudinum
768 927 885 956 onus
912 927 971 955 ex
998 927 1048 955 se
1077 916 1326 956 molestum
1348 916 1581 966 patienter
1606 916 1800 967 ferrent,

172 989 509 1039 crederentque
530 987 801 1038 neutiquam
822 998 849 1026 a
869 985 1073 1026 Domino
1104 986 1368 1038 destitutos,
1399 987 1510 1039 quin
1531 988 1687 1039 potius
1708 1000 1802 1028 ma-

174 1060 287 1101 ximi
323 1059 497 1099 amoris
536 1058 707 1098 indicia
733 1057 1127 1109 benignitatisque
1154 1063 1379 1108 paternae
1407 1058 1662 1099 Dominum
1690 1059 1804 1110 ipsis

172 1131 480 1183 praestitisse:
505 1129 576 1170 his
597 1129 785 1169 monitis
811 1128 1006 1180 aliisque
1030 1128 1356 1169 humilioribus
1377 1130 1629 1180 exercitiis,
1654 1131 1802 1170 nostri

173 1203 343 1243 fratres
365 1202 429 1241 ita
461 1212 692 1252 pauperes
722 1210 836 1250 erga
856 1210 905 1239 se
941 1199 1208 1250 affecerant,
1238 1206 1289 1240 ut
1315 1201 1577 1251 aegerrime
1611 1202 1801 1241 tulerint

172 1285 335 1314 eorum
352 1272 614 1312 absentiam
636 1283 756 1321 cum,
780 1270 883 1310 aliis
904 1270 1105 1321 negotiis
1135 1271 1263 1311 domi
1291 1271 1480 1323 detenti,
1504 1284 1552 1312 se
1575 1284 1669 1312 non
1690 1273 1803 1313 inui-

176 1352 347 1385 serent.

254 1415 326 1455 De
347 1413 584 1454 exercitiis
605 1412 844 1453 litterariis
865 1424 1017 1464 pauca
1037 1412 1334 1464 subiungam.
1358 1413 1537 1454 Feruor
1553 1426 1715 1455 eorum
1732 1415 1805 1455 his

177 1485 340 1526 diebus
362 1485 565 1525 maxime
595 1484 756 1524 creuit.
791 1483 998 1534 Singulis
1027 1482 1190 1524 diebus
1224 1484 1470 1525 dominicis
1500 1485 1565 1536 (ut
1595 1498 1621 1525 a
1649 1487 1806 1526 multis

181 1557 344 1597 diebus
364 1556 590 1595 habemus
613 1554 669 1594 de
698 1553 843 1605 more)
873 1553 1184 1595 defenduntur
1214 1567 1241 1595 a
1267 1554 1414 1596 fratre
1441 1557 1648 1608 quodam
1669 1569 1807 1609 quae-

172 1628 287 1668 dam
309 1626 593 1667 assertiones
615 1626 713 1665 eius
732 1625 983 1670 facultatis.
1008 1625 1054 1665 in
1075 1636 1168 1677 qua
1189 1637 1238 1666 se
1266 1633 1468 1667 exercet.
1505 1627 1628 1668 Ante
1649 1634 1807 1670 tamen

178 1710 319 1751 quam
340 1696 610 1738 scholastici
629 1696 969 1748 disputationes
990 1696 1345 1749 aggrediantur,
1369 1698 1519 1738 solent
1541 1700 1807 1741 oratiuncu-

181 1772 252 1810 lae
273 1770 440 1809 breues
464 1767 587 1819 (quia
610 1767 844 1817 longiores
872 1767 1095 1818 temporis
1122 1768 1371 1818 angustiae
1391 1781 1486 1809 non
1515 1771 1807 1822 permittunt)

175 1842 252 1881 uel
271 1851 473 1892 graecae
494 1839 567 1878 uel
587 1838 760 1878 latinae
780 1838 828 1877 in
846 1838 1033 1878 laudem
1051 1838 1247 1879 alicuius
1264 1840 1451 1880 Virtutis
1472 1847 1552 1882 aut
1571 1841 1809 1884 facultatis

172 1911 382 1952 recitari.
397 1909 643 1950 Accedunt
660 1921 719 1948 ex
736 1909 943 1949 externis
958 1909 1254 1950 scholasticis
1272 1912 1554 1962 complures,
1575 1913 1809 1955 accedunt

181 1983 322 2023 etiam
342 1981 576 2021 interdum
596 1980 917 2019 vniuersitatis
943 1980 1251 2031 professores.
1276 1982 1412 2023 Vnde
1434 1983 1482 2023 fit
1509 1990 1559 2024 ut
1585 1984 1812 2026 fratribus

181 2053 353 2094 nostris
376 2064 471 2092 non
492 2052 623 2091 detur
646 2051 1007 2102 argumentandi
1031 2052 1179 2103 locus,
1209 2052 1292 2093 sed
1312 2054 1359 2093 in
1388 2054 1509 2095 diem
1540 2064 1812 2108 sequentem

182 2137 316 2165 suam
333 2123 698 2175 disputationem
714 2121 899 2162 differre
929 2129 1177 2174 cogantur:
1201 2124 1434 2166 intersunt
1455 2138 1640 2179 quoque
1662 2129 1813 2169 nostri

183 2195 520 2236 assertionibus
543 2194 754 2244 aliorum,
780 2192 1007 2234 aduersus
1028 2206 1145 2246 quas
1167 2196 1374 2236 maximo
1396 2197 1597 2249 feruore,
1622 2210 1710 2239 nec
1731 2200 1810 2240 mi-

182 2267 286 2308 nori
307 2266 552 2316 modestia,
576 2265 702 2305 uelut
724 2264 802 2304 alii
823 2272 1227 2316 argumentantur.
1251 2266 1348 2307 Nec
1373 2267 1426 2317 (si
1447 2269 1560 2309 mihi
1581 2269 1627 2309 id
1658 2269 1814 2311 dicere

183 2339 254 2379 sas
280 2338 363 2389 est)
400 2338 447 2377 in
475 2336 723 2387 postremis
758 2336 1002 2386 habentur,
1041 2337 1152 2388 quin
1183 2338 1337 2389 potius
1366 2338 1430 2388 (ut
1457 2340 1601 2380 libere
1641 2341 1814 2392 dicam)

176 2410 390 2450 <omnium
411 2407 754 2448 existimatione
774 2407 896 2447 inter
915 2407 1093 2458 primos
1115 2417 1528 2462 connumerantur,
1562 2412 1609 2452 id
1629 2413 1814 2464 publice

184 2480 529 2532 professoribus
565 2478 960 2518 asseuerantibus.
999 2478 1191 2520 Fratres
1230 2480 1276 2520 id
1311 2481 1519 2523 studiose
1559 2490 1728 2525 curant
1769 2492 1818 2526 ut

181 2551 509 2600 scholasticos,
533 2560 657 2589 nunc
678 2548 850 2600 uerbis,
873 2561 997 2589 nunc
1021 2551 1250 2601 exemplo,
1282 2552 1329 2592 in
1356 2552 1445 2592 Dei
1467 2560 1606 2606 atque
1628 2556 1818 2597 virtutis

187 2634 396 2663 amorem
422 2620 659 2673 pelliciant
690 2625 734 2659 et
762 2620 1016 2670 attrahant,
1049 2627 1093 2660 et
1127 2633 1244 2672 quos
1275 2623 1435 2664 vident
1463 2627 1738 2667 commodos
1760 2628 1820 2668 ad

180 2693 410 2733 exercitia
432 2690 692 2743 spiritualia
714 2691 984 2741 peragenda
1006 2699 1318 2734 commouent.
1352 2694 1474 2735 Hinc
1496 2696 1545 2736 fit
1567 2703 1615 2737 ut
1637 2699 1819 2738 schola-

187 2764 293 2804 stici
312 2764 409 2804 fere
431 2774 590 2803 omnes
612 2761 818 2801 maximo
841 2773 1000 2801 amore
1021 2774 1105 2802 nos
1135 2771 1481 2816 prosequantur
1504 2766 1820 2821 Societatique

187 2840 377 2875 nostrae
399 2835 595 2874 multum
623 2832 965 2872 deuinciantur.
996 2833 1081 2873 His
1112 2834 1275 2875 diebus
1302 2847 1352 2876 se
1383 2836 1607 2879 Societati
1630 2841 1820 2892 quidam

190 2905 465 2946 adolescens
492 2903 681 2951 dicauit,
711 2903 788 2954 qui
816 2902 1002 2954 quidem
1032 2905 1240 2946 omnium
1272 2918 1506 2949 consensu
1534 2912 1819 2963 praecipuus

188 2977 236 3017 in
257 2976 428 3027 linguis
458 2974 734 3024 habebatur3
758 2985 868 3014 nam
890 2973 1013 3024 (cum
1034 2975 1115 3016 uix
1135 2976 1416 3028 uigesimum
1436 2980 1626 3022 tertium
1657 2988 1737 3023 aut
1757 2984 1824 3024 ui-
