2047 3179
204 146 273 183 010
726 143 954 181 L1TTERAE
971 153 1331 187 QUADRIMESTRES

202 243 320 283 nicis
342 253 396 282 ac
418 241 550 281 festis
567 240 729 281 diebus
746 240 1033 280 salutaribus
1050 240 1316 291 praeceptis
1333 239 1656 291 informarent,
1677 240 1846 292 quibus

202 315 323 354 iusta
343 312 610 365 petentibus
636 311 803 362 negari
834 311 948 351 nihil
976 311 1140 363 potuit:
1171 322 1296 350 nunc
1322 309 1445 350 enim
1475 310 1611 351 fratri
1639 311 1841 360 cuidam,

202 396 325 425 nunc
348 383 492 427 Patri.
515 384 604 423 hoc
625 383 867 434 negotium
889 383 1104 431 dabatur,
1125 393 1242 433 quos
1260 381 1405 421 uincti
1422 393 1605 422 summa
1628 383 1844 423 alacrita-

200 464 244 496 te
266 462 310 496 et
330 455 508 496 laetitia
529 454 846 505 excipiebant.
867 453 1003 493 Hunc
1027 453 1230 493 arbitror
1252 453 1462 492 laborem
1478 453 1580 493 Deo
1603 459 1696 505 opt.
1714 465 1840 494 max.

201 540 294 568 non
315 528 555 578 ingratum
577 526 734 575 fuisse,
761 532 858 565 tum
882 525 1005 576 quod
1030 525 1212 564 externi
1237 524 1509 576 spiritaliter
1534 523 1845 565 aedificaban-

202 606 290 649 tur,
314 605 413 639 tum
435 598 561 650 quod
583 608 805 648 magnam
830 596 1081 635 utilitatem
1103 595 1345 636 auditores
1366 596 1703 647 percipiebant.
1726 595 1847 636 Tan-

202 680 249 711 ta
271 676 341 710 est
362 670 475 710 inibi
502 669 580 709 fex
606 675 651 707 et
681 668 863 707 sentina
894 669 1140 717 malorum,
1174 672 1306 706 tanta
1334 667 1577 707 hominum
1601 667 1845 707 multitudo

202 748 245 782 et
266 742 488 791 uarietas,
504 739 798 791 judaeorum,
819 749 1107 787 maurorum,
1127 737 1489 788 haereticorum,
1512 737 1842 787 ueneficorum,

201 814 281 866 qui
301 819 548 853 anteactae
570 811 696 851 uitae
718 809 1005 861 poenitentia
1029 809 1156 849 ducti
1186 816 1492 860 peccatorum
1521 821 1713 850 suorum
1739 821 1845 861 poe-

201 897 286 925 nas
308 885 356 925 in
376 883 576 924 uinculis
597 883 745 931 luunt,
770 881 897 932 quod
919 881 958 920 si
980 881 1075 920 ulla
1097 879 1237 920 fiebat
1266 880 1575 930 intermissio,
1599 892 1706 921 cum
1727 881 1846 921 aliae

202 961 497 1008 emergerent
529 953 880 1005 occupationes,
915 964 1098 992 summo
1130 951 1469 1003 propemodum
1499 952 1661 992 dolore
1693 952 1846 993 affecti

201 1028 503 1068 uehementer
525 1025 761 1076 rogabant
783 1037 841 1065 ne
862 1036 911 1064 se
934 1024 1088 1064 deseri
1105 1035 1224 1063 neue
1246 1030 1377 1064 tanto
1400 1024 1647 1064 commodo
1669 1024 1849 1075 priuari

204 1105 489 1152 pateremur.

288 1170 360 1211 De
382 1171 454 1210 his
477 1169 616 1209 rebus
636 1169 881 1218 hactenus-3
905 1179 1029 1208 nunc
1051 1168 1110 1208 ad
1130 1167 1393 1208 studiorum
1416 1175 1686 1208 nostrorum
1707 1169 1847 1208 ratio-

202 1255 309 1284 nem
331 1241 487 1282 redeo.
514 1241 868 1292 Praeceptores,
893 1246 1070 1292 quanta
1088 1239 1283 1291 quisque
1300 1245 1452 1290 potest
1470 1239 1701 1280 industria
1724 1247 1768 1279 et
1786 1240 1847 1280 di-

142 1363 148 1367 ,
201 1315 411 1366 ligentia,
443 1313 732 1353 contendunt
759 1324 853 1351 non
881 1311 1034 1351 minus
1062 1311 1210 1351 literis
1238 1322 1379 1362 quam
1406 1310 1658 1351 uirtutibus
1691 1311 1845 1351 adole-

204 1391 418 1427 scentum
439 1385 622 1425 animos
643 1384 876 1434 excolere,
900 1394 992 1434 qua
1022 1383 1069 1422 in
1093 1394 1141 1422 re
1172 1388 1215 1422 et
1245 1382 1335 1422 sibi
1361 1387 1406 1422 et
1434 1382 1676 1433 discipulis
1706 1383 1843 1434 pluri-

204 1470 332 1498 mum
350 1455 614 1509 proficiunt3
634 1467 720 1495 nec
737 1455 970 1495 bonorum
987 1454 1251 1503 authorum,
1272 1465 1388 1505 quos
1406 1454 1591 1505 publice
1608 1462 1847 1504 enarrant,

206 1530 403 1571 lectione
426 1528 650 1579 contenti,
675 1527 805 1567 horis
832 1526 1105 1567 succissiuis
1135 1526 1251 1566 alios
1281 1526 1524 1577 utriusque
1555 1526 1744 1577 linguae
1773 1538 1849 1567 au-

201 1603 360 1642 thores
382 1601 619 1641 euoluunt.
648 1598 752 1639 Non
781 1598 982 1650 exiguus
1013 1606 1083 1638 est
1111 1597 1464 1648 ingeniosorum
1498 1597 1849 1638 adolescentum

203 1678 476 1725 prouentus,
508 1682 709 1723 quorum
736 1670 869 1710 multi
897 1681 1122 1721 magnam
1151 1669 1207 1709 de
1235 1680 1284 1708 se
1315 1679 1446 1720 spem
1482 1668 1688 1720 quotidie
1724 1669 1846 1710 exci-

202 1751 318 1786 tant.
344 1743 505 1795 Neque
528 1743 695 1783 desunt
716 1741 861 1782 nobili
883 1742 988 1781 loco
1010 1741 1109 1780 nati
1130 1739 1468 1790 adolescentes,
1494 1740 1572 1792 qui
1594 1746 1639 1780 et
1659 1740 1849 1791 ingenio

201 1824 245 1857 et
268 1816 499 1857 industria
522 1826 615 1854 non
637 1820 744 1854 sunt
766 1813 967 1854 caeteris
989 1812 1251 1852 inferiores.
1282 1811 1431 1852 Maior
1459 1811 1506 1851 in
1535 1810 1634 1852 dies
1656 1823 1847 1852 concur-

202 1900 282 1928 sus
302 1887 367 1935 fit,
391 1887 635 1937 maiorque
657 1885 874 1925 omnibus
897 1884 1131 1935 cupiditas
1154 1883 1361 1933 incessit;
1381 1894 1532 1934 neque
1548 1883 1672 1923 enim
1689 1889 1849 1923 aestus

202 1959 402 2000 saeuitia
424 1957 563 1998 ullius
586 1968 794 2008 unquam
815 1955 1020 1996 studium
1038 1954 1298 1995 retardauit
1316 1954 1566 2006 quominus
1582 1954 1851 2006 frequentes

203 2031 436 2081 uenirent,
462 2040 553 2081 quo
576 2034 788 2080 tempore
810 2027 928 2067 mira
950 2027 1168 2078 paucitas
1189 2037 1294 2066 esse
1316 2026 1450 2066 solet.
1468 2025 1786 2066 Humaniores
1801 2026 1850 2066 li-

201 2109 332 2143 terae
362 2107 543 2153 septem
572 2100 802 2140 classibus
833 2099 1105 2139 edocentur.
1139 2097 1429 2148 Theologiae
1460 2108 1600 2137 casus
1629 2102 1850 2138 octauam

203 2179 511 2225 occuparunt.
537 2171 791 2212 Crescente
813 2176 968 2210 autem
992 2169 1388 2210 scholasticorum
1415 2180 1627 2219 numero,
1655 2168 1773 2218 adeo
1801 2176 1851 2208 ut

205 2256 376 2296 capere
400 2244 644 2284 uenientes
665 2242 886 2283 subsellia
914 2253 1007 2281 non
1037 2247 1244 2292 possent,
1275 2240 1503 2291 singulari
1530 2239 1684 2279 Patris
1714 2238 1851 2279 Miro-

206 2317 278 2357 nis
301 2316 496 2356 consilio
520 2305 710 2355 cautum
732 2320 803 2354 est
824 2325 882 2353 ne
903 2313 984 2353 ulli
1006 2312 1162 2353 aditus
1182 2317 1321 2363 esset,
1344 2311 1433 2351 nisi
1449 2310 1520 2359 iis,
1541 2311 1619 2363 qui
1635 2310 1694 2350 ad
1715 2322 1847 2362 supe-

204 2390 356 2429 riores
388 2388 565 2427 classes
596 2385 877 2438 aspirarent,
911 2395 1018 2425 cum
1045 2384 1092 2424 in
1120 2382 1420 2423 inferioribus
1454 2393 1657 2433 magnae
1692 2388 1848 2422 essent

204 2459 468 2510 angustiae.
494 2457 750 2509 Quingenti
772 2456 916 2507 igitur
937 2457 1041 2507 plus
1057 2455 1212 2495 minus
1228 2455 1276 2494 in
1288 2454 1527 2506 publicum
1544 2454 1849 2504 cathalogum

205 2531 340 2571 relati
357 2536 479 2580 sunt,
499 2529 704 2581 quinque
721 2534 766 2568 et
783 2527 952 2579 uiginti
968 2526 1151 2578 excipio
1169 2525 1508 2574 adolescentes,
1530 2525 1607 2576 qui
1625 2536 1682 2564 ex
1699 2523 1851 2576 prima

207 2602 358 2642 classe
379 2601 439 2641 ad
460 2600 710 2651 grauiores
732 2598 1049 2651 capessendas
1071 2597 1345 2649 disciplinas
1362 2596 1654 2648 prodierunt,
1678 2607 1783 2636 cum
1804 2595 1851 2635 in

206 2673 392 2724 graecis
414 2677 458 2712 et
478 2671 637 2711 latinis
659 2682 753 2711 non
774 2681 943 2722 parum
963 2669 1327 2721 promouissent;
1352 2667 1430 2707 alii
1452 2667 1512 2707 ad
1529 2667 1759 2718 ingenuas
1781 2677 1850 2706 ar·

202 2752 286 2793 teS,
314 2743 392 2783 alii
413 2743 473 2783 ad
494 2741 909 2794 iurisprudentiam
936 2740 1119 2780 animos
1146 2738 1433 2779 adiecerunt.
1459 2737 1672 2789 Vrgente
1695 2743 1852 2777 autem

205 2826 331 2870 uere,
357 2820 407 2854 vt
429 2819 677 2854 contracta
692 2812 921 2852 lassitudo
937 2811 1092 2851 leuato
1110 2821 1252 2850 onere
1268 2809 1498 2861 tantisper
1515 2809 1768 2858 leuaretur,
1787 2807 1850 2847 bi-

207 2898 296 2925 nae
317 2885 532 2936 singulae
552 2884 656 2934 (Βία)
676 2882 1073 2936 praelectionibus
1094 2881 1327 2922 dabantur
1349 2880 1511 2930 horae,
1531 2891 1623 2931 quo
1642 2885 1851 2930 tempore

203 2956 397 3008 quidam
419 2967 479 2995 ex
501 2955 675 2995 nostris
696 2966 778 2994 eas
802 2954 1128 3005 perceptiones
1155 2953 1201 2992 in
1230 2962 1405 3002 magna
1427 2950 1693 2991 auditorum
1720 2960 1851 2990 coro-
