<?xml version="1.0" encoding="UTF-8"?>
<!DOCTYPE html PUBLIC "-//W3C//DTD XHTML 1.0 Transitional//EN"
    "http://www.w3.org/TR/xhtml1/DTD/xhtml1-transitional.dtd">
<html xmlns="http://www.w3.org/1999/xhtml" xml:lang="en" lang="en">
 <head>
  <title>
</title>
<meta http-equiv="Content-Type" content="text/html;charset=utf-8" />
  <meta name='ocr-system' content='tesseract 3.04.00' />
  <meta name='ocr-capabilities' content='ocr_page ocr_carea ocr_par ocr_line ocrx_word'/>
</head>
<body>
  <div class='ocr_page' id='page_1' title='image "./litteraequadrime15lain_0625.png"; bbox 0 0 2047 3179; ppageno 0'>
   <div class='ocr_carea' id='block_1_1' title="bbox 879 172 1797 210">
    <p class='ocr_par' dir='ltr' id='par_1_1' title="bbox 879 172 1797 210">
     <span class='ocr_line' id='line_1_1' title="bbox 879 172 1797 210; baseline -0.001 0"><span class='ocrx_word' id='word_1_1' title='bbox 879 174 962 210; x_wconf 79' lang='lat' dir='ltr'>AN.</span> <span class='ocrx_word' id='word_1_2' title='bbox 995 173 1086 210; x_wconf 87' lang='lat'>1555</span> <span class='ocrx_word' id='word_1_3' title='bbox 1724 172 1797 209; x_wconf 67' lang='lat'>019</span> 
     </span>
    </p>
   </div>
   <div class='ocr_carea' id='block_1_2' title="bbox 166 269 1794 467">
    <p class='ocr_par' dir='ltr' id='par_1_2' title="bbox 166 269 1794 467">
     <span class='ocr_line' id='line_1_2' title="bbox 166 269 1791 326; baseline -0.004 -12"><span class='ocrx_word' id='word_1_4' title='bbox 166 273 399 314; x_wconf 85' lang='lat' dir='ltr'>Dominus</span> <span class='ocrx_word' id='word_1_5' title='bbox 418 273 556 326; x_wconf 87' lang='lat' dir='ltr'>Jesus</span> <span class='ocrx_word' id='word_1_6' title='bbox 576 284 659 325; x_wconf 90' lang='lat' dir='ltr'>pro</span> <span class='ocrx_word' id='word_1_7' title='bbox 681 283 764 312; x_wconf 87' lang='lat' dir='ltr'>sua</span> <span class='ocrx_word' id='word_1_8' title='bbox 787 271 944 311; x_wconf 89' lang='lat' dir='ltr'>diuina</span> <span class='ocrx_word' id='word_1_9' title='bbox 966 271 1212 310; x_wconf 83' lang='lat' dir='ltr'>clementia</span> <span class='ocrx_word' id='word_1_10' title='bbox 1235 270 1492 309; x_wconf 84' lang='lat' dir='ltr'>christiano</span> <span class='ocrx_word' id='word_1_11' title='bbox 1514 269 1699 309; x_wconf 86' lang='lat' dir='ltr'>nomine</span> <span class='ocrx_word' id='word_1_12' title='bbox 1723 270 1791 309; x_wconf 87' lang='lat' dir='ltr'>in-</span> 
     </span>
     <span class='ocr_line' id='line_1_3' title="bbox 168 341 1794 396; baseline -0.002 -12"><span class='ocrx_word' id='word_1_13' title='bbox 168 345 380 396; x_wconf 81' lang='lat' dir='ltr'>signitos,</span> <span class='ocrx_word' id='word_1_14' title='bbox 404 351 454 385; x_wconf 89' lang='lat' dir='ltr'>vt</span> <span class='ocrx_word' id='word_1_15' title='bbox 471 355 714 384; x_wconf 84' lang='lat' dir='ltr'>curramus</span> <span class='ocrx_word' id='word_1_16' title='bbox 732 353 892 383; x_wconf 90' lang='lat' dir='ltr'>omnes</span> <span class='ocrx_word' id='word_1_17' title='bbox 908 342 955 382; x_wconf 92' lang='lat' dir='ltr'>in</span> <span class='ocrx_word' id='word_1_18' title='bbox 976 341 1166 381; x_wconf 88' lang='lat' dir='ltr'>odorem</span> <span class='ocrx_word' id='word_1_19' title='bbox 1187 346 1529 392; x_wconf 83' lang='lat' dir='ltr'>vnguentorum</span> <span class='ocrx_word' id='word_1_20' title='bbox 1547 341 1681 390; x_wconf 86' lang='lat' dir='ltr'>illius,</span> <span class='ocrx_word' id='word_1_21' title='bbox 1702 352 1794 380; x_wconf 74' lang='lat' dir='ltr'>vno</span> 
     </span>
     <span class='ocr_line' id='line_1_4' title="bbox 170 411 1793 467; baseline -0.003 -11"><span class='ocrx_word' id='word_1_22' title='bbox 170 428 264 467; x_wconf 89' lang='lat' dir='ltr'>ore,</span> <span class='ocrx_word' id='word_1_23' title='bbox 289 416 510 456; x_wconf 82' lang='lat' dir='ltr'>concordi</span> <span class='ocrx_word' id='word_1_24' title='bbox 526 414 798 467; x_wconf 86' lang='lat' dir='ltr'>jubilatione</span> <span class='ocrx_word' id='word_1_25' title='bbox 820 420 864 453; x_wconf 88' lang='lat' dir='ltr'>et</span> <span class='ocrx_word' id='word_1_26' title='bbox 885 419 1038 453; x_wconf 90' lang='lat' dir='ltr'>mente</span> <span class='ocrx_word' id='word_1_27' title='bbox 1060 423 1260 463; x_wconf 81' lang='lat' dir='ltr'>syncera</span> <span class='ocrx_word' id='word_1_28' title='bbox 1283 417 1506 462; x_wconf 89' lang='lat' dir='ltr'>perpetuo</span> <span class='ocrx_word' id='word_1_29' title='bbox 1540 411 1604 450; x_wconf 86' lang='lat' dir='ltr'>illi</span> <span class='ocrx_word' id='word_1_30' title='bbox 1632 411 1793 461; x_wconf 89' lang='lat' dir='ltr'>depro-</span> 
     </span>
    </p>
   </div>
   <div class='ocr_carea' id='block_1_3' title="bbox 169 486 1794 606">
    <p class='ocr_par' dir='ltr' id='par_1_3' title="bbox 169 486 1794 606">
     <span class='ocr_line' id='line_1_5' title="bbox 169 486 569 527; baseline -0.008 0"><span class='ocrx_word' id='word_1_31' title='bbox 169 494 349 527; x_wconf 78' lang='lat' dir='ltr'>mentes</span> <span class='ocrx_word' id='word_1_32' title='bbox 369 486 569 526; x_wconf 88' lang='lat' dir='ltr'>laudem.</span> 
     </span>
     <span class='ocr_line' id='line_1_6' title="bbox 212 552 1794 606; baseline -0.004 -8"><span class='ocrx_word' id='word_1_33' title='bbox 212 604 214 606; x_wconf 49' lang='grc'><strong>,</strong></span> <span class='ocrx_word' id='word_1_34' title='bbox 248 557 336 597; x_wconf 85' lang='lat' dir='ltr'>Hic</span> <span class='ocrx_word' id='word_1_35' title='bbox 357 557 496 597; x_wconf 81' lang='lat' dir='ltr'>finem</span> <span class='ocrx_word' id='word_1_36' title='bbox 516 556 673 596; x_wconf 85' lang='lat' dir='ltr'>verbis</span> <span class='ocrx_word' id='word_1_37' title='bbox 694 556 944 606; x_wconf 80' lang='lat' dir='ltr'>imponam,</span> <span class='ocrx_word' id='word_1_38' title='bbox 968 553 1022 594; x_wconf 90' lang='lat' dir='ltr'>R.</span> <span class='ocrx_word' id='word_1_39' title='bbox 1054 553 1121 603; x_wconf 56' lang='lat' dir='ltr'>P„</span> <span class='ocrx_word' id='word_1_40' title='bbox 1160 553 1258 593; x_wconf 85' lang='lat' dir='ltr'>Tua</span> <span class='ocrx_word' id='word_1_41' title='bbox 1292 552 1477 592; x_wconf 80' lang='lat' dir='ltr'>interim</span> <span class='ocrx_word' id='word_1_42' title='bbox 1512 552 1794 592; x_wconf 85' lang='lat' dir='ltr'>Reuerentia</span> 
     </span>
    </p>
   </div>
   <div class='ocr_carea' id='block_1_4' title="bbox 166 622 1799 1454">
    <p class='ocr_par' dir='ltr' id='par_1_4' title="bbox 166 622 1799 1033">
     <span class='ocr_line' id='line_1_7' title="bbox 168 622 1791 680; baseline -0.005 -11"><span class='ocrx_word' id='word_1_43' title='bbox 168 640 253 668; x_wconf 87' lang='lat' dir='ltr'>nos</span> <span class='ocrx_word' id='word_1_44' title='bbox 275 628 375 668; x_wconf 89' lang='lat' dir='ltr'>Deo</span> <span class='ocrx_word' id='word_1_45' title='bbox 398 635 490 680; x_wconf 90' lang='lat' dir='ltr'>opt.</span> <span class='ocrx_word' id='word_1_46' title='bbox 516 638 637 667; x_wconf 82' lang='lat' dir='ltr'>max.</span> <span class='ocrx_word' id='word_1_47' title='bbox 664 626 718 677; x_wconf 92' lang='lat' dir='ltr'>(si</span> <span class='ocrx_word' id='word_1_48' title='bbox 739 625 906 677; x_wconf 85' lang='lat' dir='ltr'>placet)</span> <span class='ocrx_word' id='word_1_49' title='bbox 928 623 1287 673; x_wconf 88' lang='lat' dir='ltr'>commendabit,</span> <span class='ocrx_word' id='word_1_50' title='bbox 1317 628 1546 675; x_wconf 85' lang='lat' dir='ltr'>quatenus</span> <span class='ocrx_word' id='word_1_51' title='bbox 1574 622 1791 672; x_wconf 81' lang='lat' dir='ltr'>dignetur</span> 
     </span>
     <span class='ocr_line' id='line_1_8' title="bbox 170 693 1790 746; baseline -0.004 -7"><span class='ocrx_word' id='word_1_52' title='bbox 170 711 255 739; x_wconf 88' lang='lat' dir='ltr'>sua</span> <span class='ocrx_word' id='word_1_53' title='bbox 277 699 577 739; x_wconf 76' lang='lat' dir='ltr'>inenarrabili</span> <span class='ocrx_word' id='word_1_54' title='bbox 598 699 805 738; x_wconf 83' lang='lat' dir='ltr'>bonitate</span> <span class='ocrx_word' id='word_1_55' title='bbox 826 697 962 737; x_wconf 89' lang='lat' dir='ltr'>nobis</span> <span class='ocrx_word' id='word_1_56' title='bbox 982 696 1027 736; x_wconf 91' lang='lat' dir='ltr'>in</span> <span class='ocrx_word' id='word_1_57' title='bbox 1048 695 1121 735; x_wconf 91' lang='lat' dir='ltr'>his</span> <span class='ocrx_word' id='word_1_58' title='bbox 1151 694 1368 746; x_wconf 86' lang='lat' dir='ltr'>procellis</span> <span class='ocrx_word' id='word_1_59' title='bbox 1399 693 1696 745; x_wconf 77' lang='lat' dir='ltr'>suppeditare</span> <span class='ocrx_word' id='word_1_60' title='bbox 1727 693 1790 732; x_wconf 86' lang='lat' dir='ltr'>vi-</span> 
     </span>
     <span class='ocr_line' id='line_1_9' title="bbox 167 764 1792 821; baseline -0.005 -11"><span class='ocrx_word' id='word_1_61' title='bbox 167 781 258 820; x_wconf 90' lang='lat' dir='ltr'>res,</span> <span class='ocrx_word' id='word_1_62' title='bbox 282 782 339 809; x_wconf 91' lang='lat' dir='ltr'>ne</span> <span class='ocrx_word' id='word_1_63' title='bbox 361 770 418 809; x_wconf 86' lang='lat' dir='ltr'>ab</span> <span class='ocrx_word' id='word_1_64' title='bbox 440 770 594 821; x_wconf 82' lang='lat' dir='ltr'>aliquo</span> <span class='ocrx_word' id='word_1_65' title='bbox 618 775 829 809; x_wconf 89' lang='lat' dir='ltr'>nostrum</span> <span class='ocrx_word' id='word_1_66' title='bbox 849 778 1054 818; x_wconf 85' lang='lat' dir='ltr'>vnquam</span> <span class='ocrx_word' id='word_1_67' title='bbox 1076 765 1326 806; x_wconf 85' lang='lat' dir='ltr'>victoriam</span> <span class='ocrx_word' id='word_1_68' title='bbox 1347 769 1553 816; x_wconf 84' lang='lat' dir='ltr'>reportet</span> <span class='ocrx_word' id='word_1_69' title='bbox 1574 764 1792 815; x_wconf 87' lang='lat' dir='ltr'>antiquus</span> 
     </span>
     <span class='ocr_line' id='line_1_10' title="bbox 167 835 1792 891; baseline -0.004 -12"><span class='ocrx_word' id='word_1_70' title='bbox 167 840 329 890; x_wconf 86' lang='lat' dir='ltr'>hostis,</span> <span class='ocrx_word' id='word_1_71' title='bbox 353 840 528 890; x_wconf 77' lang='lat' dir='ltr'>dicens,</span> <span class='ocrx_word' id='word_1_72' title='bbox 547 839 809 891; x_wconf 72' lang='lat' dir='ltr'>praeualm·</span> <span class='ocrx_word' id='word_1_73' title='bbox 824 840 1060 879; x_wconf 72' lang='lat' dir='ltr'>aduersus</span> <span class='ocrx_word' id='word_1_74' title='bbox 1078 848 1195 876; x_wconf 75' lang='lat' dir='ltr'>eum.</span> <span class='ocrx_word' id='word_1_75' title='bbox 1215 836 1312 876; x_wconf 86' lang='lat' dir='ltr'>Nec</span> <span class='ocrx_word' id='word_1_76' title='bbox 1330 837 1550 885; x_wconf 72' lang='lat' dir='ltr'>exiguam</span> <span class='ocrx_word' id='word_1_77' title='bbox 1567 846 1696 886; x_wconf 91' lang='lat' dir='ltr'>spem</span> <span class='ocrx_word' id='word_1_78' title='bbox 1713 835 1792 874; x_wconf 82' lang='lat' dir='ltr'>ha-</span> 
     </span>
     <span class='ocr_line' id='line_1_11' title="bbox 166 905 1799 956; baseline -0.004 -5"><span class='ocrx_word' id='word_1_79' title='bbox 166 911 328 951; x_wconf 87' lang='lat' dir='ltr'>bemus</span> <span class='ocrx_word' id='word_1_80' title='bbox 366 911 411 950; x_wconf 89' lang='lat' dir='ltr'>in</span> <span class='ocrx_word' id='word_1_81' title='bbox 453 911 742 951; x_wconf 76' lang='lat' dir='ltr'>orationibus</span> <span class='ocrx_word' id='word_1_82' title='bbox 782 909 960 950; x_wconf 72' lang='lat' dir='ltr'>R.d0¹um</span> <span class='ocrx_word' id='word_1_83' title='bbox 997 908 1189 948; x_wconf 88' lang='lat' dir='ltr'>Patrum</span> <span class='ocrx_word' id='word_1_84' title='bbox 1223 918 1278 946; x_wconf 85' lang='lat' dir='ltr'>ac</span> <span class='ocrx_word' id='word_1_85' title='bbox 1316 906 1535 956; x_wconf 75' lang='lat' dir='ltr'>fratrum,</span> <span class='ocrx_word' id='word_1_86' title='bbox 1578 905 1654 956; x_wconf 86' lang='lat' dir='ltr'>qui</span> <span class='ocrx_word' id='word_1_87' title='bbox 1692 905 1799 945; x_wconf 90' lang='lat' dir='ltr'>istic</span> 
     </span>
     <span class='ocr_line' id='line_1_12' title="bbox 169 978 1224 1033; baseline -0.005 -11"><span class='ocrx_word' id='word_1_88' title='bbox 169 989 330 1033; x_wconf 78' lang='lat' dir='ltr'>agunt,</span> <span class='ocrx_word' id='word_1_89' title='bbox 355 982 522 1033; x_wconf 85' lang='lat' dir='ltr'>quibus</span> <span class='ocrx_word' id='word_1_90' title='bbox 544 993 788 1033; x_wconf 88' lang='lat' dir='ltr'>speramus</span> <span class='ocrx_word' id='word_1_91' title='bbox 809 992 895 1020; x_wconf 92' lang='lat' dir='ltr'>nos</span> <span class='ocrx_word' id='word_1_92' title='bbox 919 980 1130 1020; x_wconf 75' lang='lat' dir='ltr'>adiutum</span> <span class='ocrx_word' id='word_1_93' title='bbox 1152 978 1224 1018; x_wconf 88' lang='lat' dir='ltr'>iri.</span> 
     </span>
    </p>

    <p class='ocr_par' dir='ltr' id='par_1_5' title="bbox 168 1047 1793 1163">
     <span class='ocr_line' id='line_1_13' title="bbox 250 1047 1793 1102; baseline -0.005 -9"><span class='ocrx_word' id='word_1_94' title='bbox 250 1052 368 1093; x_wconf 76' lang='lat' dir='ltr'>Vale</span> <span class='ocrx_word' id='word_1_95' title='bbox 389 1052 600 1102; x_wconf 85' lang='lat' dir='ltr'>feliciter,</span> <span class='ocrx_word' id='word_1_96' title='bbox 624 1052 678 1093; x_wconf 88' lang='lat' dir='ltr'>R.</span> <span class='ocrx_word' id='word_1_97' title='bbox 701 1052 750 1092; x_wconf 89' lang='lat' dir='ltr'>P.</span> <span class='ocrx_word' id='word_1_98' title='bbox 773 1052 820 1091; x_wconf 92' lang='lat' dir='ltr'>in</span> <span class='ocrx_word' id='word_1_99' title='bbox 842 1051 1028 1092; x_wconf 86' lang='lat' dir='ltr'>Christo</span> <span class='ocrx_word' id='word_1_100' title='bbox 1047 1050 1172 1102; x_wconf 82' lang='lat' dir='ltr'>Jesu,</span> <span class='ocrx_word' id='word_1_101' title='bbox 1201 1049 1277 1088; x_wconf 91' lang='lat' dir='ltr'>cui</span> <span class='ocrx_word' id='word_1_102' title='bbox 1307 1049 1457 1088; x_wconf 88' lang='lat' dir='ltr'>honor</span> <span class='ocrx_word' id='word_1_103' title='bbox 1487 1055 1530 1087; x_wconf 84' lang='lat' dir='ltr'>et</span> <span class='ocrx_word' id='word_1_104' title='bbox 1565 1047 1715 1097; x_wconf 82' lang='lat' dir='ltr'>gloria</span> <span class='ocrx_word' id='word_1_105' title='bbox 1746 1047 1793 1086; x_wconf 89' lang='lat' dir='ltr'>in</span> 
     </span>
     <span class='ocr_line' id='line_1_14' title="bbox 168 1123 448 1163; baseline -0.007 0"><span class='ocrx_word' id='word_1_106' title='bbox 168 1123 295 1163; x_wconf 86' lang='lat' dir='ltr'>omni</span> <span class='ocrx_word' id='word_1_107' title='bbox 316 1135 448 1163; x_wconf 82' lang='lat' dir='ltr'>aeuo.</span> 
     </span>
    </p>

    <p class='ocr_par' dir='ltr' id='par_1_6' title="bbox 246 1189 1740 1243">
     <span class='ocr_line' id='line_1_15' title="bbox 246 1189 1740 1243; baseline -0.004 -9"><span class='ocrx_word' id='word_1_108' title='bbox 246 1193 460 1234; x_wconf 79' lang='lat' dir='ltr'>Lutetiae</span> <span class='ocrx_word' id='word_1_109' title='bbox 481 1194 781 1243; x_wconf 76' lang='lat' dir='ltr'>Parisiorum,</span> <span class='ocrx_word' id='word_1_110' title='bbox 805 1193 877 1233; x_wconf 92' lang='lat' dir='ltr'>die</span> <span class='ocrx_word' id='word_1_111' title='bbox 899 1192 1104 1232; x_wconf 86' lang='lat' dir='ltr'>secunda</span> <span class='ocrx_word' id='word_1_112' title='bbox 1124 1191 1298 1230; x_wconf 89' lang='lat' dir='ltr'>mensis</span> <span class='ocrx_word' id='word_1_113' title='bbox 1319 1189 1603 1241; x_wconf 84' lang='lat' dir='ltr'>Septembris</span> <span class='ocrx_word' id='word_1_114' title='bbox 1626 1189 1740 1229; x_wconf 87' lang='grc'>1555.</span> 
     </span>
    </p>

    <p class='ocr_par' dir='ltr' id='par_1_7' title="bbox 247 1261 1352 1310">
     <span class='ocr_line' id='line_1_16' title="bbox 247 1261 1352 1310; baseline -0.005 -5"><span class='ocrx_word' id='word_1_115' title='bbox 247 1264 318 1305; x_wconf 92' lang='lat' dir='ltr'>De</span> <span class='ocrx_word' id='word_1_116' title='bbox 340 1265 667 1305; x_wconf 88' lang='lat' dir='ltr'>commissione</span> <span class='ocrx_word' id='word_1_117' title='bbox 688 1263 780 1304; x_wconf 73' lang='lat' dir='ltr'>Rdi</span> <span class='ocrx_word' id='word_1_118' title='bbox 802 1262 898 1303; x_wconf 85' lang='lat' dir='ltr'>D.ni</span> <span class='ocrx_word' id='word_1_119' title='bbox 917 1263 1071 1303; x_wconf 80' lang='lat' dir='ltr'>Patris</span> <span class='ocrx_word' id='word_1_120' title='bbox 1091 1261 1352 1310; x_wconf 74' lang='lat' dir='ltr'>paschasii,</span> 
     </span>
    </p>

    <p class='ocr_par' dir='ltr' id='par_1_8' title="bbox 827 1333 1449 1454">
     <span class='ocr_line' id='line_1_17' title="bbox 827 1333 1048 1374; baseline -0.014 0"><span class='ocrx_word' id='word_1_121' title='bbox 827 1333 879 1374; x_wconf 87' lang='lat' dir='ltr'>R.</span> <span class='ocrx_word' id='word_1_122' title='bbox 913 1333 961 1373; x_wconf 86' lang='lat' dir='ltr'>P.</span> <span class='ocrx_word' id='word_1_123' title='bbox 995 1333 1048 1373; x_wconf 88' lang='lat' dir='ltr'>T.</span> 
     </span>
     <span class='ocr_line' id='line_1_18' title="bbox 887 1404 1449 1454; baseline -0.005 -9"><span class='ocrx_word' id='word_1_124' title='bbox 887 1405 1062 1445; x_wconf 68' lang='lat' dir='ltr'>Seruus</span> <span class='ocrx_word' id='word_1_125' title='bbox 1083 1404 1449 1454; x_wconf 85' lang='lat' dir='ltr'>indignissimus,</span> 
     </span>
    </p>
   </div>
   <div class='ocr_carea' id='block_1_5' title="bbox 952 1547 1526 1588">
    <p class='ocr_par' dir='ltr' id='par_1_9' title="bbox 952 1547 1526 1588">
     <span class='ocr_line' id='line_1_19' title="bbox 952 1547 1526 1588; baseline -0.002 -1"><span class='ocrx_word' id='word_1_126' title='bbox 952 1547 1186 1588; x_wconf 76' lang='lat' dir='ltr'>NICOLAus</span> <span class='ocrx_word' id='word_1_127' title='bbox 1217 1547 1526 1587; x_wconf 76' lang='lat' dir='ltr'>BELLEFILLE.</span> 
     </span>
    </p>
   </div>
   <div class='ocr_carea' id='block_1_6' title="bbox 166 1762 1793 2100">
    <p class='ocr_par' dir='ltr' id='par_1_10' title="bbox 166 1762 1793 1948">
     <span class='ocr_line' id='line_1_20' title="bbox 248 1762 1787 1817; baseline -0.002 -12"><span class='ocrx_word' id='word_1_128' title='bbox 248 1766 600 1817; x_wconf 69' lang='lat' dir='ltr'>Superscrz&#39;pte&#39;o</span> <span class='ocrx_word' id='word_1_129' title='bbox 635 1765 684 1804; x_wconf 74' lang='lat' dir='ltr'>in</span> <span class='ocrx_word' id='word_1_130' title='bbox 712 1767 885 1816; x_wconf 72' lang='lat' dir='ltr'>quarta</span> <span class='ocrx_word' id='word_1_131' title='bbox 906 1765 1114 1816; x_wconf 74' lang='lat' dir='ltr'>pagina:</span> <span class='ocrx_word' id='word_1_132' title='bbox 1144 1763 1245 1804; x_wconf 77' lang='lat' dir='ltr'>R.d0</span> <span class='ocrx_word' id='word_1_133' title='bbox 1279 1765 1325 1804; x_wconf 88' lang='lat' dir='ltr'>in</span> <span class='ocrx_word' id='word_1_134' title='bbox 1359 1764 1479 1815; x_wconf 88' lang='lat' dir='ltr'>Xpo.</span> <span class='ocrx_word' id='word_1_135' title='bbox 1517 1764 1643 1803; x_wconf 86' lang='lat' dir='ltr'>Patri</span> <span class='ocrx_word' id='word_1_136' title='bbox 1682 1762 1787 1802; x_wconf 73' lang='lat' dir='ltr'>D.1¹&lt;·</span> 
     </span>
     <span class='ocr_line' id='line_1_21' title="bbox 166 1834 1793 1888; baseline -0.002 -11"><span class='ocrx_word' id='word_1_137' title='bbox 166 1837 349 1888; x_wconf 82' lang='lat' dir='ltr'>Ignatio</span> <span class='ocrx_word' id='word_1_138' title='bbox 371 1838 427 1877; x_wconf 90' lang='lat' dir='ltr'>de</span> <span class='ocrx_word' id='word_1_139' title='bbox 449 1836 645 1887; x_wconf 82' lang='lat' dir='ltr'>Loyola‚</span> <span class='ocrx_word' id='word_1_140' title='bbox 670 1835 942 1886; x_wconf 81' lang='lat' dir='ltr'>Praeposito</span> <span class='ocrx_word' id='word_1_141' title='bbox 961 1836 1179 1876; x_wconf 84' lang='lat' dir='ltr'>Generali</span> <span class='ocrx_word' id='word_1_142' title='bbox 1198 1835 1448 1876; x_wconf 85' lang='lat' dir='ltr'>Societatis</span> <span class='ocrx_word' id='word_1_143' title='bbox 1465 1835 1666 1874; x_wconf 90' lang='lat' dir='ltr'>nominis</span> <span class='ocrx_word' id='word_1_144' title='bbox 1682 1834 1793 1886; x_wconf 83' lang='lat' dir='ltr'>Jesu</span> 
     </span>
     <span class='ocr_line' id='line_1_22' title="bbox 166 1906 1379 1948; baseline -0.002 0"><span class='ocrx_word' id='word_1_145' title='bbox 166 1909 213 1948; x_wconf 87' lang='lat' dir='ltr'>in</span> <span class='ocrx_word' id='word_1_146' title='bbox 234 1909 427 1948; x_wconf 89' lang='lat' dir='ltr'>aedibus</span> <span class='ocrx_word' id='word_1_147' title='bbox 446 1908 617 1948; x_wconf 81' lang='lat' dir='ltr'>Beatae</span> <span class='ocrx_word' id='word_1_148' title='bbox 640 1907 817 1947; x_wconf 83' lang='lat' dir='ltr'>Mariae</span> <span class='ocrx_word' id='word_1_149' title='bbox 838 1908 957 1947; x_wconf 85' lang='lat' dir='ltr'>della</span> <span class='ocrx_word' id='word_1_150' title='bbox 978 1906 1165 1947; x_wconf 85' lang='lat' dir='ltr'>Strada.</span> <span class='ocrx_word' id='word_1_151' title='bbox 1186 1906 1379 1947; x_wconf 83' lang='lat' dir='ltr'>Romae.</span> 
     </span>
    </p>

    <p class='ocr_par' dir='ltr' id='par_1_11' title="bbox 246 1976 1685 2029">
     <span class='ocr_line' id='line_1_23' title="bbox 246 1976 1685 2029; baseline -0.002 -10"><span class='ocrx_word' id='word_1_152' title='bbox 246 1979 358 2019; x_wconf 67' lang='lat' dir='ltr'>Alia</span> <span class='ocrx_word' id='word_1_153' title='bbox 374 1990 537 2019; x_wconf 78' lang='lat' dir='ltr'>mann:</span> <span class='ocrx_word' id='word_1_154' title='bbox 562 1978 675 2018; x_wconf 86' lang='grc'>1555.</span> <span class='ocrx_word' id='word_1_155' title='bbox 699 1978 906 2018; x_wconf 86' lang='lat' dir='ltr'>Parisiis.</span> <span class='ocrx_word' id='word_1_156' title='bbox 930 1977 1309 2029; x_wconf 85' lang='lat' dir='ltr'>Quadrimestres</span> <span class='ocrx_word' id='word_1_157' title='bbox 1329 1977 1354 2017; x_wconf 83' lang='lat'><strong>2</strong></span> <span class='ocrx_word' id='word_1_158' title='bbox 1383 1976 1685 2028; x_wconf 83' lang='lat' dir='ltr'>Septembris.</span> 
     </span>
    </p>

    <p class='ocr_par' dir='ltr' id='par_1_12' title="bbox 259 2046 1533 2100">
     <span class='ocr_line' id='line_1_24' title="bbox 259 2046 1533 2100; baseline -0.002 -10"><span class='ocrx_word' id='word_1_159' title='bbox 259 2050 520 2100; x_wconf 39' lang='lat' dir='ltr'>Vestt&#39;gz&#39;zaetm</span> <span class='ocrx_word' id='word_1_160' title='bbox 542 2060 673 2089; x_wconf 78' lang='lat' dir='ltr'>cerae</span> <span class='ocrx_word' id='word_1_161' title='bbox 692 2048 864 2100; x_wconf 73' lang='lat' dir='ltr'>sigilli.</span> <span class='ocrx_word' id='word_1_162' title='bbox 1530 2046 1533 2047; x_wconf 45' lang='lat'><em>⁷</em></span> 
     </span>
    </p>
   </div>
  </div>
 </body>
</html>
