2047 3179
887 118 971 156 AN.
1003 118 1094 156 1554
1745 119 1817 157 1οῖ)

877 567 1121 623 CCOXV

242 793 292 832 P.
312 794 576 834 Leonardus
595 796 753 834 Kessel

289 860 413 898 Patri
431 860 603 908 Ignatio
622 860 676 899 de
695 861 881 909 Loyola.

340 924 541 974 Colonia,
566 926 582 964 l
603 926 878 974 Septembris
899 925 990 963 1554
1010 927 1034 963 ¹.

952 1124 1050 1203 ιῖιε

252 1355 417 1396 Gratia
434 1362 479 1396 et
499 1369 593 1408 pax
613 1356 688 1397 X.i
715 1357 903 1398 Domini
925 1357 1185 1397 nobiscum.

248 1426 436 1468 Literas
459 1428 826 1479 quadrimestres
847 1429 1123 1480 scripturus,
1146 1426 1248 1468 Rde
1272 1427 1319 1468 in
1340 1426 1424 1467 X.⁰
1444 1426 1512 1477 P.,
1527 1427 1678 1478 primo
1698 1426 1810 1466 scri-

168 1498 373 1539 bendum
408 1500 613 1540 occurrit
640 1499 697 1540 de
731 1500 958 1540 immensa
982 1499 1072 1540 Dei
1100 1510 1214 1551 erga
1241 1510 1327 1539 nos
1353 1499 1577 1549 bonitate,
1602 1509 1692 1550 qua
1723 1509 1813 1538 nos-

169 1569 297 1611 fouet
326 1571 624 1623 protegitque
645 1571 735 1612 hoc
755 1572 802 1612 in
822 1578 1032 1624 tempore
1057 1572 1196 1619 malo,
1221 1582 1326 1623 quo,
1356 1570 1584 1611 bellorum
1606 1570 1811 1610 tumulti-

171 1640 283 1692 bus,
321 1642 668 1683 haereticorum
702 1643 843 1684 sectis
877 1649 922 1683 et
955 1643 1094 1684 nouis
1129 1642 1498 1692 infirmitatibus,
1536 1641 1809 1693 perturbata

174 1719 429 1754 cernuntur
466 1714 637 1765 omnia,
670 1726 764 1755 non
793 1726 939 1767 paruo
970 1714 1258 1755 cumdolore
1290 1713 1433 1754 animi
1461 1713 1624 1754 nostri.
1649 1711 1808 1753 Domi-

175 1795 263 1824 nus
284 1790 441 1825 tamen
458 1797 543 1826 sua
565 1785 809 1826 clementia
826 1786 873 1826 in
893 1797 1025 1839 spem
1044 1797 1131 1827 nos
1152 1785 1304 1837 erigit,
1328 1785 1375 1825 in
1392 1784 1584 1837 diesque
1605 1796 1691 1825 nos
1712 1796 1806 1824 ma-

169 1855 243 1907 gis
264 1867 456 1906 sperare
484 1856 611 1907 facit,
636 1857 709 1897 cui
730 1858 1015 1910 impossibile
1042 1857 1172 1908 nihil,
1202 1857 1312 1909 quin
1340 1857 1414 1897 his
1435 1857 1571 1897 malis
1592 1856 1810 1896 omnibus*

171 1926 311 1967 finem
332 1927 460 1968 dabit
480 1939 657 1979 nosque
685 1928 862 1981 eripiet,
896 1929 943 1969 in
970 1934 1274 1980 augmentum
1295 1928 1477 1979 gloriae
1494 1927 1696 1968 nominis
1717 1926 1807 1977 sui,

169 1998 230 2038 ad
251 1999 611 2039 restaurandam
631 1999 893 2040 Ecclesiam
909 2011 1058 2051 suam,
1073 2005 1124 2040 vt
1141 2000 1240 2052 ipse
1261 2005 1422 2051 pastor
1439 2009 1581 2039 verus
1599 1998 1806 2038 omnium

170 2070 499 2110 constituatur:
522 2071 773 2122 plurimum
789 2083 875 2112 nos
897 2071 943 2111 in
964 2071 1166 2111 Domino
1188 2071 1306 2111 haec
1328 2082 1434 2122 spes
1456 2071 1742 2110 consolatur.

253 2140 426 2181 Nostra
449 2140 646 2182 Colonia
669 2153 802 2182 suam
821 2142 1210 2192 beneuolentiam,
1235 2148 1280 2182 et
1301 2141 1580 2182 charitatem
1601 2152 1695 2181 non
1711 2151 1807 2180 mo-

172 2212 345 2263 dicam,
370 2224 482 2264 erga
504 2224 589 2253 nos
610 2213 657 2253 in
679 2213 777 2254 dies
806 2213 1030 2264 declarat,
1066 2225 1160 2254 non
1180 2213 1337 2254 verbis
1369 2218 1550 2253 tantum
1571 2212 1653 2252 sed
1674 2217 1718 2252 et
1738 2211 1803 2251 fa-

173 2283 276 2324 ctis.
300 2282 532 2324 Dominus
553 2290 880 2325 remunerator
901 2285 1107 2325 omnium
1129 2285 1355 2325 retribuat
1376 2284 1442 2324 eis
1463 2283 1721 2324 secundum
1742 2282 1806 2323 di-

171 2353 311 2394 uitias
333 2354 559 2395 bonitatis
580 2366 708 2406 suae,
732 2355 779 2396 in
799 2355 887 2396 hoc
908 2357 1065 2396 seculo
1088 2362 1132 2397 et
1153 2356 1200 2396 in
1219 2355 1392 2396 futuro,

249 2424 485 2466 Plurimos
517 2426 790 2467 confitentes
818 2426 1081 2477 habuimus,
1111 2427 1189 2479 qui
1209 2439 1371 2467 omnes
1392 2427 1539 2467 vitam
1561 2427 1608 2467 in
1638 2428 1805 2468 melius

173 2502 439 2537 statuerunt
461 2503 737 2538 conuertere
759 2504 804 2539 et
825 2509 875 2539 se
896 2504 1019 2539 totos
1052 2498 1126 2540 X.i
1157 2499 1428 2551 mancipare
1450 2499 1655 2540 seruitio.
1679 2499 1809 2540 Inter

170 2579 286 2619 quos
309 2580 453 2608 unum
473 2568 763 2609 haereticum
783 2569 1046 2619 habuimUS,
1069 2570 1147 2621 qui
1169 2582 1218 2610 se
1237 2570 1296 2610 ad
1315 2570 1577 2611 Ecclesiam
1593 2569 1667 2611 X.i
1698 2581 1806 2611 con-

167 2638 322 2679 uertit.
344 2638 656 2680 plurimorum
672 2640 918 2691 generales
939 2641 1262 2682 confessiones
1280 2641 1559 2682 audiuimus.

249 2709 355 2750 Duo
368 2709 595 2751 Canonici
610 2710 1012 2763 Nouiomagenses
1025 2723 1126 2752 sese
1136 2710 1360 2753 Societati
1377 2713 1604 2754 dederunt
1620 2712 1648 2751 ².
1668 2712 1807 2753 Vnus.

221 2846 232 2866 ¹
272 2847 534 2882 Autographae,
548 2848 647 2875 unico
657 2848 747 2882 folio,
763 2856 794 2875 n.
808 2847 872 2876 238.

221 2893 236 2914 ²
276 2894 407 2923 Horum
420 2896 568 2928 nomina,
583 2896 867 2930 quemadmodum
883 2900 915 2924 et
935 2897 1089 2933 aliorum,
1105 2899 1161 2933 qui
1176 2899 1240 2927 hoc
1256 2907 1343 2928 anno
1359 2899 1568 2928 Societatem
1582 2904 1660 2928 sunt
1676 2901 1806 2935 ampl&

167 2942 253 2975 xati,
266 2942 343 2970 vide
359 2943 392 2970 in
407 2943 554 2972 ΡοιΑΝς]
573 2943 708 2978 Chron„
721 2944 792 2971 vol.
810 2951 857 2980 iv,
872 2952 901 2973 n.
918 2944 970 2973 587
984 2950 1017 2974 et
1031 2947 1265 2981 sequentibus.
