2047 3179
884 177 968 213 AN.
998 176 1089 213 1555
1729 178 1800 217 225

169 289 293 316 nunc
315 276 541 316 orationis
563 274 815 325 asperitate
838 272 1241 324 perterrefaciens,
1270 272 1442 312 habitis
1475 274 1614 313 etiam
1638 276 1798 326 aliqui-

170 348 256 387 bus
277 347 476 398 publicis
502 345 818 393 concionibus,
849 343 1038 383 tandem
1073 349 1175 394 post
1205 343 1305 391 hos,
1335 355 1451 394 quos
1473 344 1582 394 dixi,
1608 345 1719 395 dieS,
1751 347 1796 386 in

171 430 306 458 suam
340 418 620 458 sententiam
660 427 739 455 eos
781 414 940 454 uenire
981 414 1220 465 compulit.
1264 414 1433 454 Mirum
1469 421 1538 454 est
1585 416 1799 466 profecto

172 495 395 541 quantum
407 488 637 528 Dominus
652 486 835 526 illorum
852 485 995 525 corda
1013 484 1263 524 durissima
1281 485 1469 525 monitis
1487 485 1638 525 Patris
1660 488 1795 526 emol-

171 561 308 600 lierit.
334 558 452 599 Nam
473 558 679 598 efficacia
702 556 844 597 diuini
872 556 1017 605 verbi,
1046 567 1192 607 usque
1214 555 1273 595 ad
1301 555 1578 595 diuisionem
1608 557 1800 607 spiritus

172 630 495 682 pertingentis,
520 628 737 676 conuicti,
761 638 810 667 se
832 632 953 666 totos
975 626 1202 666 uoluntati
1223 625 1376 666 Patris
1397 627 1711 677 subiecerunt,
1735 635 1797 675 et,

173 712 492 752 quaecumque
513 700 600 739 sibi
622 698 952 750 praecepisset,
976 696 1239 736 firmissime
1266 698 1600 737 obseruaturos
1621 699 1795 749 pollici—

172 773 221 820 ti,
246 772 339 811 iam
361 771 493 822 quasi
516 782 647 810 mora
670 769 928 820 defatigati,
952 768 1060 820 quid
1084 780 1133 808 se
1154 768 1309 808 facere
1331 769 1484 819 vellet,
1509 769 1633 809 dicto
1656 770 1798 810 citius

171 842 427 891 executuri,
453 841 767 893 postulabant.
791 839 930 879 Pater
952 850 1030 878 eos
1053 839 1112 878 ad
1128 839 1377 879 ecclesiam
1397 841 1695 891 conuocauit,
1715 841 1794 881 ibi—

171 924 258 965 que
281 924 468 952 sacrum
488 912 611 961 fecit,
635 911 779 951 multa
801 910 855 950 de
882 921 998 961 pace
1020 910 1264 961 praeclara
1285 910 1416 961 dixit,
1441 917 1651 951 mutuum
1673 923 1797 952 amo-

172 995 270 1024 rem
288 984 392 1033 illis,
411 983 589 1023 habens
605 983 652 1022 in
668 982 881 1022 manibus
898 981 1245 1021 sanctissimum
1262 980 1436 1022 Christi
1457 982 1652 1033 Corpus,
1673 994 1793 1023 com-

172 1054 424 1095 mendauit.
449 1054 748 1105 Tandemque
769 1052 876 1092 fecit
897 1059 946 1092 ut
966 1064 1138 1092 nouam
1159 1052 1430 1102 amicitiam,
1454 1053 1500 1092 in
1523 1060 1799 1105 perpetuum

174 1127 390 1176 (Domino
412 1125 615 1175 volente)
634 1125 923 1174 duraturam,
944 1123 1233 1174 amplexibus
1254 1123 1599 1164 confirmarent.
1618 1125 1797 1176 Magni-

172 1198 337 1238 ficetur
358 1208 472 1247 ergo
494 1196 739 1243 Dominus,
770 1195 849 1247 qui
877 1195 1018 1234 multo
1049 1195 1239 1234 suauius
1269 1207 1344 1235 res
1370 1195 1501 1235 nouit
1532 1196 1796 1247 disponere,

174 1280 315 1320 quam
342 1279 428 1308 nos
455 1267 725 1307 homunculi
754 1267 955 1306 sciamus
988 1272 1161 1317 petere,
1193 1267 1268 1306 uel
1302 1267 1535 1318 possimus
1556 1274 1798 1318 exoptare.

172 1339 294 1379 Nam
315 1339 418 1390 quis
439 1350 613 1390 quaeso
636 1343 772 1387 esset,
803 1337 880 1388 qui
907 1344 1003 1377 tam
1031 1336 1242 1377 foelicem
1279 1349 1546 1378 successum
1576 1350 1675 1379 rem
1701 1345 1799 1379 tam

176 1411 488 1461 periculosam
509 1409 773 1448 habituram
793 1409 866 1448 uel
889 1408 1099 1448 crederet
1118 1409 1192 1448 uel
1213 1410 1443 1460 speraret?

251 1481 345 1521 Vix
367 1480 504 1520 Pater
526 1480 614 1519 hoc
635 1491 751 1530 opus
773 1480 1052 1529 absoluerat,
1078 1490 1184 1519 cum
1201 1480 1398 1519 nuncius
1411 1479 1614 1532 quidam,
1640 1493 1667 1521 a
1684 1493 1798 1533 quo-

171 1553 281 1591 dam
302 1552 473 1602 populo
496 1550 762 1590 Fontinenti
783 1550 937 1590 uicino
959 1550 1142 1600 missus,
1168 1550 1454 1601 aduentauit,
1486 1552 1564 1603 qui
1588 1552 1799 1592 vniuersi

170 1623 330 1674 populi
352 1622 550 1671 nomine,
575 1621 702 1660 Patri
724 1620 914 1660 summis
934 1621 1149 1671 precibus
1171 1620 1464 1673 efflagitaret,
1497 1623 1637 1662 uellet
1658 1635 1795 1663 suurn

169 1695 393 1745 populum
410 1693 553 1742 adire,
579 1693 731 1732 aiebat
752 1693 872 1732 enim
895 1704 1069 1743 omnes,
1094 1699 1320 1745 quotquot
1336 1694 1383 1733 in
1404 1706 1459 1734 eo
1478 1702 1625 1744 erant,
1650 1695 1800 1734 incre-

171 1766 300 1805 dibili
323 1764 474 1804 Patris
497 1763 715 1804 audiendi
737 1764 981 1815 desyderio
995 1764 1156 1804 teneri.
1180 1764 1320 1805 Pater
1336 1777 1430 1806 non
1450 1766 1599 1817 potuit
1616 1766 1801 1806 illorum

170 1838 259 1888 piis
290 1836 412 1876 uotis
434 1847 527 1875 non
549 1835 859 1886 acquiescere,
884 1841 981 1875 tum
1009 1835 1116 1886 quia
1137 1835 1231 1875 iam
1260 1835 1307 1876 id
1333 1837 1486 1887 ipsum
1521 1837 1638 1877 alias
1658 1838 1802 1888 petie-

170 1914 292 1958 rant,
318 1906 455 1958 quod,
480 1907 587 1958 quia
608 1918 701 1946 non
722 1912 953 1957 potuerat,
983 1908 1050 1948 eis
1080 1919 1173 1947 non
1208 1915 1530 1958 concesserat,
1562 1915 1661 1948 tum
1691 1909 1803 1960 quia

171 1990 395 2030 magnum
430 1977 535 2018 inde
558 1977 853 2018 commodum
882 1986 1138 2030 reportare,
1163 1991 1268 2019 cum
1297 1991 1376 2019 eos
1398 1980 1465 2019 sic
1493 1991 1604 2019 suae
1631 1980 1800 2020 doctri-

172 2061 260 2090 nae
284 2049 463 2089 uideret
484 2055 772 2100 appetentes,
802 2050 1035 2100 sperabat.
1065 2050 1132 2091 Eo
1164 2051 1318 2102 itaque
1353 2051 1446 2090 iam
1475 2051 1535 2091 ad
1563 2063 1642 2091 eos
1670 2062 1799 2091 acce-

173 2121 325 2171 dente,
350 2126 600 2171 antequam
623 2119 681 2159 ad
708 2121 929 2170 populum
957 2122 1237 2172 peruenerit,
1267 2121 1380 2161 facti
1409 2128 1516 2161 sunt
1544 2121 1585 2161 ei
1614 2121 1803 2162 obuiam

173 2198 348 2243 patres,
381 2202 498 2242 quos
520 2191 698 2230 iuratos
728 2200 916 2242 vocant,
947 2193 1117 2243 aliique
1145 2193 1304 2244 populi
1333 2193 1570 2243 primates,
1594 2193 1672 2244 qui
1694 2204 1802 2232 cum

176 2262 383 2314 puerulis
404 2262 560 2302 multis
581 2262 854 2301 canentibus
881 2263 1188 2303 christianam
1220 2263 1483 2303 doctrinam
1515 2263 1670 2315 (quam
1704 2264 1801 2315 qui-

177 2334 285 2374 dam
305 2345 329 2373 e
351 2334 523 2374 nostris
545 2344 624 2373 eos
646 2333 917 2383 docuerant)
940 2340 1238 2386 exceperunt.
1262 2334 1401 2386 Apud
1422 2346 1502 2374 eos
1530 2335 1692 2375 habuit
1712 2335 1802 2375 Pa-

177 2411 248 2444 ter
268 2404 428 2444 nescio
449 2415 566 2455 quas
588 2403 852 2454 conciones,
877 2416 1009 2455 quae,
1044 2411 1092 2445 ut
1120 2405 1166 2444 in
1194 2417 1376 2445 summa
1405 2405 1575 2456 dicam,
1600 2418 1692 2446 non
1721 2407 1803 2446 mi-

177 2487 266 2516 nus
285 2475 515 2516 iucundae
543 2475 655 2526 ipsis
678 2474 949 2516 acciderunt
970 2487 1108 2527 quam
1139 2476 1324 2517 fuerant
1346 2484 1611 2528 exoptatae.

256 2547 315 2587 Et
335 2553 384 2586 ut
405 2546 465 2586 ad
485 2546 590 2595 alia,
622 2557 740 2597 quae
768 2546 823 2586 de
854 2546 956 2586 aliis
983 2547 1194 2598 patribus
1225 2555 1360 2598 gesta
1387 2555 1509 2599 sunt,
1540 2549 1803 2599 deueniam,

178 2617 270 2658 duo
291 2623 450 2669 patres
470 2617 601 2657 missi
621 2622 728 2657 sunt
748 2617 808 2657 ad
828 2618 1023 2669 populos
1043 2617 1272 2670 quosdam
1287 2617 1518 2670 Sugurbio
1539 2620 1734 2671 uicinOS,
1754 2627 1807 2661 ut

179 2688 389 2729 diuinum
416 2688 610 2728 uerbum
637 2688 935 2737 seminarent,
965 2688 1284 2729 confessiones
1313 2690 1547 2741 audirent,
1587 2691 1808 2743 aliudque

179 2759 502 2811 quodcumque
517 2765 706 2810 possent
726 2759 951 2810 proximis
973 2760 1199 2800 auxilium
1220 2759 1456 2813 afferrent;
1480 2773 1681 2814 cumque
1712 2775 1809 2803 non

179 2841 360 2881 paucos
387 2829 568 2869 fructus
594 2828 642 2868 hi
666 2830 826 2880 patres
853 2830 1164 2881 collegissent,
1199 2831 1315 2871 adeo
1335 2831 1420 2872 fuit
1450 2832 1538 2873 hoc
1572 2833 1809 2885 Episcopo

181 2899 402 2951 Sugurbii
422 2906 623 2951 gratum,
648 2905 697 2939 ut
719 2901 970 2941 asseruerit
992 2912 1040 2941 se
1070 2902 1266 2941 multum
1287 2903 1361 2942 uel
1389 2902 1478 2943 hoc
1500 2905 1598 2944 solo
1620 2905 1812 2945 nomine

181 2970 405 3011 Societati
427 2975 615 3010 nostrae
638 2969 820 3021 debere,
844 2971 1168 3024 pollicitusque
1189 2972 1248 3012 sit
1270 2973 1310 3012 ei
1333 2980 1520 3024 praesto
1539 2974 1810 3024 affuturum,

326 3047 375 3082 'l'.
397 3058 453 3081 ιιι.
1588 3059 1625 3095 15
