2047 3179
896 134 980 170 AN.
1011 135 1102 171 1555
1741 140 1812 177 303

182 245 451 283 accessere,
476 232 740 273 ardentiore
763 241 922 270 amore
954 230 1127 271 Christi
1148 232 1350 282 flagrare
1379 241 1646 285 coeperunt,
1671 247 1812 286 quum

184 310 323 344 antea
343 304 391 344 in
410 305 582 356 pietate
603 317 658 345 ac
680 304 804 346 omni
831 304 1027 344 honesta
1050 304 1234 344 actione
1263 305 1558 355 languerent:
1584 305 1677 345 iarn
1698 318 1811 346 uero

182 386 276 414 non
299 373 488 427 [solum]
513 376 571 416 ad
598 388 734 417 sacra
755 382 799 417 et
829 387 1069 416 sermones
1096 375 1283 416 diuinos
1311 376 1498 416 assidue
1529 376 1713 426 adsunt,
1738 389 1811 417 ue-

182 456 287 485 rum
309 446 449 486 etiam
470 447 530 486 ad
552 448 926 488 communionem
948 447 1159 498 corporis
1193 446 1414 487 dominici
1443 447 1709 499 frequenter
1738 461 1814 488 ve-

183 516 331 556 niunt.
357 516 408 556 In
428 517 545 557 festo
568 517 748 558 Natalis
769 518 956 558 Domini
983 517 1063 558 300
1084 517 1294 558 homines
1325 517 1499 558 Christi
1519 530 1689 570 corpus
1710 530 1813 570 par-

184 586 512 639 ticipauerunt,
533 600 587 628 ac
610 589 713 629 aliis
729 589 774 629 in
792 589 905 629 locis
923 590 1067 629 multo
1085 590 1241 640 plures
1259 589 1352 629 iam
1373 601 1513 640 quam
1533 590 1747 630 solebant
1769 590 1815 629 id

184 658 336 709 ipsum
364 659 596 708 fecerunt,
621 661 744 712 quod
774 660 932 700 Rmus.
958 660 1221 700 Cardinalis
1249 666 1410 700 nostro
1438 661 1646 712 Collegio
1667 667 1817 701 totum

181 729 431 770 tribuebat.

263 799 410 850 Multi,
435 801 511 851 qui
534 808 641 841 ante
663 813 843 842 summo
866 801 971 842 odio
994 802 1301 853 dissidebant,
1326 804 1373 844 in
1395 804 1649 844 amicitiam
1671 804 1813 844 redie-

186 881 252 910 re:
275 882 361 910 nec
382 883 575 922 paucos,
600 873 767 913 misere
790 872 944 912 animo
968 879 1011 913 et
1034 885 1232 925 corpore
1260 874 1467 923 affectos,
1497 875 1818 915 recreauimus

185 953 242 981 ac
276 943 403 982 omni
439 943 613 983 auxilio
648 944 916 985 refecimus:
947 956 1064 996 quos
1095 957 1256 986 omnes
1286 957 1561 986 enumerare
1593 958 1817 997 magnum

185 1019 279 1063 est;
303 1013 383 1053 sed
412 1026 505 1054 non
536 1014 696 1055 inutile
717 1022 873 1055 tamen
902 1017 1212 1066 quorumdam
1246 1017 1528 1057 meminisse.
1558 1017 1682 1058 Inter
1712 1018 1817 1058 illos

186 1088 344 1124 autem
377 1083 462 1124 fuit
498 1084 687 1136 quidam
720 1086 820 1137 qui,
845 1098 967 1126 anno
994 1086 1041 1126 14
1068 1093 1146 1127 aut
1172 1088 1219 1126 15
1249 1089 1417 1128 aetatis
1448 1100 1580 1139 suae,
1612 1089 1819 1129 incestus

184 1161 434 1205 peccatum
465 1156 742 1206 admiserat,
779 1170 864 1198 nec
894 1158 940 1197 id
969 1170 1081 1209 prae
1115 1160 1399 1200 uerecundia
1433 1160 1645 1200 confiteri
1681 1160 1816 1200 aude-

184 1225 288 1277 bat;
310 1237 401 1277 quo
423 1227 593 1267 accidit
616 1234 663 1267 ut
691 1228 748 1267 ad
770 1228 821 1267 90
847 1240 1021 1268 annum
1047 1229 1155 1269 illud
1187 1236 1434 1280 peccatum
1464 1232 1698 1271 occultum
1727 1243 1817 1270 ser-

186 1304 335 1347 uaret,
373 1310 428 1337 ac
462 1310 516 1338 eo
552 1299 821 1349 inquinatus
855 1308 1202 1340 sacramentum
1238 1301 1563 1342 Eucharistiae
1598 1308 1818 1344 sumeret:

187 1368 271 1408 sed
291 1380 349 1408 ne
369 1370 462 1408 tale
490 1369 673 1409 facinus
694 1370 881 1421 impune
902 1377 968 1410 tot
992 1383 1138 1411 annos
1161 1379 1360 1422 tegeret,
1386 1373 1546 1413 incidit
1568 1373 1613 1413 in
1640 1373 1820 1423 grauis—

188 1439 307 1479 sima
335 1439 509 1479 diaboli
537 1446 790 1490 tormenta,
815 1442 878 1481 ita
908 1449 954 1481 ut
982 1443 1055 1482 die
1083 1450 1317 1495 noctuque
1346 1444 1405 1483 ab
1436 1444 1513 1484 illo
1549 1451 1819 1494 uexaretur,

188 1510 327 1550 modo
350 1511 610 1550 horrendas
631 1512 859 1563 imagines
881 1514 1200 1565 proponendo,
1223 1515 1360 1554 modo
1383 1521 1581 1555 mortem
1608 1515 1819 1555 minitan-

191 1581 265 1629 do,
295 1581 462 1633 quibus
498 1583 636 1622 rebus
669 1584 878 1634 grauiter
913 1584 1164 1625 deterritus
1198 1585 1352 1636 homo,
1392 1587 1669 1637 praesertim
1703 1587 1822 1626 tanti

190 1652 354 1704 flagitii
382 1653 620 1704 conscius,
644 1654 771 1694 venit
803 1655 861 1694 ad
887 1662 1098 1696 nostrum
1120 1655 1402 1708 Collegium,
1428 1658 1716 1708 benignitate
1734 1658 1822 1698 Dei

189 1723 344 1775 potius
379 1735 520 1775 quam
557 1736 640 1764 sua
680 1727 918 1766 uoluntate
953 1727 1140 1777 ductus,
1177 1729 1604 1781 grauissimumque
1645 1730 1821 1769 crimen

189 1794 436 1835 confessus
470 1800 560 1835 est:
598 1808 687 1847 quo
721 1796 845 1837 facto
880 1799 1136 1839 terroribus
1167 1799 1411 1850 liberatus,
1442 1800 1535 1840 iam
1573 1801 1822 1852 tranquille

192 1865 323 1906 uiuit.

271 1937 512 1989 Foemina,
537 1937 615 1978 diu
643 1940 930 1991 multumque
952 1940 1119 1992 spiritu
1141 1941 1460 1992 blasphemiae
1481 1943 1738 1993 exagitata,
1764 1943 1821 1982 ad

191 2014 372 2049 tantam
395 2009 602 2049 omnium
624 2021 781 2050 rerum
802 2011 1178 2063 desperationem
1198 2020 1414 2063 uenerat,
1439 2019 1487 2053 ut
1508 2025 1535 2052 a
1562 2015 1687 2053 nullo
1720 2025 1823 2065 pec-

192 2086 299 2120 cato
331 2080 621 2129 abhorreret,
653 2093 708 2121 ac
734 2083 941 2123 salutare
968 2083 1225 2124 remedium
1255 2084 1428 2125 Christi
1450 2085 1662 2136 corporis
1690 2076 1825 2125 relin-

191 2162 334 2202 quere
367 2151 666 2203 decreuerat,
698 2165 808 2193 nam
842 2165 896 2194 eo
930 2162 1124 2207 accepto
1158 2156 1383 2207 grauiora
1417 2167 1466 2195 se
1497 2156 1593 2207 pati
1624 2155 1824 2196 dicebat.

192 2222 322 2262 Haec
344 2234 450 2262 cum
471 2224 657 2263 cuidam
677 2223 805 2264 Patri
832 2225 1035 2275 aperiret
1057 2226 1355 2278 eiusdemque
1384 2227 1590 2267 consiliis
1619 2227 1665 2267 in
1693 2240 1747 2267 ea
1777 2239 1827 2267 re

193 2299 396 2344 pareret,
419 2305 513 2333 non
536 2294 672 2334 modo
694 2306 788 2335 non
808 2302 1054 2346 peccatum
1075 2309 1178 2338 esse
1199 2298 1447 2348 intellexit,
1472 2298 1554 2338 sed
1574 2299 1715 2338 etiam
1736 2299 1827 2338 uir-

192 2365 304 2404 tutis
325 2365 710 2405 exercitationem
733 2377 835 2406 esse
857 2379 884 2407 a
903 2367 1005 2408 Deo
1027 2368 1185 2409 datam
1206 2369 1454 2409 manifesto
1476 2369 1605 2409 uidit.

275 2435 528 2487 Coepimus
550 2437 703 2476 iacere
720 2436 1022 2479 fundamenta
1045 2440 1231 2491 collegii
1247 2440 1440 2480 Arabici
1457 2452 1543 2491 ope
1565 2439 1695 2480 Illmi.
1714 2441 1823 2481 Pro-

192 2507 320 2557 rcgis
343 2505 368 2557 ¹,
394 2507 471 2558 qui
500 2507 637 2547 nobis
664 2507 900 2549 hominem
933 2510 1151 2551 arabicae
1176 2511 1365 2562 linguae
1395 2511 1593 2562 peritum
1622 2524 1677 2552 ac
1706 2512 1824 2552 bene

191 2578 428 2618 literatum
455 2577 601 2618 dedit:
639 2579 678 2618 is
706 2585 801 2619 tres
833 2591 1003 2631 pueros
1038 2581 1202 2632 Afros,
1234 2582 1311 2633 qui
1345 2582 1588 2622 nobiscum
1623 2590 1754 2631 sunt,
1780 2590 1823 2622 ct

192 2648 309 2689 duos
339 2648 513 2689 fratres
548 2649 702 2689 docet:
742 2651 860 2691 alter
885 2651 1103 2704 fratrum,
1127 2652 1304 2704 Tripoli
1331 2660 1489 2704 natus,
1514 2654 1593 2705 qui
1627 2654 1823 2705 septimo

191 2731 315 2759 anno
351 2720 519 2760 aetatis
555 2731 666 2760 suae
702 2721 760 2761 ad
795 2722 880 2762 has
907 2728 1059 2763 terras
1090 2724 1315 2764 aduectus
1343 2730 1432 2775 est,
1464 2725 1580 2765 alter
1611 2724 1766 2765 Meleti
1787 2724 1825 2775 ²3

251 2906 256 2922 ἓ
298 2905 437 2937 Joannis*
454 2907 492 2931 do
509 2906 622 2939 Vega.

246 2954 260 2972 ²
298 2953 534 2986 SioeMeliine.
