2047 3179
223 136 295 173 698
742 135 970 173 LITTERAE
988 146 1349 179 QUADRIMESTRES

221 235 346 285 gelio
367 233 457 274 Dei
478 233 773 285 explicando,
797 240 936 285 prout
957 233 1189 274 Dominus
1211 233 1335 273 uires
1362 233 1653 285 suppeditat;
1687 233 1865 273 soleba·

224 317 329 346 mus
351 306 510 346 statim
533 317 559 345 a
580 305 823 356 concione,
843 306 1082 357 paululum
1112 305 1242 357 prius
1277 305 1444 356 spiritu
1480 304 1758 353 refocillato,
1797 316 1864 344 se—

224 377 335 417 dere
356 377 416 417 ad
450 376 769 417 confessiones
805 376 1065 417 audiendas
1085 387 1232 427 usque
1263 375 1310 416 in
1336 387 1602 427 uesperum,
1637 375 1719 416 sed
1740 386 1864 415 nunc

223 448 348 488 istud
387 459 504 488 onus
537 446 666 489 Patri
703 448 910 488 Antonio
948 447 957 466 ¹
993 447 1329 498 commisimus,
1366 459 1424 487 ne
1459 446 1569 498 quid
1599 446 1738 486 nimis
1773 452 1861 486 etc.

222 518 370 560 Porro
391 519 440 560 in
460 521 633 572 templo
656 519 825 560 maiori
847 519 1053 571 quotidie
1075 517 1291 559 sedemus
1313 518 1373 558 ad
1402 517 1660 558 audiendas
1682 516 1863 558 confes-

223 591 398 642 siones,
439 602 585 643 prope
621 602 846 643 magnum
874 591 1038 641 altare,
1068 596 1203 630 extra
1238 590 1452 641 chorum,
1491 602 1518 629 a
1554 601 1645 641 quo
1676 588 1863 641 quidem

222 663 326 703 loco
349 674 435 703 nos
457 663 709 703 exturbare
731 669 775 702 et
797 662 987 702 modum
1008 661 1138 702 illum
1175 661 1395 702 audiendi
1423 660 1760 710 confessiones,
1790 671 1863 699 ca—

221 734 407 775 nonicis
428 734 682 784 insolitum,
709 734 1050 785 interrumpere
1089 732 1299 773 nonnulli
1338 744 1397 773 ex
1437 731 1680 772 canonicis
1720 736 1868 771 tenta-

222 813 333 847 runt
353 817 448 846 non
468 806 533 846 ita
555 805 743 854 dudum,
784 805 1027 845 trahentes
1050 805 1095 844 in
1118 803 1311 844 dubium
1339 809 1550 844 nostram
1572 802 1863 853 facultatem,

223 878 308 918 sed
329 889 454 927 ecce,
479 878 588 918 dum
605 877 723 917 haec
753 877 868 917 fiunt
898 876 945 916 in
976 875 1190 917 absentia
1218 880 1397 926 nostra,
1428 874 1660 915 Dominus
1684 878 1865 925 pugnat

222 960 309 1001 pro
330 949 479 999 nobis;
503 960 613 989 nam
635 960 694 988 ex
715 948 986 1000 pluralitate
1006 958 1178 988 uocum
1194 947 1259 987 nil
1281 952 1446 987 contra
1468 957 1555 986 nos
1584 945 1864 986 concludere

221 1026 489 1072 potuerunt.
508 1018 576 1061 Sit
598 1019 830 1060 Dominus
850 1019 1140 1060 benedictus.
1164 1017 1382 1066 Proinde,
1406 1023 1456 1057 ut
1485 1016 1740 1069 coepimus,
1765 1027 1862 1068 per-

221 1092 379 1143 gimus
400 1091 721 1132 confessiones
755 1090 917 1131 audire
952 1091 999 1131 in
1033 1089 1200 1131 eodem
1233 1090 1338 1130 loco
1373 1089 1605 1140 tantisper
1637 1088 1746 1128 dum
1779 1086 1865 1127 Re-

222 1163 457 1204 uerendae
479 1162 759 1204 Paternitati
780 1162 985 1203 Vestrae
1012 1162 1258 1214 placuerit.

301 1235 555 1276 Praeterea
572 1240 642 1275 est
660 1240 705 1275 et
721 1234 861 1286 aliud,
877 1233 1002 1286 quod
1018 1245 1112 1274 non
1128 1244 1297 1286 parum
1314 1244 1388 1273 me
1405 1237 1449 1272 et
1462 1231 1712 1284 quemdam
1723 1230 1865 1270 alium

222 1307 505 1347 canonicum
524 1311 728 1357 exercet,
747 1317 915 1358 nempe
932 1317 1046 1346 cura
1063 1317 1122 1345 ex
1136 1304 1360 1345 mandato
1379 1303 1571 1354 capituli
1587 1302 1723 1343 nobis
1741 1313 1865 1342 com-

222 1378 367 1419 missa
387 1378 586 1419 duorum
607 1377 942 1419 coenobiorum
976 1376 1238 1426 mulierum,
1271 1387 1378 1416 cum
1410 1373 1699 1426 beghinagio
1733 1385 1760 1413 a
1785 1372 1866 1413 Vi-

222 1451 353 1490 cario
371 1450 594 1502 Episcopi
616 1450 867 1490 commisso
890 1449 1004 1489 mihi
1024 1449 1125 1500 soli,
1150 1448 1228 1488 ubi
1249 1447 1448 1499 singulis
1468 1445 1715 1487 dominicis
1733 1457 1866 1497 prae-

220 1521 436 1562 dicamus
457 1527 501 1562 et
518 1521 568 1561 P.
592 1521 828 1562 Antonius
850 1520 1170 1562 confessiones
1193 1519 1338 1560 audit:
1363 1518 1686 1559 desideramus
1707 1523 1752 1557 et
1769 1522 1866 1557 ten-

220 1602 376 1634 tamus
398 1595 445 1634 in
472 1594 609 1634 dictis
631 1593 870 1634 coenobiis
892 1592 1168 1644 disciplinae
1185 1591 1477 1631 monasticae
1499 1590 1706 1641 rigorem
1733 1599 1866 1628 reuo-

219 1677 345 1718 care;
365 1666 447 1706 sed
464 1666 618 1706 adhuc
636 1677 803 1716 parum
816 1664 1152 1717 promouimus;
1171 1675 1281 1704 nam
1298 1674 1515 1703 caremus
1532 1661 1606 1702 hic
1626 1659 1863 1702 coenobiis

222 1738 434 1778 uirorum
464 1737 754 1788 reformatis,
790 1737 868 1789 qui
901 1736 1035 1776 nobis
1065 1741 1258 1787 possent
1289 1746 1392 1774 esse
1428 1733 1719 1783 adiument03
1756 1736 1864 1771 sunt

221 1816 379 1850 autem
399 1809 555 1861 potius
589 1814 872 1849 nocumento
906 1808 963 1848 ob
986 1807 1263 1848 dissolutam
1293 1806 1503 1858 ipsorum
1539 1804 1698 1845 uitam.
1723 1803 1864 1843 Dicta

222 1881 450 1921 coenobia
472 1881 647 1921 habent
683 1891 792 1920 suos
820 1878 1137 1920 confessarios
1168 1877 1450 1928 ordinarios,
1488 1888 1574 1916 nos
1603 1881 1759 1916 autem
1790 1886 1867 1914 ex-

220 1952 551 2003 traordinarie,
576 1953 686 1992 dum
707 1950 882 2004 aliquid
903 1950 1145 1992 insolitum
1167 1949 1415 2001 contingit,
1440 1948 1665 1988 adsumus
1686 1946 1791 1986 illiS.

302 2024 561 2073 Postremo,
586 2031 813 2076 quantum
835 2023 895 2063 ad
914 2022 1192 2075 temporalia
1219 2027 1382 2062 nostra
1411 2021 1534 2060 bona
1565 2019 1745 2069 attinet,
1774 2017 1867 2058 illis

221 2102 560 2147 sustentamur,
598 2102 642 2136 et
674 2096 732 2135 ob
769 2095 1011 2136 caristiam
1045 2105 1262 2135 annonae
1297 2103 1528 2144 pauperes
1562 2089 1699 2130 ualde
1734 2087 1867 2129 multi

221 2180 308 2209 nos
325 2168 623 2220 interpellant
642 2168 767 2208 domi
783 2167 1006 2218 forisque,
1026 2177 1143 2218 quos
1160 2165 1304 2206 uerbo
1321 2170 1366 2204 et
1386 2164 1704 2214 eleemosyna,
1724 2171 1868 2212 quan-

222 2246 322 2280 tum
341 2251 607 2291 possumus,
630 2239 677 2279 in
698 2238 901 2279 Domino
923 2238 1195 2278 consolatos
1222 2235 1512 2277 dimittimus.
1546 2233 1658 2274 Inde
1688 2232 1867 2272 factum

222 2317 294 2352 est
329 2317 379 2351 ut
417 2311 569 2351 serius
608 2310 667 2350 ad
701 2309 1029 2350 Reuerendam
1048 2308 1273 2349 Vestram
1293 2306 1628 2347 Peternitatem
1656 2304 1866 2355 aliquam

223 2394 457 2423 summam
476 2382 705 2434 pecuniae
725 2381 1045 2422 remiserimus
1068 2379 1128 2420 ad
1155 2377 1527 2419 subleuationem
1548 2385 1866 2427 expensarum

225 2454 414 2505 collegii
434 2454 631 2494 romani.
656 2452 790 2494 Nunc
811 2451 1008 2504 proinde
1035 2463 1118 2503 per
1147 2449 1370 2491 Alexium
1404 2448 1669 2489 Fontanam
1696 2447 1710 2467 ²
1741 2444 1868 2485 dedi-

222 2537 327 2566 mus
349 2524 398 2565 P.
434 2525 677 2566 Bernardo
713 2523 726 2542 ⁵
760 2522 1172 2565 transmittendam
1200 2521 1260 2562 ad
1293 2520 1347 2561 R.
1385 2519 1444 2560 V.
1468 2518 1517 2560 P.
1547 2527 1780 2559 summam
1815 2514 1867 2554 40

223 2598 520 2638 ducatorum.

306 2668 377 2708 De
416 2668 699 2708 canonicatu
738 2678 853 2707 uero
889 2672 1051 2706 nostro
1089 2662 1423 2705 commutando
1463 2662 1538 2702 uel
1577 2658 1863 2711 resignando

225 2740 352 2780 nulla
374 2751 423 2780 se
445 2740 610 2780 obtulit
631 2738 784 2779 adhuc
806 2737 1010 2789 occasio,
1035 2748 1177 2789 quam
1199 2735 1369 2776 obnixe
1394 2738 1699 2785 expectamus
1721 2741 1748 2770 a
1770 2729 1867 2770 Do-

280 2876 290 2895 ¹
330 2876 427 2903 Patri
445 2876 595 2903 Antonio
611 2875 765 2903 Bouclel.

280 2924 293 2942 ’ὲ
331 2923 418 2951 Vide
434 2931 551 2958 supra,
568 2931 647 2957 pag.
662 2923 724 2950 634.

279 2973 292 2992 ⁵
334 2973 431 3000 Patri
447 2972 623 2999 Bernardo
640 2972 803 2999 Oliverio.
