2047 3179
166 150 243 188 238
687 149 916 187 LITTERAE
943 159 1304 192 QUADRIMESTRES

171 247 318 298 plexi,
342 246 525 297 egimus
546 246 648 286 Deo
677 246 880 298 gratIas,
905 244 1029 297 quod
1049 257 1074 285 e
1103 245 1304 286 uinculis
1333 243 1545 295 corporis
1572 243 1730 295 soluti,
1755 243 1815 283 ad

172 318 362 358 domum
401 318 528 358 illam
567 324 809 358 aeternam
849 317 1190 368 beatorumque
1236 314 1590 355 foelicissimum
1629 320 1814 354 coetum

173 389 492 440 conuolarint,
522 400 714 429 suorum
745 388 960 428 laborum
994 387 1255 439 praemium
1289 385 1627 436 sempiternum
1657 397 1814 437 perce-

171 461 314 513 pturi.
337 460 469 501 Multi
504 461 697 512 cupiunt
731 471 786 501 eo
822 459 1078 512 proficisci,
1108 464 1159 498 Vt
1195 456 1439 497 elaborent
1473 456 1521 496 in
1550 456 1692 496 vinea
1722 455 1814 496 Do-

173 532 304 573 mini.

254 603 326 644 De
346 604 425 654 iis,
450 615 569 655 quae
590 609 818 654 geruntur
840 603 887 642 in
909 601 1118 652 Collegio
1140 600 1251 640 Diui
1272 599 1490 650 Antonii,
1514 611 1607 638 non
1629 599 1815 650 scripsi>

172 687 298 727 mus,
332 676 456 727 quod
483 674 703 715 Patribus
733 675 791 714 sit
828 685 992 714 curae:
1031 672 1354 724 percipiuntur
1388 670 1583 710 maximi
1617 670 1815 721 fructus,

173 747 298 788 vnde
318 747 531 787 homines
552 747 669 787 mire
690 747 957 786 excitantur
979 743 1397 794 aedificanturque.
1415 741 1580 782 Patres
1601 741 1719 781 adeo
1742 753 1818 781 cu-

173 819 307 870 piunt
327 819 499 859 liberos
521 830 575 858 eo
596 818 781 858 mittere
811 817 914 868 (nec
935 815 1059 855 enim
1080 814 1258 866 passim
1279 825 1441 854 omnes
1472 812 1815 864 admittuntur),

171 896 226 930 Vt
248 903 274 930 a
295 890 429 930 nobis
451 889 496 930 id
519 889 819 929 contendant.
843 887 1112 928 Versantur
1134 886 1197 926 ibi
1218 885 1300 925 filii
1319 884 1720 925 nobilissimorum
1741 883 1818 924 ho-

173 962 371 1012 minum,
411 961 490 1013 qui
526 961 777 1012 plurimum
811 959 858 998 in
892 958 1147 998 virtutibus
1186 962 1325 1008 atque
1363 955 1512 996 literis
1551 954 1817 1007 proficiunt.

170 1033 396 1074 Calendis
418 1031 636 1073 Octobris
670 1030 967 1071 interfuimus
1003 1028 1206 1069 orationi
1236 1033 1376 1078 atque
1409 1026 1817 1067 conclusionibus:

174 1111 427 1156 Vtrumque
457 1103 702 1155 praeclare
729 1107 889 1142 actum
918 1106 1003 1141 est.
1042 1099 1257 1140 Interfuit
1285 1098 1342 1139 D.
1369 1097 1619 1139 Eduardus
1652 1096 1678 1149 ¹,
1700 1097 1821 1138 filius

176 1176 338 1217 fratris
368 1175 539 1227 Regis,
571 1173 794 1225 multique
829 1172 1030 1212 nobiles:
1063 1170 1277 1211 omnibus
1310 1169 1537 1210 beneficio
1565 1168 1655 1209 Dei
1688 1168 1822 1209 satis-

177 1249 356 1289 factum
378 1254 462 1287 est.

261 1319 478 1361 Christus
499 1317 604 1370 Opt.
629 1317 757 1358 Max.
775 1328 862 1356 nos
884 1321 1074 1367 augeat,
1093 1314 1316 1366 viamque
1337 1312 1570 1360 ostendat,
1594 1323 1821 1364 suamquc

177 1391 527 1432 sanctissimam
558 1389 852 1430 voluntatem
887 1387 1091 1439 aperiat,
1129 1386 1349 1437 viresque
1383 1383 1628 1436 praebeat,
1666 1389 1717 1424 vt
1756 1383 1822 1423 illi

175 1474 363 1515 semper
385 1462 742 1502 adhaereamus.

259 1535 385 1575 Data
408 1532 628 1574 Calendis
647 1531 885 1585 Januarii‚
910 1543 970 1571 ex
990 1530 1106 1571 aede
1127 1529 1185 1570 D.
1209 1528 1374 1580 Rochi,
1403 1527 1518 1568 1555.

261 1606 576 1658 Olyssiponae
597 1602 625 1642 ².

1099 1744 1129 1790 †
1155 1744 1385 1786 MAESTRE
1416 1743 1657 1784 GONZALo.

259 1963 614 2016 Superscrz'ptz'o
632 1963 682 2003 in
700 1966 870 2004 octava
881 1960 1091 2014 pagina:
1111 1962 1138 2009 †
1159 1958 1437 2000 Reuerendo
1457 1957 1505 1997 in
1527 1955 1713 1997 Christo
1735 1955 1819 1996 Pa-

177 2037 240 2077 tri
259 2036 457 2087 Ignatio.

258 2107 372 2147 Alia
388 2119 553 2147 manu:
574 2107 689 2147 1555.
709 2105 1010 2158 Olyssipona.
1025 2103 1405 2155 Quadrimestres
1422 2102 1591 2143 domus
1607 2096 1686 2140 Sti
1703 2098 1821 2139 Roc-

176 2178 278 2232 chi,
301 2179 361 2232 pst
388 2179 618 2232 Januarii.
641 2178 740 2219 R.ta
758 2177 811 2218 20
832 2176 1055 2218 octobris.

236 2365 244 2385 ¹
284 2364 373 2392 Vide
390 2365 422 2392 in
437 2364 587 2392 POLANC1
604 2363 740 2396 chron„
754 2366 779 2390 t.
794 2370 840 2395 1v‚
854 2369 934 2396 pag.
948 2361 1012 2397 528,
1028 2363 1144 2389 annot.
1160 2361 1184 2388 1.

235 2413 250 2432 2
287 2412 360 2440 Hoc
374 2413 518 2440 verbum
533 2417 584 2440 est
599 2411 743 2440 alterius
757 2417 889 2438 manus.
