2047 3179
173 148 247 186 ‘232
691 149 743 186 LJ
757 161 764 185 1
777 160 916 186 TERAE
933 160 1290 193 QUADRJMESTRES

175 247 307 287 multi
327 248 578 288 auditores.
603 247 651 288 Ρ.
672 248 906 289 Antonius
924 247 979 287 de
997 246 1211 297 Quadros
1232 247 1378 287 'idem
1390 257 1585 297 pensum
1607 245 1744 285 soluit
1763 246 1810 284 in

174 318 346 370 oppido
366 320 538 371 vicino,
562 321 638 360 ubi
664 321 843 362 fructus
865 329 1112 374 perceptus
1140 327 1223 370 est,
1247 318 1511 370 populoque
1533 317 1650 356 adeo
1673 317 1808 356 satis-

172 389 349 430 factum
366 397 431 442 vt,
456 398 704 444 postquam
726 392 832 433 inde
866 394 1070 444 redierit,
1105 390 1351 442 aliquoties
1386 387 1639 439 requisitus
1668 387 1808 427 fuerit

169 461 562 514 efflagitatusque‚
588 464 742 504 missis
763 465 903 504 etiam
924 464 1070 504 literis
1091 462 1150 502 ad
1172 462 1224 502 R.
1250 459 1593 500 Prouincialem
1617 471 1643 498 a
1665 457 1808 498 Sena-

170 539 244 583 tu,
269 534 435 585 quibus
453 546 546 574 non
566 535 695 575 licuit
717 548 799 587 per
814 536 932 575 alias
950 533 1285 585 occupationes
1303 530 1592 571 satisfacere.

252 605 408 645 Utitur
429 605 546 646 haec
567 606 736 646 ciuitas
765 613 897 647 tanta
934 607 1164 646 charitate
1192 604 1237 643 in
1259 614 1344 643 nos
1366 602 1413 642 in
1442 600 1699 652 largiendis
1722 601 1807 640 ele-

169 677 425 728 emosynis,
452 684 500 717 vt
520 677 655 717 nobis
676 678 932 729 praeripiat
950 676 1157 728 patiendi
1180 675 1495 715 occasionem.
1519 672 1568 712 In
1586 672 1808 723 templum

167 747 473 789 conferuntur
490 750 635 789 multa
653 755 929 789 ornamenta
950 748 1170 800 pretiosa.
1192 747 1238 786 in
1257 745 1424 797 quibus
1444 750 1550 784 sunt
1569 743 1805 790 frontalia,

169 819 396 870 cortinae,
420 826 701 872 caeteraque
720 821 890 871 templo
908 819 1192 859 necessaria.
1213 816 1447 857 Proximis
1464 815 1629 855 diebus
1647 814 1809 854 donati

170 897 278 931 sunt
290 891 514 932 aedituo5
533 891 568 937 ‚22⁶
583 891 596 910 ²
615 892 673 932 ad
686 891 907 931 emendos
920 901 1097 941 cereos,
1114 890 1526 939 interrogatusque
1545 892 1614 927 est
1632 892 1808 938 quanta

169 962 370 1013 singulis
391 963 628 1003 mensibus
649 963 847 1014 pecunia
869 962 916 1001 in
938 961 1005 1001 eis
1027 959 1388 1012 expenderetur,
1412 970 1471 998 ne
1497 963 1661 997 nostra
1690 967 1808 996 eme-

170 1039 314 1074 retur.
333 1034 384 1074 In
401 1034 565 1074 aedem
585 1033 598 1052 ⁵
615 1033 919 1074 conferuntur
936 1038 1004 1073 tot
1026 1034 1372 1082 eleemosynae,
1390 1035 1441 1069 vt
1459 1029 1559 1069 sine
1585 1040 1696 1080 pera
1716 1028 1807 1067 ala-

167 1117 272 1145 mur
293 1117 475 1146 omnes:
499 1106 658 1156 multa,
685 1105 948 1144 hominibus
971 1103 1321 1144 delicatioribus
1343 1101 1643 1152 aegrotisque
1666 1110 1808 1151 appo-

169 1177 274 1227 sita,
307 1188 403 1216 non
438 1177 766 1224 admittuntur,
803 1187 908 1215 cum
945 1176 1011 1215 eis
1048 1185 1263 1214 caremus
1298 1171 1327 1210 ¹⁴.
1363 1173 1516 1212 Tanta
1547 1180 1616 1211 est
1651 1182 1808 1210 rerum

167 1248 470 1298 abundantia,
497 1255 547 1288 vt
569 1248 780 1288 uideatur
811 1246 1016 1298 irrogari
1044 1245 1213 1285 iniuria
1240 1244 1521 1296 paupertati.
1552 1242 1626 1282 Ad
1655 1241 1808 1282 aedifi—

170 1320 405 1360 cationem
435 1320 599 1360 domus
635 1320 770 1359 nobis
798 1318 997 1371 prouisit
1031 1317 1262 1358 Dominus
1295 1315 1636 1363 liberalissime,
1670 1314 1809 1365 siqui—

167 1391 275 1431 dem
295 1392 427 1431 breui
448 1398 657 1443 tempore
685 1396 957 1430 constructa
994 1395 1101 1429 sunt
1136 1388 1373 1428 domicilia
1407 1385 1804 1435 commodissima,

168 1464 215 1503 in
251 1463 418 1515 quibus
454 1463 648 1514 expensi
683 1468 790 1502 sunt
830 1460 932 1501 1250
959 1460 1011 1512 ff,
1045 1461 1170 1500 nullo
1207 1459 1361 1499 debito
1396 1459 1576 1498 relicto.
1607 1456 1807 1508 Quidam

170 1535 370 1586 largitus
388 1540 458 1574 est
473 1534 552 1574 375
576 1563 602 1574 ..
621 1567 628 1584 ,
650 1534 727 1573 alii
743 1532 822 1573 200
845 1531 898 1584 ff,
919 1533 997 1572 alii
1013 1532 1066 1572 50
1093 1530 1144 1583 Π,
1160 1531 1239 1571 alii
1255 1543 1339 1582 pro
1357 1542 1441 1570 sua
1459 1530 1652 1581 quisque
1670 1528 1804 1569 deuo-

165 1606 305 1646 tione.
331 1605 607 1657 Propediem
628 1606 904 1656 incipiemus
927 1603 1240 1644 exaedificare
1261 1602 1486 1653 templum
1509 1600 1805 1641 commodum

168 1678 483 1729 amplumque:
507 1688 753 1728 speramus
773 1688 866 1716 non
889 1675 1104 1716 defutura
1130 1674 1400 1714 necessaria
1424 1671 1754 1713 aedificationi.

249 1747 472 1800 Superior
492 1760 603 1800 pars
625 1749 791 1788 domus
813 1748 1019 1788 continet
1053 1746 1078 1786 8
1114 1746 1343 1796 cubicula,
1381 1752 1489 1784 ante
1511 1756 1631 1795 quae
1667 1744 1811 1784 conti-

168 1821 331 1872 gnatio
354 1819 661 1871 protenditur.
685 1818 883 1860 Inferior
903 1819 928 1859 4
951 1819 1180 1864 cubicula,
1212 1822 1458 1868 praeterea
1494 1815 1810 1859 refectorium,

169 1892 388 1941 culinam,
409 1892 575 1931 cellam
587 1892 844 1942 penariam:
865 1891 1092 1930 habemus
1110 1889 1422 1939 horologium,
1447 1887 1570 1939 quod
1587 1899 1614 1926 a
1631 1886 1812 1937 Regina

169 1970 361 2015 propter
383 1963 537 2004 Deum
568 1963 795 2003 donatum
830 1968 914 2002 est.
952 1961 1083 2001 Haec
1107 1960 1261 2001 omnia
1279 1965 1376 1999 tam
1410 1959 1544 1999 breui
1575 1965 1684 1998 sunt
1706 1969 1812 1998 con—

170 2041 364 2085 structa,
399 2041 450 2075 vt
483 2035 654 2075 mirum
688 2034 839 2074 uideri
867 2033 1030 2085 possit.
1068 2031 1267 2072 Videtur
1299 2030 1486 2082 quidem
1516 2029 1747 2070 Dominus
1768 2029 1814 2069 id

169 2107 339 2147 fecisse
360 2112 410 2147 ut
430 2113 623 2158 possent
645 2106 799 2158 excipi
820 2104 1078 2158 profecturi
1095 2104 1154 2143 ad
1171 2102 1436 2143 Pretiosum
1452 2102 1697 2155 Joannem,
1718 2102 1814 2152 qui-

170 2179 256 2219 bus
279 2184 416 2218 antea
438 2190 534 2218 non
556 2184 657 2218 erat
678 2179 826 2229 locus3
851 2188 975 2217 nunc
997 2187 1112 2216 vero
1140 2180 1184 2215 et
1205 2174 1343 2215 nobis
1365 2179 1409 2214 et
1430 2173 1520 2213 illis
1538 2172 1812 2213 commodis-

169 2250 315 2290 simus
337 2256 422 2298 est,
447 2261 553 2290 cum
576 2255 685 2290 ante
707 2261 764 2289 ne
792 2248 927 2289 nobis
950 2248 1136 2300 quidem
1159 2254 1297 2287 esset.

250 2322 448 2372 Quidam
470 2321 695 2362 sacerdos
718 2332 767 2361 se
784 2326 999 2361 nostrum
1019 2319 1168 2369 finxit,
1190 2318 1469 2370 petebatque
1488 2317 1815 2367 eleemosynas

173 2393 219 2433 in
243 2393 330 2433 hac
353 2393 487 2443 urbe;
511 2393 790 2432 credebatur
813 2403 916 2432 esse
938 2404 962 2431 e
989 2391 1179 2441 nostris,
1217 2389 1340 2442 quod
1372 2400 1479 2429 cum
1509 2387 1813 2428 intellexisset

169 2464 360 2516 quidam
398 2465 609 2514 deuotus,
648 2463 832 2504 curavit
862 2463 908 2503 in
941 2474 1181 2503 carcerem
1218 2460 1577 2510 conficiendum,
1616 2457 1738 2498 unde
1767 2458 1814 2497 in

170 2536 361 2576 exilium
383 2537 552 2575 missus
574 2542 658 2583 est,
691 2547 772 2586 per
796 2546 970 2575 annum
991 2533 1229 2574 malefacti
1250 2544 1428 2584 poenas
1449 2531 1658 2571 daturus.

254 2606 308 2647 R.
333 2606 382 2646 P.
407 2606 559 2646 Miron
587 2612 849 2646 commotus
877 2606 1109 2646 charitate
1139 2603 1462 2645 satisfaciendi
1489 2601 1718 2651 omnibus,
1743 2612 1813 2640 su—

234 2743 241 2762 ¹
283 2742 316 2770 Is
332 2750 428 2770 suam
444 2743 606 2770 emiserat
621 2743 869 2777 professionem
885 2742 1003 2769 eadem
1019 2742 1072 2768 die
1088 2748 1154 2776 qua
1171 2740 1330 2768 Silvcira.
1347 2739 1437 2767 Ibid.

230 2791 243 2810 ἓ
282 2790 320 2818 Id
332 2796 394 2824 est,
412 2794 578 2825 argentea
593 2795 742 2825 scutata,
759 2799 817 2817 seu
834 2791 989 2817 ducatus.
1015 2789 1103 2816 Vide
1119 2796 1234 2823 supra,
1251 2792 1331 2815 tom.
1348 2794 1383 2821 11,
1396 2795 1475 2822 pag.
1489 2787 1552 2821 676,
1575 2790 1690 2814 annot.
1712 2787 1738 2814 1.

230 2839 244 2859 5
281 2839 390 2873 Magis
404 2840 580 2873 perspicue
597 2842 687 2865 esset
703 2839 739 2865 in
761 2839 915 2865 domum.

230 2887 245 2907 ’ὅ
281 2887 375 2914 Haec
391 2887 498 2919 magis
519 2887 697 2920 perspicue
715 2886 871 2920 exposuit
888 2886 1075 2913 PonANcus:
1093 2885 1206 2912 multa
1222 2884 1332 2911 etiam
1349 2884 1395 2910 ad
1411 2883 1545 2910 victum
1563 2884 1625 2910 aut
1639 2883 1812 2910 valetude*

179 2935 296 2962 uariis
312 2935 489 2969 apposita,
503 2934 643 2968 qnando
659 2935 773 2960 nostri
787 2934 966 2965 valebant,
982 2941 1048 2960 non
1065 2933 1362 2963 admittebantur,
1378 2932 1460 2965 quia
1477 2931 1688 2958 delicatiora
1711 2932 1817 2957 erant

178 2990 288 3017 quam
305 2984 343 3009 ut
357 2983 460 3009 sanis
473 2982 684 3009 viderentur
699 2982 898 3009 convenire.
924 2981 1059 3013 Clzron„
1071 2985 1094 3009 t.
1111 2989 1156 3013 iv,
1175 2988 1242 3016 pag
1268 2981 1330 3014 539,
1348 2988 1378 3006 n.
1397 2979 1478 3007 1151.
