2047 3179
881 171 963 207 AN.
995 170 1086 207 1555
1726 166 1797 204 425

165 274 314 308 torem
336 268 522 308 habere.
545 268 752 308 Fecisset
773 266 971 306 fortasse
993 265 1334 305 P.Franciscus
1362 276 1481 315 quae
1505 264 1672 304 Vellent
1694 264 1793 304 Pla-

168 339 354 387 centini,
379 339 417 378 si
439 339 524 378 sibi
545 339 704 378 liceret
724 349 806 389 per
832 337 1150 388 Hispalenses,
1179 335 1303 385 apud
1330 346 1447 385 quos
1477 335 1663 384 agebat:
1698 336 1794 386 qui-

168 410 268 458 bus,
304 410 393 449 nisi
423 410 493 449 sui
514 419 848 455 successorem,
872 414 920 447 ut
941 406 1092 446 fuerat
1121 406 1369 457 pollicitus,
1402 404 1661 455 Baptistam
1694 406 1795 444 reli-

168 481 357 531 quisset,
381 481 507 519 nulla
530 479 793 519 reuertendi
812 478 1012 518 facultas
1033 477 1231 516 dabatur
1257 476 1316 516 ad
1343 487 1422 515 eas
1451 487 1525 514 res
1546 475 1795 515 conficien-

169 551 267 599 das,
292 563 410 602 quae
445 551 647 590 maxime
676 549 912 590 instabant
944 547 1191 597 Castellae3
1225 546 1347 598 quod
1378 558 1436 585 ex
1467 546 1612 597 ipsius
1642 544 1796 585 Patris

168 622 312 661 literis
343 621 423 661 tibi
459 622 660 660 arbitror
694 619 1003 660 notissimum.
1034 617 1194 669 Itaque
1229 616 1558 657 ardentissimo
1589 616 1797 656 ciuitatis

169 692 400 732 desiderio
423 692 640 731 satisfieri
661 692 793 731 aliter
815 702 908 730 non
929 689 1093 741 potuit:
1118 689 1244 728 ciues
1266 694 1422 727 tamen
1445 698 1606 726 omnes
1642 687 1794 726 mode-

168 770 271 802 rato
307 763 507 813 quodam
538 763 692 802 animo
720 762 841 801 hanc
872 761 1022 812 ipsam
1044 759 1398 799 excusationem
1430 764 1724 809 acceperunt,
1750 757 1796 796 li-

169 834 282 874 teris
304 833 351 873 P.
376 833 618 873 Francisci
636 832 859 884 majorem
880 832 925 871 in
946 831 1135 871 modum
1157 830 1388 878 delectati,
1413 829 1459 868 in
1481 839 1797 879 magnamque

170 915 301 956 spem
318 905 460 944 erecti
482 904 579 944 sore
602 903 851 955 aliquando
874 909 921 942 ut
942 902 1038 942 uoti
1060 908 1299 952 compotes
1321 900 1447 940 fiant.

251 974 327 1015 Ad
361 976 476 1015 haec
513 976 649 1015 auide
690 980 997 1026 expectantur
1029 973 1288 1012 studiorum
1319 971 1549 1023 auspicia,
1588 982 1705 1022 quae
1741 981 1799 1009 ne

171 1048 293 1087 ultra
309 1046 405 1086 Cal.
426 1045 628 1097 Septem.
648 1046 957 1096 proferantur,
979 1044 1223 1095 diligenter
1245 1043 1334 1083 hoc
1356 1049 1564 1093 tempore
1586 1048 1796 1081 cauetur.

172 1116 287 1158 Sunt
308 1129 425 1168 quos
459 1129 582 1157 noua
611 1117 840 1168 quaedam
868 1116 1057 1156 incessit
1086 1115 1256 1165 cupido
1285 1114 1457 1154 liberos
1489 1125 1648 1153 omnes
1671 1124 1794 1162 suos,

171 1200 287 1240 quos
309 1190 478 1228 multos
500 1189 631 1228 multi
653 1188 839 1236 habent,
862 1187 996 1227 bonis
1017 1187 1163 1226 literis
1185 1185 1483 1225 informandi:
1508 1191 1614 1224 sunt
1637 1190 1681 1224 et
1703 1184 1796 1232 alii,

171 1271 287 1312 quos
309 1259 482 1300 Christi
502 1271 634 1299 amor
656 1259 719 1299 ita
741 1257 1040 1309 permouerit,
1063 1263 1112 1297 ut
1132 1258 1289 1297 seculo
1307 1256 1450 1296 uelint
1468 1255 1736 1295 renuntiare
1755 1261 1799 1294 et

105 1378 109 1381 ¹
169 1330 359 1371 Domini
380 1330 571 1370 consilia
594 1329 885 1380 uestigiaque
907 1329 1091 1375 secta1·i;
1116 1339 1313 1379 quorum
1349 1327 1492 1378 aliqui
1513 1336 1800 1377 magnopere

171 1401 404 1452 petierunt
426 1408 474 1440 ut
495 1401 648 1440 aditus
669 1400 756 1440 sibi
785 1407 906 1440 esset
928 1399 987 1439 ad
1009 1398 1306 1438 Societatem:
1340 1398 1470 1437 multi
1493 1403 1647 1437 autem
1669 1396 1799 1447 spiri-

171 1472 283 1512 talia
304 1471 527 1511 exercitia
551 1477 848 1522 acceperunt,
882 1482 905 1510 e
934 1481 1130 1521 quorum
1157 1480 1351 1509 numero
1379 1475 1475 1508 tres
1511 1468 1801 1519 potissimum

171 1542 259 1582 uiri
276 1549 398 1592 sunt,
422 1549 466 1582 et
488 1542 611 1581 uitae
630 1541 895 1581 conditione
911 1546 956 1580 et
973 1540 1184 1591 exemplo
1202 1545 1511 1591 praestantes:
1524 1550 1660 1590 spero
1678 1538 1800 1589 equi·

172 1614 277 1655 dem
297 1614 354 1654 iis
375 1626 401 1653 a
423 1614 556 1653 nobis
575 1613 835 1664 impensam
857 1623 1048 1663 operam
1064 1610 1165 1651 Deo
1183 1610 1287 1662 Opt.
1311 1610 1436 1651 Max.
1456 1622 1549 1650 non
1565 1609 1802 1660 ingratam

172 1684 393 1725 futuram:
416 1684 639 1734 nonnulli,
658 1683 945 1735 spiritalibus
966 1682 1202 1722 exercitiis
1230 1682 1449 1733 acceptis,
1474 1680 1802 1721 franciscanae

174 1756 364 1807 regulae
386 1767 488 1795 sese
504 1755 799 1794 addixerunt.
823 1753 939 1794 Sunt
969 1753 1092 1793 enim
1113 1752 1247 1804 hujus
1269 1752 1445 1793 ordinis
1466 1751 1685 1792 monachi
1706 1750 1802 1802 qui-

174 1827 282 1867 dam
317 1826 607 1875 Placentiae,
645 1825 781 1866 nudis
817 1825 1009 1876 pedibus
1048 1824 1361 1874 ambulantes;
1399 1823 1520 1863 unde
1551 1829 1595 1863 et
1633 1833 1803 1862 nomen

174 1898 325 1949 ipsum
345 1904 389 1937 et
408 1897 694 1937 differentiae
715 1903 874 1936 notam
895 1895 981 1935 sibi
1002 1895 1292 1935 inuenerunt:
1307 1895 1565 1946 Hispaniae
1586 1891 1803 1932 monaclzz

173 1969 274 2008 sine
295 1967 462 2008 calceis
484 1967 714 2007 dicuntur.
738 1967 799 2007 Hi
822 1979 913 2006 non
935 1967 1085 2006 solum
1105 1967 1248 2006 uerbo
1268 1973 1310 2006 et
1328 1966 1542 2016 exemplo
1560 1964 1803 2016 proximos

175 2051 336 2080 omnes
358 2039 618 2088 aedificant,
644 2039 726 2078 sed
747 2038 976 2078 difficilem
998 2038 1139 2077 etiam
1166 2045 1210 2077 et
1237 2037 1402 2077 duram
1432 2037 1577 2076 uitam
1609 2041 1806 2086 agentes

176 2120 219 2150 et
241 2122 440 2161 corpora
470 2118 776 2149 macerantes.

258 2180 506 2221 Caeterum
540 2191 760 2231 magnum
796 2179 957 2219 habuit
993 2179 1068 2219 hic
1103 2191 1252 2219 annus
1280 2179 1556 2219 deuotarum
1583 2177 1805 2218 foemina-

177 2263 281 2291 rum
299 2258 589 2302 prouentum.
614 2250 852 2290 Honestae
882 2250 1067 2301 quidem
1089 2258 1132 2290 et
1154 2251 1405 2301 locupletes
1428 2249 1803 2289 adolescentulae

178 2323 365 2362 circiter
399 2322 753 2374 quinquaginta,
781 2323 855 2361 uel
883 2322 1037 2373 potius
1066 2321 1329 2372 sexaginta,
1360 2320 1526 2372 quibus
1552 2320 1729 2360 nobiles
1763 2326 1808 2360 et

179 2393 419 2443 pecuniosi
441 2398 658 2444 parentes
680 2392 974 2443 patrimonio,
998 2393 1099 2432 loco
1123 2398 1166 2431 et
1187 2398 1339 2431 aetate
1370 2403 1509 2442 pares
1531 2391 1658 2430 uiros
1679 2391 1804 2431 inue—

179 2469 361 2514 nerant,
403 2469 580 2503 mutato
618 2463 833 2513 consilio,
870 2462 979 2502 forti
1018 2462 1219 2514 quodam
1268 2469 1312 2501 et
1360 2461 1596 2502 constanti
1633 2461 1804 2512 animo,

178 2534 364 2575 Christo
392 2535 565 2574 nubere
599 2535 878 2584 maluerunt,
909 2534 954 2573 in
983 2545 1067 2573 sua
1097 2534 1175 2573 illa
1207 2533 1476 2584 integritate
1499 2540 1720 2583 perpetuo
1742 2532 1808 2572 ui-

179 2613 356 2645 cturae.
381 2604 617 2656 Quotquot
639 2610 744 2644 sunt
765 2605 960 2655 singulis
977 2603 1294 2650 hebdomadis,
1315 2604 1361 2643 in
1378 2604 1467 2643 hoc
1486 2609 1646 2643 nostro
1666 2603 1808 2643 sacel-

179 2678 238 2725 lo,
264 2676 572 2715 confessionis
594 2682 638 2715 et
659 2675 999 2714 communionis
1021 2683 1319 2714 sacramenta
1341 2674 1654 2725 frequentant.
1679 2674 1810 2714 Prin-

179 2747 301 2798 cipio
322 2753 555 2798 parentes,
580 2758 776 2797 quorum
799 2746 928 2786 multi
949 2746 1108 2796 magni
1129 2746 1330 2785 nominis
1352 2754 1458 2785 sunt
1481 2746 1525 2784 in
1548 2745 1678 2796 Rep.,
1703 2756 1808 2796 gra-

182 2819 302 2857 uiter
337 2820 620 2869 molesteque
653 2818 807 2857 ferunt
842 2817 965 2869 quod
1005 2816 1233 2868 grandem
1268 2829 1380 2857 suae
1420 2817 1614 2868 quisque
1655 2817 1812 2856 dotem

184 2895 520 2940 comparasset,
546 2890 669 2941 quod
690 2888 807 2929 filias
824 2888 920 2940 jam
951 2887 1057 2928 inde
1090 2901 1115 2928 a
1144 2888 1343 2939 pueritia
1365 2889 1411 2928 in
1430 2888 1598 2928 delitiis
1621 2888 1810 2928 educas-

184 2967 268 3000 set:
295 2960 574 3011 procedente
607 2967 761 3000 autem
788 2966 997 3011 tempore
1029 2959 1215 2999 diuinae
1243 2959 1569 3000 Prouidentiae
1591 2958 1816 2999 beneficio
