2047 3179
197 173 220 209 [0

225 173 240 209 μ

246 173 268 210 10

710 173 935 210 LITTERAE
963 182 1321 216 QUADRIMESTRES

896 625 1139 680 CCC-XL

272 855 494 894 Antonius
515 855 737 894 Cordeses

318 921 441 959 Patri
460 921 631 968 Ignatio
652 920 705 957 de
725 920 909 967 Loyola.

369 986 560 1033 Gandia,
587 986 631 1024 31
654 985 915 1023 Decembris
938 984 1029 1022 1554
1051 990 1075 1019 ².

1005 1135 1034 1142 .—

279 1269 380 1310 R.de
402 1270 449 1309 in
470 1268 660 1310 Christo
685 1267 839 1308 Pater.

281 1340 469 1390 Gratia,
492 1352 587 1392 pax
607 1345 651 1379 et
674 1350 805 1379 amor
826 1338 1016 1379 Domini
1036 1338 1188 1378 nostri
1204 1338 1314 1391 Jesu
1336 1337 1511 1379 Christi
1532 1338 1624 1378 sint
1645 1349 1775 1390 semp
1787 1350 1837 1378 er

206 1414 252 1453 in
273 1412 501 1452 omnibus.

280 1483 411 1535 Quae
446 1482 695 1523 scribenda
731 1487 932 1533 quatuor
974 1480 1046 1521 his
1083 1480 1321 1521 mensibus
1367 1480 1636 1532 obtigerunt
1672 1481 1719 1521 in
1750 1481 1839 1521 hoc

202 1554 461 1595 Gandiensi
495 1553 725 1603 Collegio,
762 1552 1061 1604 paucissimis
1103 1551 1517 1603 comprehendam.
1554 1551 1841 1604 Scripsimus

202 1626 320 1666 alias
353 1625 481 1665 Tuae
512 1624 613 1664 Rae
640 1623 719 1664 Ρ.ῐί
750 1635 921 1675 pueros
957 1623 1095 1664 huius
1132 1623 1291 1675 oppidi
1326 1622 1634 1663 christianam
1670 1623 1841 1663 doctri-

202 1708 332 1747 nam,
356 1696 528 1736 nostris
558 1695 774 1735 Patribus
802 1707 907 1735 eam
934 1694 1235 1745 docentibus,
1266 1694 1510 1734 addiscere
1527 1681 1841 1746 :⁸seripsimus

201 1769 344 1809 etiam
377 1768 638 1807 uberrimos
666 1767 772 1807 inde
800 1766 961 1817 colligi
988 1766 1190 1806 fructus:
1216 1766 1541 1818 omnibusque,
1565 1766 1645 1818 qui
1664 1766 1711 1806 in
1749 1766 1841 1807 hoc

202 1840 373 1891 populo
404 1838 599 1890 degunt,
630 1850 732 1878 esse
763 1838 854 1878 hoc
885 1837 1162 1878 exercitium
1197 1849 1338 1889 quam
1373 1837 1716 1888 gratissimum,
1754 1849 1841 1878 nec

202 1912 354 1951 minus
374 1911 690 1951 fructuosum:
714 1910 784 1949 his
816 1910 862 1949 in
892 1909 1269 1961 praesentiarum
1304 1909 1454 1949 solum
1486 1909 1727 1960 adiiciam,
1751 1909 1841 1949 fra—

202 1990 321 2023 trem
358 1982 609 2034 quemdam
651 1982 697 2021 in
738 1981 901 2021 eodem
935 1981 1161 2021 exercitio
1196 1992 1528 2032 perseuerare,
1567 1981 1614 2020 in
1647 1981 1841 2032 longum

203 2061 386 2106 tempus
407 2054 462 2104 (si
482 2053 711 2094 Dominus
733 2052 927 2103 dederit)
950 2058 1383 2104 perseueraturum.

283 2126 417 2166 Alius
440 2137 622 2177 quoque
651 2124 796 2164 frater
823 2131 937 2164 natu
963 2123 1323 2175 grandioribus,
1348 2124 1475 2164 uelut
1504 2123 1754 2174 hactenus,
1779 2123 1843 2163 in-

205 2203 489 2249 terpretatur
523 2196 787 2237 doctrinam
825 2195 1155 2246 christianam;
1193 2207 1352 2247 quem,
1391 2200 1439 2235 ut
1474 2195 1691 2245 audiant,
1730 2194 1841 2245 uiri,

203 2271 514 2321 mulieresque
552 2269 856 2320 grandaeuae
895 2269 1069 2307 multae
1109 2267 1169 2307 ad
1204 2267 1428 2318 templum
1463 2266 1612 2307 nostri
1647 2265 1844 2317 Collegii

204 2341 450 2382 accedunt.
472 2340 613 2380 Pater
635 2339 845 2391 quidam,
868 2339 1056 2379 nomine
1078 2337 1420 2379 Santanderius
1440 2336 1476 2388 ²,
1502 2338 1548 2378 in
1569 2337 1844 2389 praedican-

204 2413 263 2453 do
303 2412 461 2452 diuino
500 2411 643 2451 uerbo
683 2410 871 2461 dexter,
910 2410 1159 2462 multisque
1201 2409 1455 2449 uirtutibus
1495 2408 1556 2449 ad
1594 2409 1683 2448 hoc
1725 2419 1844 2459 opus

204 2483 540 2536 praestandum
579 2495 604 2522 a
644 2481 846 2522 Domino
887 2481 1097 2529 dotatUS,
1136 2480 1445 2521 concionatur
1483 2480 1754 2532 frequenter
1796 2479 1844 2518 in

204 2561 364 2595 nostro
386 2554 616 2604 Collegio‚
642 2565 697 2593 ac
725 2553 865 2593 etiam
895 2553 943 2592 in
963 2553 1141 2604 templo
1163 2551 1353 2602 maiori,
1379 2562 1519 2603 quam
1540 2550 1699 2591 sedem
1721 2541 1741 2568 ⁵⁵
1764 2562 1846 2591 no—

206 2626 397 2665 minant.
421 2624 509 2676 Qui
529 2624 736 2676 quidem,
761 2634 933 2674 magna
957 2635 1064 2663 cum
1092 2623 1341 2663 deuotione
1369 2633 1577 2673 suaeque
1599 2621 1845 2662 doctrinae

205 2696 561 2748 approbatione,
585 2707 612 2734 a
634 2694 813 2735 cunctis
835 2694 1047 2745 auditur,
1072 2694 1118 2734 in
1140 2694 1274 2734 cuius
1295 2693 1365 2733 rei
1387 2692 1706 2733 testimonium
1728 2692 1844 2734 illud

259 2856 270 2876 ¹
312 2856 548 2890 Autographa,
578 2855 673 2882 unico
702 2855 781 2882 folio
809 2859 981 2889 constans,
1004 2862 1035 2882 n.
1062 2854 1125 2881 512.
1154 2854 1341 2888 Reperitur
1371 2853 1457 2880 haec
1485 2851 1631 2887 epistola
1658 2853 1689 2880 in
1715 2855 1849 2881 volum.

204 2904 283 2932 anni
300 2903 377 2930 1555.

257 2951 271 2970 2
310 2951 398 2978 Vide
414 2951 562 2978 PoLAch
583 2949 787 2983 chronicon,
803 2955 825 2977 t.
841 2957 886 2983 ιν,
903 2958 980 2985 pag.
994 2949 1055 2983 408,
1073 2953 1191 2977 annot.
1208 2949 1236 2976 3.

259 3001 273 3020 ³
310 3001 443 3031 sedem,
457 3000 489 3026 la
505 2998 579 3026 Seo.
