2047 3179
245 139 317 176 478
761 140 990 178 LITTERAE
1009 152 1367 182 QUADRIMESTRES

248 237 405 288 Atque
420 237 655 289 praesidio
675 238 821 278 diuini
838 239 1041 278 numinis
1063 238 1284 288 munitae,
1298 250 1383 290 pro
1399 238 1544 278 nihilo
1562 239 1733 280 habitis
1751 238 1881 280 mun--

247 307 292 347 di
309 309 642 360 uoluptatibus,
663 309 1092 350 animaduertentes
1111 309 1310 349 arduum
1327 320 1443 360 esse,
1460 321 1566 350 cum
1583 311 1758 361 regulis
1776 311 1884 352 dra-

249 379 536 432 conibusque
556 380 827 432 habitando,
862 392 964 420 sese
986 381 1196 431 integras
1224 391 1415 421 seruare
1446 380 1648 431 Christo,
1679 382 1880 422 medico-

249 462 352 491 rum
374 451 619 491 consilium
641 453 958 503 exploserunt,
983 452 1302 503 commorique
1318 452 1366 492 in
1382 452 1611 503 religione
1627 453 1795 504 potius,
1817 453 1880 493 in-

249 528 318 562 ter
336 534 447 563 suas
464 523 510 563 in
528 523 716 564 Christo
734 534 937 574 sorores,
955 534 1094 575 quam
1117 534 1222 563 cum
1239 524 1602 574 consanguineis
1619 524 1666 564 in
1687 525 1884 575 mundo,

244 594 363 634 inter
380 594 612 634 lenocinia
629 600 674 634 et
689 593 938 634 blandities
954 594 1271 645 praesentium
1296 594 1603 646 uoluptatum,
1625 596 1880 636 conuiuere

241 665 506 705 maluerunt
524 664 1008 716 statueruntque.Hoc
1026 665 1170 716 igitur
1188 665 1342 706 studio
1360 667 1590 716 excultae,
1604 667 1692 706 hac
1709 667 1882 707 uirtute

243 741 425 787 septae,
464 736 764 787 maximaque
801 747 958 776 rerum
992 736 1259 777 diuinarum
1291 738 1574 789 cognitione,
1620 738 1690 777 sui
1730 738 1876 789 ipsius

245 807 544 858 despectione
579 814 623 847 et
651 807 812 858 gaudii
841 808 1107 858 perfusione
1136 809 1361 858 uallatae,
1398 809 1548 849 morbi
1580 808 1882 850 afflictionem

247 891 396 931 aequo
419 879 574 919 animo
601 878 856 930 perferunt.
887 879 1068 919 Harum
1089 891 1183 919 Vna
1212 891 1236 919 e
1258 880 1356 919 uita
1377 879 1465 920 hac
1486 879 1629 921 foelix
1650 880 1882 932 demigra-

247 951 329 1001 uit,
353 961 494 1002 quam
511 949 698 1001 quidem
716 950 848 1000 alias,
864 950 958 990 iam
978 956 1098 991 tetro
1117 951 1278 991 morbo
1296 958 1559 1003 corruptas,
1579 951 1750 1002 exiguo
1770 959 1883 992 tem—

250 1034 363 1073 pore
385 1027 723 1062 consecuturas
742 1033 1002 1073 speramus.

325 1092 449 1133 Inter
476 1093 702 1144 plurimas
733 1098 777 1133 et
812 1093 972 1133 uarias
1000 1104 1190 1144 causas,
1223 1094 1389 1146 quibus
1421 1100 1611 1135 nostrae
1632 1094 1889 1136 Societatis

246 1164 453 1215 cognitio
489 1164 717 1215 obruitur,
752 1164 962 1204 haeresis
995 1176 1086 1204 vna
1115 1171 1198 1215 est,
1231 1177 1324 1217 qua
1353 1165 1492 1217 (quod
1518 1166 1722 1218 perspici
1743 1166 1884 1207 facile

246 1236 414 1287 potest)
450 1236 567 1276 haec
598 1242 725 1276 terra
755 1242 918 1276 scatet.
952 1235 1068 1276 Illud
1088 1237 1391 1277 nihilominus
1424 1237 1629 1286 (diuinae
1656 1238 1882 1278 bonitatis

244 1306 555 1359 prouidentia)
579 1308 879 1359 sperandum:
903 1308 990 1347 hos
1012 1308 1139 1348 ciues
1161 1309 1309 1348 nostri
1330 1309 1527 1359 ordinis,
1561 1310 1779 1361 uitaeque
1805 1320 1884 1360 ge-

244 1379 372 1419 neris
405 1390 607 1431 capaces
634 1379 808 1419 sensim
840 1391 894 1419 ac
921 1378 1206 1431 pedetentim
1241 1379 1521 1431 efficiendos,
1556 1381 1612 1420 ab
1642 1393 1789 1432 eoque
1824 1380 1884 1421 ad

246 1451 598 1504 percipiendam
619 1450 1018 1502 excolendamque
1038 1451 1260 1491 uirtutem
1281 1451 1533 1503 plurimum
1554 1452 1799 1493 iuuandos.

327 1522 512 1563 Pascha
541 1522 755 1573 proxime
786 1522 977 1573 delapso
999 1533 1094 1562 non
1116 1523 1340 1572 exiguum
1375 1522 1694 1564 confitentium
1728 1535 1886 1564 nume-

246 1607 351 1635 rum
373 1594 433 1635 ad
453 1593 595 1634 DJfflffl
624 1594 911 1646 Episcopum
945 1593 1154 1634 D.f¹¹¹mq¹³e
1187 1594 1513 1645 Inquisitorem
1539 1594 1702 1636 Patres
1737 1596 1888 1636 nostri

247 1666 443 1706 missum
473 1672 714 1716 curarunt,
742 1672 791 1705 ut
813 1665 1042 1717 quosdam
1065 1665 1202 1705 fidem
1223 1665 1554 1717 impugnantes
1575 1666 1882 1708 denunciaret

252 1737 559 1789 deferretque.
590 1737 679 1777 Hic
714 1749 915 1790 namque
938 1739 1242 1790 promulgata
1269 1737 1354 1778 fuit
1384 1738 1806 1779 excommunicatio
1837 1739 1884 1779 in

247 1809 365 1861 illos,
391 1809 469 1861 qui
497 1809 734 1849 hominem
756 1809 940 1850 haeresi
963 1811 1297 1851 adhaerentem
1317 1817 1652 1862 pernoscentes
1676 1822 1771 1850 non
1793 1817 1884 1850 sta-

245 1881 329 1920 tim
363 1886 630 1931 retegerent
662 1881 877 1932 apudque
914 1882 1116 1922 iudicem
1144 1881 1380 1922 deferrent
1411 1881 1436 1919 ¹.
1473 1881 1564 1922 Sed
1593 1882 1682 1921 heu
1718 1888 1890 1922 morta-

246 1953 359 1992 lium
379 1952 708 1992 temeritatem!
745 1953 835 1992 heu
861 1953 1179 1993 execrandam
1200 1953 1548 2004 arrogantiam!
1572 1959 1682 2005 quot
1704 1959 1748 1993 et
1771 1965 1887 2005 quos

246 2024 438 2064 humani
473 2024 661 2074 generis
695 2025 927 2076 pessimus
949 2025 1112 2075 hostiS,
1135 2025 1182 2064 in
1203 2026 1324 2065 hanc
1347 2025 1882 2065 excommunicationem

246 2095 415 2135 misere
449 2095 764 2147 prolabentes,
796 2096 855 2135 ad
883 2096 971 2136 hoc
1000 2102 1183 2147 tempus
1215 2096 1387 2136 inuasit
1429 2108 1485 2136 ac
1521 2096 1816 2136 deuastavit:
1856 2096 1888 2136 ii

246 2178 598 2218 nonnunquam,
623 2173 892 2207 nostrorum
914 2166 1106 2208 Patrum
1129 2168 1536 2208 adhortationibus
1568 2174 1887 2217 occurrentes,

248 2250 297 2278 se
318 2239 457 2278 malle
475 2237 758 2278 Sanctorum
792 2239 992 2279 ecclesia
1014 2239 1198 2279 niduari
1221 2239 1261 2289 (o
1284 2239 1549 2279 miserabile
1570 2239 1725 2290 quidl)
1749 2250 1888 2290 quam

248 2310 490 2350 hominum
520 2310 676 2360 gratia
705 2310 862 2350 orbari
884 2310 1181 2362 respondent.
1208 2309 1451 2351 Orandum
1477 2321 1563 2362 pro
1598 2310 1665 2350 eis
1700 2321 1886 2350 censeo.

327 2381 508 2422 Verum
529 2393 614 2421 nec
637 2381 693 2421 ob
715 2381 775 2431 id,
801 2382 879 2433 qui
910 2382 1043 2422 nobis
1064 2381 1220 2422 affecti
1243 2382 1290 2422 in
1312 2382 1493 2422 cunctis
1515 2382 1652 2422 rebus
1673 2387 1887 2422 nostram

248 2453 449 2492 salutem
470 2459 701 2504 quaerunt
723 2458 862 2504 atque
893 2465 951 2493 ex
971 2454 1128 2493 animo
1151 2453 1363 2503 offerunt,
1387 2453 1434 2493 in
1456 2453 1545 2493 hac
1566 2453 1679 2493 urbe
1702 2453 1886 2493 desunt.

248 2523 372 2563 Inter
409 2535 527 2575 quos
554 2523 969 2574 uigilantissimum
996 2523 1241 2564 Pastorem
1273 2524 1354 2564 tibi
1389 2529 1610 2564 testatum
1630 2510 1882 2570 uolumus,

249 2595 326 2646 qui
349 2595 492 2634 semel
514 2594 770 2646 quaesitUS,
795 2595 984 2635 admota
1015 2594 1112 2634 D.ni
1134 2594 1316 2635 Vicarii
1349 2606 1451 2647 ope,
1476 2595 1798 2635 authenticam
1820 2602 1891 2634 at-

249 2665 561 2716 testationem,
597 2666 751 2717 sigillo
779 2666 1034 2717 sigillatam
1051 2666 1320 2718 episcopali,
1350 2666 1612 2706 confectam
1639 2666 1782 2706 dedit:
1806 2677 1880 2717 pe-

249 2748 389 2787 quam
425 2748 559 2777 suam
596 2737 800 2777 lucidam
829 2749 884 2777 ac
913 2737 1097 2777 fidelem
1126 2737 1182 2778 de
1210 2738 1299 2778 hac
1333 2736 1568 2778 Societate
1598 2737 1887 2788 opinionem,

251 2807 327 2847 ubi
350 2808 589 2859 cognitam
611 2808 762 2859 ipsam
782 2809 1012 2860 habuerit,
1036 2809 1413 2861 praeclarissime
1436 2808 1643 2860 profecto
1663 2807 1881 2848 ostendit.

305 2966 314 2985 ¹
354 2966 537 2999 deferrent
553 2966 690 3000 scripsit
705 2967 872 2994 Polaneus
885 2967 940 2994 ubi
957 2967 1049 2994 aliud
1065 2971 1141 2995 erat
1160 2969 1312 3001 verbum,
1329 2968 1418 3002 quod
1434 2968 1499 3002 logi
1513 2969 1583 3003 jam
1600 2976 1661 2995 non
1679 2970 1805 3002 potest,
