2047 3179
227 135 296 173 108
739 135 969 174 LITTERAE
996 147 1356 181 QUADmMEsTREs

218 232 460 273 coronidis
482 232 586 273 vice
613 233 730 273 haec
752 233 899 273 verba
926 233 1142 275 addebat:
1175 234 1324 275 “haud
1350 234 1559 284 consulo,
1584 234 1697 274 mihi
1719 235 1871 275 credis

222 311 282 355 te,
306 310 357 344 vt
378 304 453 345 hic
474 304 563 345 hoc
590 305 815 356 temporis
836 305 1036 345 articulo
1057 305 1393 346 Ecclesiastem
1414 318 1463 346 se
1485 305 1778 357 profiteatur,
1803 306 1873 346 id-

222 386 312 427 que
334 375 393 415 ob
413 376 636 426 rationes,
661 387 779 428 quas
799 376 934 416 vobis
956 377 1304 418 communicare
1325 377 1373 417 in
1388 377 1763 429 praesentiarum
1780 389 1866 418 nec

224 457 341 498 opus
376 458 461 487 nec
497 447 762 487 consultum
794 452 904 497 est„.
930 446 1083 498 Quum
1105 447 1280 489 Cantor
1308 448 1551 489 Ecclesiae
1587 447 1878 489 parisiensis

224 517 354 569 prius
388 518 460 558 his
495 518 634 558 minis
662 529 750 558 nos
779 525 971 569 terrere,
1005 525 1050 560 et
1077 520 1135 560 ab
1162 519 1379 560 Instituto
1411 531 1638 560 reuocare
1669 526 1878 560 conatus

225 588 404 640 fuisset,
432 590 495 630 “si
513 590 601 630 hoc
619 601 788 630 munus
805 601 929 631 nunc
947 591 1171 642 subeatis,
1192 591 1467 631 vniuersum
1484 590 1746 643 Collegium
1765 589 1877 631 Sor-⁷

225 660 462 711 bonicum,
485 666 625 713 atque
647 661 763 701 adeo
795 667 998 713 quatuor
1028 662 1395 703 mendicantium
1425 662 1614 702 ordines
1644 661 1881 702 aduersus

226 738 435 772 vestram
466 732 751 772 Societatem
779 733 1118 783 concitabitis„:
1151 745 1306 786 quum,
1340 733 1546 785 inquam,
1570 734 1687 774 haec
1715 733 1876 774 omnia

225 810 529 855 caeteraque,
568 815 688 855 quae
732 804 1007 855 praemissis
1049 805 1216 846 litteris
1256 806 1530 856 complexus
1569 816 1696 856 sum,
1737 811 1872 855 gesta

224 881 397 925 essent,
423 887 478 915 ac
513 881 677 926 postea
713 875 771 915 ab
799 875 901 927 ipso
935 876 1162 928 parocho,
1197 876 1301 917 aedi
1327 875 1450 916 Diuo
1479 875 1677 928 Sulpitio
1706 886 1880 916 sacrae*

226 946 478 998 praefecto,
499 946 740 987 Cardinali
756 946 1022 988 Turonensi
1038 948 1251 988 subditae
1272 946 1297 998 ¹,
1317 947 1364 987 in
1382 947 1616 988 suburbiis
1638 947 1879 988 Parisien*

226 1017 355 1058 sibus
376 1029 521 1070 prope
555 1017 809 1058 Abbatiam
836 1017 997 1060 Sancti
1023 1019 1248 1060 Germani
1278 1018 1411 1069 sitae,
1442 1019 1678 1070 repulsam
1710 1018 1875 1059 itidem

228 1100 395 1141 passus
431 1100 583 1130 essem
612 1089 720 1130 licet
749 1090 1082 1142 inconspectus
1103 1090 1132 1141 ἢ
1163 1091 1395 1131 Dominus
1430 1090 1682 1131 Montanus
1709 1089 1738 1141 ³,
1776 1096 1883 1131 tuma

227 1160 372 1212 Regis
402 1161 732 1212 ConsiliariuS,
765 1161 1021 1203 demiratus
1048 1169 1145 1203 tam
1174 1173 1345 1202 saeuae
1380 1161 1674 1213 tempestatis
1696 1162 1876 1213 procel-

226 1233 312 1283 las,
348 1232 499 1274 R.r1¹¹1m
520 1233 807 1286 Episcopum
843 1233 1157 1274 Parisiensem
1187 1232 1202 1251 ⁴
1232 1233 1345 1274 adiit
1378 1233 1653 1274 facultatem
1690 1233 1874 1273 concio-

227 1304 370 1345 nandi
396 1304 443 1345 in
476 1305 591 1345 aede
623 1304 964 1346 Sanctissimae
993 1305 1239 1346 Trinitatis
1267 1305 1382 1346 mihi
1412 1305 1765 1357 impetraturus.
1790 1304 1877 1346 Cui

227 1375 491 1428 Episcopus
517 1376 762 1428 respondit
793 1388 843 1417 se
871 1376 1061 1417 minime
1088 1377 1429 1428 permissurum
1449 1376 1583 1417 nobis
1605 1375 1751 1417 diuini
1772 1387 1874 1416 ver-

226 1448 272 1489 bi
304 1448 605 1500 euangelium
639 1460 726 1489 nec
762 1455 1169 1489 sacramentorum
1203 1449 1529 1489 ministerium.
1567 1448 1881 1489 Postmodum

227 1519 366 1560 Pater
396 1519 590 1561 fratrem
623 1526 839 1561 nostrum
865 1519 1112 1561 Morelium
1140 1519 1153 1539 ⁵
1175 1520 1234 1560 ad
1265 1519 1618 1571 suffraganeum
1646 1519 1876 1560 Parisien-

228 1603 326 1632 sem
360 1590 374 1610 ⁶
412 1592 608 1633 adduxit
644 1592 795 1633 sacris
831 1592 1072 1633 ordinibus
1108 1592 1479 1644 insigniendum,
1513 1592 1593 1644 qui
1626 1597 1883 1644 Vtrumque>

227 1663 408 1704 remisit
440 1664 500 1705 ad
527 1664 831 1716 Episcopum3
864 1664 944 1717 qui
968 1664 1211 1716 respondit
1234 1670 1425 1704 cautum
1454 1675 1557 1704 esse
1578 1675 1635 1704 ne
1656 1662 1880 1715 Episcopi

227 1747 511 1788 quemquam
533 1736 592 1776 ad
615 1747 780 1777 sacros
798 1735 989 1777 ordines
1011 1736 1262 1777 admittant
1279 1736 1456 1787 absque
1477 1735 1611 1776 titulo
1633 1733 1875 1775 beneficia-

199 1847 208 1862 ,
228 1807 297 1847 rio
321 1808 395 1848 vel
416 1807 750 1857 haereditario,
774 1814 964 1860 praeter
984 1808 1110 1848 solos
1132 1807 1499 1848 mendicantium
1516 1819 1572 1847 ac
1594 1807 1883 1858 religionum

227 1879 599 1931 approbatarum
621 1879 829 1920 ordines.
865 1879 951 1921 Cui
980 1879 1230 1920 obiectioni
1257 1878 1488 1920 satisfecit
1517 1878 1672 1929 Pater,
1702 1889 1789 1919 nec
1811 1885 1882 1918 ta=

230 1962 335 1991 men
358 1951 594 2003 Episcopo
617 1951 854 2002 persuasit
882 1950 1158 2002 religionem
1185 1957 1398 1991 nostram
1419 1950 1476 1991 ab
1497 1955 1696 2002 Vtroque
1730 1948 1882 2001 ponti-⁷

228 2021 313 2063 fice
335 2029 545 2063 extremo
567 2022 713 2064 Paulo
745 2028 789 2063 et
808 2022 931 2076 Julio
962 2021 974 2040 ⁷
997 2022 1308 2074 approbatam
1338 2027 1383 2062 et
1410 2021 1736 2062 confirmatam
1757 2032 1874 2061 esse.

229 2093 493 2146 Episcopus
514 2105 630 2134 vero
652 2093 841 2135 retorsit
869 2104 957 2134 nos
981 2105 1075 2134 non
1102 2105 1205 2133 esse
1234 2093 1520 2145 approbatos
1547 2092 1594 2133 in
1616 2090 1770 2132 Gallia
1790 2102 1883 2131 nec

230 2178 256 2205 a
275 2177 339 2217 se,
355 2177 441 2206 nec
463 2177 490 2205 a
503 2164 540 2205 F
545 2166 750 2206 acultate
772 2164 1056 2216 theologica,
1071 2175 1157 2205 nec
1176 2177 1203 2204 a
1220 2163 1395 2205 Senatu
1412 2163 1682 2204 Parisiensi.
1707 2162 1883 2214 Quum-

284 2352 293 2372 ¹
337 2352 478 2380 Rectius
493 2352 653 2380 fortassis
670 2352 814 2380 dixisset
831 2351 1054 2388 Clayssonius
1065 2350 1239 2385 Episcopo
1254 2350 1463 2378 Turonensi.
1480 2350 1567 2377 Nam
1582 2348 1779 2377 Cardinalis
1794 2348 1884 2375 Far-

231 2408 322 2433 nese,
340 2401 395 2435 qui
421 2400 631 2428 Turonensis
654 2400 848 2435 Episcopus
871 2400 996 2432 fuerat,
1022 2399 1116 2427 illam
1140 2398 1255 2426 sedem
1278 2398 1482 2431 successori,
1498 2396 1627 2425 Simoni
1652 2397 1692 2424 de
1708 2395 1822 2424 Maille'
1839 2396 1881 2423 de

231 2448 350 2481 Rrece.
364 2449 436 2483 jam
451 2448 486 2476 25
499 2447 591 2482 Junii
605 2449 708 2483 hujus
723 2448 802 2475 anni
819 2446 1074 2482 resignaverat.
1093 2446 1201 2477 GAMS.
1217 2446 1337 2474 Series
1357 2446 1631 2481 Episcoporum‚
1646 2452 1723 2480 pag.
1745 2444 1809 2471 641.
1825 2444 1885 2471 Ab·

230 2496 296 2522 hac
309 2495 510 2523 difficultate
526 2503 561 2522 se
580 2495 756 2530 expedivit
773 2495 960 2529 Ponancus,
973 2495 1052 2522 dum
1068 2499 1234 2529 excerpta
1249 2502 1290 2521 ex
1299 2493 1353 2522 his
1369 2493 1562 2529 Clayssonii
1578 2492 1707 2520 litteris
1722 2499 1782 2519 suo
1795 2491 1881 2519 inse-

231 2544 299 2571 ruit
317 2542 497 2573 Chronico,
511 2544 676 2571 scribens:
695 2545 731 2571 in
748 2544 836 2571 aede
851 2543 916 2570 Sti.
934 2542 1094 2578 Sulpitii.
1110 2550 1200 2577 quae
1214 2542 1500 2577 ajurisdictz'one
1515 2540 1685 2575 Episcopi
1697 2539 1881 2571 (Parisien-

235 2591 293 2619 κίε)
309 2591 486 2618 immunis
501 2593 565 2618 est.
581 2591 618 2618 T.
636 2598 683 2625 ιν,
699 2598 779 2626 pag.
795 2590 859 2625 320,
875 2598 906 2618 n.
919 2591 982 2618 685.

284 2640 298 2659 2
337 2639 409 2667 Hoc
425 2644 488 2667 est:
506 2647 571 2666 non
587 2640 682 2667 visus
698 2647 718 2667 a
734 2639 853 2668 Sancti
870 2639 1006 2674 Sulpitii
1022 2639 1183 2674 parocho,
1197 2639 1252 2674 qui
1265 2638 1407 2674 proinde
1421 2644 1564 2665 causare
1577 2643 1643 2663 non
1656 2639 1794 2670 poterat
1810 2636 1883 2662 vul-

234 2692 306 2715 tum
322 2694 433 2715 meum
447 2687 648 2722 juvenilem.

289 2736 302 2754 5
340 2734 434 2762 Idem
450 2734 612 2767 Dumont‚
629 2735 684 2769 qui
700 2742 817 2770 supra.

291 2784 306 2804 ⁴
345 2782 574 2810 Eustachium
590 2783 633 2810 du
649 2783 781 2817 Bellay.

286 2831 300 2852 5
339 2831 504 2865 Jacobum
521 2830 713 2859 Morellum.
730 2830 817 2858 Vide
834 2834 856 2858 t.
871 2837 905 2863 11,
920 2838 997 2865 pag.
1011 2830 1063 2857 624
1075 2834 1108 2858 et
1123 2829 1187 2862 633,
1203 2830 1261 2857 sed
1273 2829 1455 2864 praecipue
1472 2828 1621 2856 POLANC1
1640 2826 1777 2860 claron„
1791 2831 1816 2854 t.
1832 2833 1880 2853 ιιι.

233 2887 317 2915 pag.
337 2879 400 2911 296.
416 2882 533 2906 annot.
549 2878 577 2905 4.

289 2926 303 2947 ὓ
345 2926 614 2962 Suffraganeus
629 2926 684 2955 hie
700 2926 789 2954 idem
805 2933 844 2954 ac
861 2927 1046 2961 coadjutor
1059 2925 1254 2961 significare
1270 2926 1418 2953 videtur.

291 2977 303 2996 '¹
347 2976 454 3004 Paulo
469 2975 519 3004 111
533 2979 567 3003 et
581 2975 670 3009 Julio
685 2974 745 3003 111.
