2047 3179
215 206 286 243 648
739 208 962 247 LITTERAE
980 220 1339 253 QUADRIMESTRES

888 685 1193 741 CDXXVI

287 941 335 978 P.
357 940 561 980 Sanctius
582 941 747 986 Ochoa,
769 940 1014 987 Navarrus,

337 1005 458 1043 Patri
478 1006 648 1054 Ignatio
665 1005 718 1043 de
736 1005 923 1053 Loyola.

385 1071 728 1119 Monte-Regali,
753 1072 796 1109 15
815 1071 1089 1120 Septembris
1113 1072 1205 1110 1555
1225 1073 1249 1110 ¹.

876 1293 1007 1348 Jhus.
1028 1224 1197 1334 fflislaria.

297 1451 398 1492 Pax
422 1450 597 1492 Christi
618 1456 706 1491 etc.

667 1521 812 1562 Molto
834 1520 937 1562 R.d0
962 1521 1009 1561 in
1030 1520 1220 1562 Christo
1242 1520 1409 1561 Padre.

298 1594 388 1634 Per
416 1593 606 1634 satisfar
638 1594 729 1633 alla
759 1598 896 1633 santa
930 1592 1210 1643 obedientia,
1246 1603 1329 1644 per
1350 1596 1516 1644 questa
1537 1591 1799 1632 auiseremo
1831 1603 1858 1631 a

215 1672 380 1707 vostra
401 1665 505 1705 R.da
530 1665 773 1705 Paternita
795 1664 852 1705 de
882 1665 1036 1717 quello
1058 1664 1144 1704 che
1166 1663 1214 1704 in
1234 1663 1386 1716 questi
1407 1668 1595 1715 quattro
1617 1662 1734 1703 mesi
1754 1674 1857 1714 pas-

214 1737 306 1778 sati
335 1749 384 1778 se
413 1737 473 1777 ha
501 1743 653 1777 atteso
682 1748 790 1788 qua,
826 1735 1061 1776 mediante
1087 1736 1132 1775 la
1153 1735 1310 1786 gratia
1342 1735 1416 1775 del
1436 1733 1624 1786 Signor,
1648 1739 1779 1774 tanto
1809 1734 1858 1774 in

216 1821 329 1850 casa
352 1820 484 1849 come
505 1807 561 1848 de
582 1807 733 1848 fuora.

295 1879 347 1921 In
377 1891 490 1921 casa
519 1891 705 1932 sempre
735 1878 775 1919 si
805 1878 866 1919 ha
897 1877 1142 1919 attenduto
1173 1877 1251 1918 alli
1285 1877 1437 1918 nostri
1470 1876 1702 1918 essercitii
1737 1876 1856 1917 ordi-

216 1951 354 1993 narii.

296 2023 435 2064 Circa
457 2023 488 2063 li
509 2022 697 2074 scolari,
724 2022 770 2062 in
791 2022 1017 2074 insegnar
1042 2022 1085 2062 le
1106 2022 1270 2062 lettere
1291 2027 1336 2062 et
1357 2020 1565 2073 leggerle
1585 2020 1630 2060 la
1652 2018 1858 2060 dottrina

216 2095 495 2146 christiana,
526 2095 646 2135 com’
671 2098 695 2134 e
723 2094 754 2134 il
781 2094 922 2134 solito
950 2100 1129 2144 nostro,
1152 2093 1332 2133 benche
1353 2092 1385 2132 il
1404 2103 1599 2132 numero
1630 2090 1737 2131 delli
1758 2101 1857 2130 sco-

214 2167 305 2207 lari
321 2166 509 2219 quando
527 2177 704 2216 cresce,
725 2165 912 2218 quando
929 2176 1116 2216 manca,
1136 2175 1218 2215 per
1235 2175 1365 2204 esser
1381 2163 1492 2204 stati
1508 2163 1555 2203 in
1572 2167 1706 2214 parte
1723 2172 1858 2213 ques-

213 2239 248 2279 ti
282 2238 371 2278 due
402 2237 512 2278 anni
538 2237 648 2278 forti
677 2243 722 2278 et
750 2236 982 2277 contrarii
1017 2237 1107 2276 alla
1147 2237 1248 2276 loro
1277 2238 1476 2287 pouerta
1507 2222 1780 2285 temporale,
1814 2237 1859 2273 et

214 2310 350 2362 quasi
378 2309 611 2350 conformi
635 2309 726 2349 alla
758 2311 958 2360 pouerta
986 2308 1250 2360 spirituale,
1283 2307 1369 2347 che
1399 2310 1424 2346 e
1450 2305 1624 2358 peggio
1651 2310 1696 2345 et
1722 2303 1859 2356 quasi

212 2381 435 2433 maggior
456 2381 530 2421 del
550 2380 822 2432 temporale,
847 2386 891 2420 et
912 2384 1392 2431 consequentemente
1413 2388 1561 2429 penso
1578 2387 1734 2416 essere
1751 2387 1858 2415 cau-

214 2463 267 2493 sa
288 2452 334 2492 in
357 2458 490 2504 parte
513 2451 558 2492 di
580 2457 711 2492 tanta
733 2454 931 2503 pouerta
952 2451 1226 2501 temporale.

294 2523 365 2563 De
386 2534 581 2563 numero
605 2528 734 2563 certo
762 2521 868 2562 delli
896 2521 1068 2562 scolari
1099 2533 1195 2561 non
1223 2520 1463 2573 possiamo
1495 2519 1608 2559 dare
1643 2530 1670 2559 a
1692 2518 1750 2559 V.
1775 2517 1859 2557 Pa·

213 2595 386 2635 ternita
408 2600 636 2644 certezza,
660 2594 833 2645 perche
854 2593 1004 2645 poche
1026 2593 1152 2633 uolte
1173 2603 1323 2632 sonno
1345 2591 1453 2632 tutti
1475 2589 1716 2638 ordinarii,
1737 2600 1858 2630 mas-

214 2665 492 2706 simamente
513 2665 559 2705 in
582 2671 746 2717 questo
770 2671 927 2716 tempo
948 2664 1036 2705 che
1067 2675 1225 2704 vanno
1254 2674 1338 2715 per
1364 2664 1408 2703 13
1430 2662 1666 2702 necessita
1698 2673 1724 2701 a
1746 2672 1856 2711 gua·

214 2736 440 2788 dagnare,
466 2737 540 2777 chi
563 2736 609 2777 di
630 2736 721 2788 qui,
747 2736 825 2776 chi
845 2735 892 2776 di
914 2736 1015 2787 illa;
1039 2735 1226 2787 quando
1249 2734 1289 2774 si
1316 2733 1620 2785 raccogliono
1641 2732 1763 2779 tutti,
1788 2743 1857 2771 so-

213 2808 372 2858 gliono
390 2819 547 2848 essere
568 2819 686 2859 poco
707 2807 787 2859 piu
809 2819 835 2847 o
857 2818 1026 2847 manco
1049 2806 1096 2847 di
1117 2811 1271 2846 cento.
1295 2803 1470 2846 Nostro
1493 2803 1693 2855 Signore
1716 2803 1745 2842 li
1766 2802 1857 2842 fac-

215 2879 288 2919 cia
310 2879 551 2920 abundare
572 2878 628 2919 de
650 2878 835 2919 richeze
858 2877 1100 2930 spirituale
1128 2883 1173 2918 et
1199 2876 1460 2928 temporale
1489 2880 1664 2927 quanto
1685 2877 1856 2926 parera

271 3039 283 3060 ¹
322 3039 574 3074 Autographae
590 3039 719 3074 duplici
734 3039 766 3066 in
783 3038 873 3070 folio,
890 3047 944 3066 nn,
959 3039 1011 3066 ‘252
1025 3043 1058 3066 et
1074 3039 1135 3066 253.
