2047 3179
209 167 281 205 556
730 167 957 205 L1TTERAE
976 175 1334 208 QUADRIMESTRES

921 618 1141 672 CDVII

279 849 479 896 Raphae'l
501 849 633 886 Riera

329 914 450 951 Patri
473 915 639 960 ignatio
662 915 714 951 de
737 914 922 961 Loyolzl.

377 980 584 1020 Laureto.
607 979 655 1017 28
674 980 866 1024 Augusti
888 980 980 1017 1555
1000 981 1023 1016 ¹.

848 1155 969 1209 JHs.
993 1155 1196 1196 MARlA

287 1337 452 1377 Gratia
471 1343 515 1376 et
538 1349 630 1389 pax
652 1337 843 1377 Domini
866 1337 1013 1376 nostri
1035 1336 1146 1389 Jesu
1168 1336 1358 1385 Christi,
1383 1343 1471 1375 etc.

288 1408 446 1448 Monet
468 1420 554 1448 nos
576 1409 668 1448 iam
691 1415 909 1448 exactum
928 1416 1126 1459 tempus,
1150 1408 1290 1447 immo
1309 1407 1542 1458 compellit
1561 1412 1724 1445 sancta
1743 1405 1846 1445 obe-

205 1479 394 1528 dientia,
431 1479 532 1520 Rde
560 1480 605 1520 in
634 1480 821 1520 Christo
853 1479 1005 1530 Pater,
1037 1487 1087 1519 vt
1115 1479 1169 1519 dc
1199 1479 1285 1528 his,
1319 1490 1438 1530 quae
1467 1477 1624 1517 diuina
1661 1477 1846 1516 bonitas

203 1562 287 1602 per
308 1563 394 1591 nos
416 1551 603 1603 operari
625 1551 818 1602 dignata
837 1557 906 1591 est
924 1551 1130 1591 secundo
1148 1551 1236 1590 hoc
1255 1549 1602 1601 quadrimestri‚
1623 1548 1683 1588 ad
1700 1547 1844 1587 Reue-

203 1623 405 1663 rentiam
422 1629 550 1664 tuam
571 1623 850 1664 scribamus.

283 1694 356 1735 Ab
379 1695 556 1735 vltimis
578 1695 722 1746 igitur
744 1696 889 1735 literis
913 1702 1072 1735 tantus
1094 1701 1283 1745 tamque
1313 1693 1564 1733 continuus
1597 1691 1744 1731 adfuit
1766 1703 1845 1730 no-

201 1767 272 1807 bis
294 1767 481 1807 diuinae
503 1767 687 1817 gratiae
709 1767 926 1817 influxus,
952 1774 1001 1806 vt
1024 1767 1070 1806 in
1092 1765 1306 1805 omnibus
1327 1765 1467 1804 rebus
1490 1763 1665 1803 nostris
1687 1762 1843 1802 dexte-

200 1849 303 1878 ram
326 1837 516 1878 Domini
538 1844 583 1878 et
612 1837 885 1878 felicissima
909 1837 1229 1888 pientissimae
1259 1835 1424 1876 Matris
1457 1834 1668 1885 auspicia
1701 1844 1841 1884 agno-

197 1910 420 1950 uerimus.
459 1909 563 1950 Non
600 1911 749 1949 solum
786 1910 910 1949 enim
945 1921 1020 1948 res
1055 1908 1285 1960 publicae,
1324 1907 1407 1947 sed
1437 1906 1579 1946 etiam
1612 1905 1842 1955 priuatae,

199 1988 306 2021 sunt
329 1993 512 2021 summa
534 1981 757 2021 felicitate
780 1988 1066 2031 transactae3
1092 1986 1135 2020 et
1157 1979 1266 2031 quia
1288 1978 1443 2018 omnia
1477 1988 1715 2028 exponere
1738 1987 1842 2027 ope-

198 2053 263 2093 ris
284 2060 408 2093 esset
429 2053 769 2104 propemodum
790 2051 971 2102 infiniti,
997 2064 1055 2092 ex
1077 2051 1234 2091 multis
1256 2062 1424 2102 pauca,
1443 2055 1605 2089 nostro
1629 2047 1843 2087 instituto

199 2124 352 2175 magis
374 2131 653 2176 opportuna,
679 2124 1000 2175 decerpemus,
1026 2135 1116 2175 quo
1146 2121 1459 2162 sanctissimis
1485 2120 1538 2160 R.
1570 2119 1621 2159 T.
1655 2118 1777 2158 votis
1799 2124 1843 2158 et

197 2202 360 2235 nostro
384 2196 564 2236 muneri
585 2195 949 2236 satisfaciamus.

280 2267 531 2308 Confluunt
555 2268 614 2307 ad
637 2268 757 2307 hanc
782 2268 955 2307 almam
985 2267 1176 2307 domum
1199 2277 1292 2305 non
1314 2265 1465 2304 solum
1497 2276 1555 2303 ex
1582 2263 1729 2312 Italia,
1760 2261 1842 2302 secl

197 2339 341 2379 etiam
353 2350 411 2378 ex
429 2339 650 2379 vniuerso
665 2339 776 2379 orbe
791 2338 1064 2388 christiano,
1085 2337 1443 2388 peregrinorum
1462 2342 1683 2375 cateruae
1701 2340 1746 2373 et
1762 2344 1840 2384 po-

197 2411 415 2461 pulorum
437 2411 774 2461 multitudines,
798 2421 915 2461 quas
938 2409 1088 2450 obuiis
1109 2408 1233 2448 Vlnis
1253 2408 1487 2458 excipere,
1513 2406 1679 2457 quibus
1699 2405 1746 2445 in
1764 2416 1841 2444 au-

196 2480 378 2522 diendis
399 2481 773 2522 confessionibus
796 2480 1070 2521 satisfacere
1091 2480 1241 2520 nostri
1272 2487 1341 2519 est
1364 2477 1580 2518 instituti:
1614 2477 1702 2528 ipsi
1727 2486 1842 2516 vero

199 2553 258 2593 ad
279 2565 364 2592 nos
386 2560 516 2593 tanta
540 2553 779 2593 confluunt
801 2553 1053 2593 deuotione
1074 2558 1118 2592 et
1138 2552 1371 2600 libertate,
1398 2556 1572 2602 quanta
1593 2548 1748 2588 tenelli
1774 2547 1838 2587 in-

201 2624 355 2664 fantes
377 2624 435 2664 ad
457 2631 705 2676 parentum
727 2625 988 2675 amplexus.

279 2695 518 2746 Dignatur
542 2702 699 2736 autem
721 2695 952 2736 Dominus
975 2702 1071 2735 tam
1092 2695 1181 2747 piis
1204 2694 1327 2735 votis
1345 2705 1429 2744 pro
1450 2692 1586 2732 nobis
1604 2690 1842 2730 abundan-

197 2766 376 2806 tissime
397 2767 687 2818 satisfacere;
712 2779 807 2807 non
828 2768 979 2807 solum
1001 2766 1124 2806 enim
1153 2764 1509 2805 molestissimas
1538 2767 1845 2814 peccatorum

196 2837 410 2877 sarcinas
433 2849 618 2878 summa
641 2850 748 2879 cum
769 2838 1055 2879 exultatione
1078 2838 1332 2889 deponunt,
1358 2835 1439 2875 sed
1461 2836 1604 2875 etiam
1625 2832 1840 2873 defaeca-

252 3002 260 3021 ¹
302 3003 553 3037 Autographne
570 3003 695 3037 duplici
711 3003 744 3030 in
760 3003 852 3035 solio,
869 3010 922 3030 nn.
938 3002 1017 3029 olim
1035 3000 1085 3028 108
1099 3004 1131 3027 et
1151 3000 1209 3031 109.
1226 3007 1313 3028 nunc
1332 2999 1378 3026 111
1395 3002 1429 3025 et
1446 2997 1505 3025 112.
