<?xml version="1.0" encoding="UTF-8"?>
<!DOCTYPE html PUBLIC "-//W3C//DTD XHTML 1.0 Transitional//EN"
    "http://www.w3.org/TR/xhtml1/DTD/xhtml1-transitional.dtd">
<html xmlns="http://www.w3.org/1999/xhtml" xml:lang="en" lang="en">
 <head>
  <title>
</title>
<meta http-equiv="Content-Type" content="text/html;charset=utf-8" />
  <meta name='ocr-system' content='tesseract 3.04.00' />
  <meta name='ocr-capabilities' content='ocr_page ocr_carea ocr_par ocr_line ocrx_word'/>
</head>
<body>
  <div class='ocr_page' id='page_1' title='image "./litteraequadrime15lain_0504.png"; bbox 0 0 2047 3179; ppageno 0'>
   <div class='ocr_carea' id='block_1_1' title="bbox 251 165 1394 206">
    <p class='ocr_par' dir='ltr' id='par_1_1' title="bbox 251 165 1394 206">
     <span class='ocr_line' id='line_1_1' title="bbox 251 165 1394 206; baseline -0.001 -3"><span class='ocrx_word' id='word_1_1' title='bbox 251 165 322 203; x_wconf 81' lang='grc'>498</span> <span class='ocrx_word' id='word_1_2' title='bbox 785 166 1012 203; x_wconf 76' lang='lat' dir='ltr'>LITTERAE</span> <span class='ocrx_word' id='word_1_3' title='bbox 1033 175 1394 206; x_wconf 75' lang='lat' dir='ltr'>QUADRJMESTRES</span> 
     </span>
    </p>
   </div>
   <div class='ocr_carea' id='block_1_2' title="bbox 250 261 1892 380">
    <p class='ocr_par' dir='ltr' id='par_1_2' title="bbox 250 261 1892 380">
     <span class='ocr_line' id='line_1_2' title="bbox 250 261 1889 316; baseline 0 -13"><span class='ocrx_word' id='word_1_4' title='bbox 250 276 341 316; x_wconf 90' lang='lat' dir='ltr'>quo</span> <span class='ocrx_word' id='word_1_5' title='bbox 363 264 599 314; x_wconf 89' lang='lat' dir='ltr'>legeretur</span> <span class='ocrx_word' id='word_1_6' title='bbox 620 263 920 314; x_wconf 88' lang='lat' dir='ltr'>euangelium</span> <span class='ocrx_word' id='word_1_7' title='bbox 943 262 998 302; x_wconf 90' lang='lat' dir='ltr'>de</span> <span class='ocrx_word' id='word_1_8' title='bbox 1021 262 1333 302; x_wconf 87' lang='lat' dir='ltr'>conuersione</span> <span class='ocrx_word' id='word_1_9' title='bbox 1356 262 1529 301; x_wconf 85' lang='lat' dir='ltr'>Beatae</span> <span class='ocrx_word' id='word_1_10' title='bbox 1563 261 1889 312; x_wconf 89' lang='lat' dir='ltr'>Magdalenae‚</span> 
     </span>
     <span class='ocr_line' id='line_1_3' title="bbox 250 326 1892 380; baseline -0.001 -11"><span class='ocrx_word' id='word_1_11' title='bbox 250 330 382 369; x_wconf 88' lang='lat' dir='ltr'>cuius</span> <span class='ocrx_word' id='word_1_12' title='bbox 404 329 748 380; x_wconf 78' lang='lat' dir='ltr'>expositionem</span> <span class='ocrx_word' id='word_1_13' title='bbox 769 329 807 369; x_wconf 92' lang='lat' dir='ltr'>si</span> <span class='ocrx_word' id='word_1_14' title='bbox 830 327 1045 368; x_wconf 74' lang='lat' dir='ltr'>audirent</span> <span class='ocrx_word' id='word_1_15' title='bbox 1068 328 1256 377; x_wconf 86' lang='lat' dir='ltr'>multae,</span> <span class='ocrx_word' id='word_1_16' title='bbox 1279 326 1441 366; x_wconf 78' lang='lat' dir='ltr'>forsan</span> <span class='ocrx_word' id='word_1_17' title='bbox 1477 326 1605 367; x_wconf 91' lang='lat' dir='ltr'>Deus</span> <span class='ocrx_word' id='word_1_18' title='bbox 1641 327 1708 367; x_wconf 91' lang='lat' dir='ltr'>sic</span> <span class='ocrx_word' id='word_1_19' title='bbox 1730 339 1892 368; x_wconf 90' lang='lat' dir='ltr'>earum</span> 
     </span>
    </p>
   </div>
   <div class='ocr_carea' id='block_1_3' title="bbox 246 398 1894 2811">
    <p class='ocr_par' dir='ltr' id='par_1_3' title="bbox 246 398 1894 2811">
     <span class='ocr_line' id='line_1_4' title="bbox 247 398 1890 449; baseline -0.001 -8"><span class='ocrx_word' id='word_1_20' title='bbox 247 401 530 441; x_wconf 85' lang='lat' dir='ltr'>illuminaret</span> <span class='ocrx_word' id='word_1_21' title='bbox 552 400 711 449; x_wconf 84' lang='lat' dir='ltr'>corda,</span> <span class='ocrx_word' id='word_1_22' title='bbox 735 406 786 441; x_wconf 87' lang='lat' dir='ltr'>vt</span> <span class='ocrx_word' id='word_1_23' title='bbox 807 400 955 440; x_wconf 85' lang='lat' dir='ltr'>vitam</span> <span class='ocrx_word' id='word_1_24' title='bbox 970 399 1269 439; x_wconf 80' lang='lat' dir='ltr'>libidinosam</span> <span class='ocrx_word' id='word_1_25' title='bbox 1287 409 1480 449; x_wconf 87' lang='lat' dir='ltr'>prorsus</span> <span class='ocrx_word' id='word_1_26' title='bbox 1497 398 1768 439; x_wconf 89' lang='lat' dir='ltr'>abiicerent.</span> <span class='ocrx_word' id='word_1_27' title='bbox 1789 399 1890 439; x_wconf 93' lang='lat' dir='ltr'>Hoc</span> 
     </span>
     <span class='ocr_line' id='line_1_5' title="bbox 249 469 1891 522; baseline -0.001 -10"><span class='ocrx_word' id='word_1_28' title='bbox 249 472 336 512; x_wconf 90' lang='lat' dir='ltr'>sibi</span> <span class='ocrx_word' id='word_1_29' title='bbox 358 472 534 512; x_wconf 87' lang='lat' dir='ltr'>dictum</span> <span class='ocrx_word' id='word_1_30' title='bbox 556 471 831 512; x_wconf 88' lang='lat' dir='ltr'>existimans</span> <span class='ocrx_word' id='word_1_31' title='bbox 852 470 1084 522; x_wconf 77' lang='lat' dir='ltr'>quaedam</span> <span class='ocrx_word' id='word_1_32' title='bbox 1107 476 1324 509; x_wconf 87' lang='lat' dir='ltr'>matrona</span> <span class='ocrx_word' id='word_1_33' title='bbox 1348 469 1531 509; x_wconf 88' lang='lat' dir='ltr'>curauit</span> <span class='ocrx_word' id='word_1_34' title='bbox 1553 475 1778 521; x_wconf 85' lang='lat' dir='ltr'>quotquot</span> <span class='ocrx_word' id='word_1_35' title='bbox 1801 482 1891 510; x_wconf 93' lang='lat' dir='ltr'>me-</span> 
     </span>
     <span class='ocr_line' id='line_1_6' title="bbox 247 541 1890 594; baseline -0.002 -10"><span class='ocrx_word' id='word_1_36' title='bbox 247 544 444 584; x_wconf 88' lang='lat' dir='ltr'>retrices</span> <span class='ocrx_word' id='word_1_37' title='bbox 462 543 673 583; x_wconf 89' lang='lat' dir='ltr'>inuenire</span> <span class='ocrx_word' id='word_1_38' title='bbox 685 542 852 594; x_wconf 82' lang='lat' dir='ltr'>potuit,</span> <span class='ocrx_word' id='word_1_39' title='bbox 869 542 1010 582; x_wconf 81' lang='lat' dir='ltr'>etiam</span> <span class='ocrx_word' id='word_1_40' title='bbox 1025 552 1169 592; x_wconf 87' lang='lat' dir='ltr'>supra</span> <span class='ocrx_word' id='word_1_41' title='bbox 1184 552 1431 581; x_wconf 89' lang='lat' dir='ltr'>numerum</span> <span class='ocrx_word' id='word_1_42' title='bbox 1444 541 1890 593; x_wconf 88' lang='lat' dir='ltr'>quadragenarium,</span> 
     </span>
     <span class='ocr_line' id='line_1_7' title="bbox 250 612 1892 664; baseline -0.002 -9"><span class='ocrx_word' id='word_1_43' title='bbox 250 615 310 655; x_wconf 90' lang='lat' dir='ltr'>ad</span> <span class='ocrx_word' id='word_1_44' title='bbox 333 615 612 655; x_wconf 77' lang='lat' dir='ltr'>concionem</span> <span class='ocrx_word' id='word_1_45' title='bbox 630 613 878 663; x_wconf 76' lang='lat' dir='ltr'>adducere,</span> <span class='ocrx_word' id='word_1_46' title='bbox 901 618 1148 652; x_wconf 90' lang='lat' dir='ltr'>numerato</span> <span class='ocrx_word' id='word_1_47' title='bbox 1166 612 1364 663; x_wconf 91' lang='lat' dir='ltr'>singulis</span> <span class='ocrx_word' id='word_1_48' title='bbox 1382 612 1536 663; x_wconf 89' lang='lat' dir='ltr'>aliquo</span> <span class='ocrx_word' id='word_1_49' title='bbox 1558 623 1764 663; x_wconf 90' lang='lat' dir='ltr'>nummo,</span> <span class='ocrx_word' id='word_1_50' title='bbox 1784 624 1892 664; x_wconf 90' lang='lat' dir='ltr'>qua-</span> 
     </span>
     <span class='ocr_line' id='line_1_8' title="bbox 246 683 1890 738; baseline -0.002 -11"><span class='ocrx_word' id='word_1_51' title='bbox 246 698 351 727; x_wconf 87' lang='lat' dir='ltr'>rum</span> <span class='ocrx_word' id='word_1_52' title='bbox 374 686 558 738; x_wconf 89' lang='lat' dir='ltr'>aliquae</span> <span class='ocrx_word' id='word_1_53' title='bbox 581 684 801 736; x_wconf 80' lang='lat' dir='ltr'>deinceps</span> <span class='ocrx_word' id='word_1_54' title='bbox 816 684 867 723; x_wconf 75' lang='lat' dir='ltr'>in</span> <span class='ocrx_word' id='word_1_55' title='bbox 888 687 1077 724; x_wconf 78' lang='lat' dir='ltr'>tantum</span> <span class='ocrx_word' id='word_1_56' title='bbox 1099 683 1346 735; x_wconf 83' lang='lat' dir='ltr'>pristinam</span> <span class='ocrx_word' id='word_1_57' title='bbox 1364 684 1510 723; x_wconf 84' lang='lat' dir='ltr'>vitam</span> <span class='ocrx_word' id='word_1_58' title='bbox 1530 683 1538 702; x_wconf 82' lang='lat'><em>¹</em></span> <span class='ocrx_word' id='word_1_59' title='bbox 1558 683 1890 734; x_wconf 81' lang='lat' dir='ltr'>abhorrebant,</span> 
     </span>
     <span class='ocr_line' id='line_1_9' title="bbox 248 754 1894 806; baseline -0.002 -8"><span class='ocrx_word' id='word_1_60' title='bbox 248 764 299 798; x_wconf 87' lang='lat' dir='ltr'>vt</span> <span class='ocrx_word' id='word_1_61' title='bbox 321 770 431 798; x_wconf 86' lang='lat' dir='ltr'>mox</span> <span class='ocrx_word' id='word_1_62' title='bbox 452 759 607 797; x_wconf 89' lang='lat' dir='ltr'>locum</span> <span class='ocrx_word' id='word_1_63' title='bbox 629 765 673 796; x_wconf 89' lang='lat' dir='ltr'>et</span> <span class='ocrx_word' id='word_1_64' title='bbox 695 755 969 796; x_wconf 80' lang='lat' dir='ltr'>occasiones</span> <span class='ocrx_word' id='word_1_65' title='bbox 989 755 1219 806; x_wconf 91' lang='lat' dir='ltr'>peccandi</span> <span class='ocrx_word' id='word_1_66' title='bbox 1247 754 1531 803; x_wconf 88' lang='lat' dir='ltr'>deserentes,</span> <span class='ocrx_word' id='word_1_67' title='bbox 1556 754 1894 795; x_wconf 90' lang='lat' dir='ltr'>monasterium</span> 
     </span>
     <span class='ocr_line' id='line_1_10' title="bbox 247 826 1891 878; baseline -0.002 -9"><span class='ocrx_word' id='word_1_68' title='bbox 247 829 391 878; x_wconf 83' lang='lat' dir='ltr'>vulgo</span> <span class='ocrx_word' id='word_1_69' title='bbox 415 838 753 868; x_wconf 88' lang='lat' dir='ltr'>conuersarum</span> <span class='ocrx_word' id='word_1_70' title='bbox 774 826 951 866; x_wconf 86' lang='lat' dir='ltr'>dictum</span> <span class='ocrx_word' id='word_1_71' title='bbox 982 826 1227 877; x_wconf 84' lang='lat' dir='ltr'>ingressae</span> <span class='ocrx_word' id='word_1_72' title='bbox 1263 826 1369 866; x_wconf 90' lang='lat' dir='ltr'>sint:</span> <span class='ocrx_word' id='word_1_73' title='bbox 1403 826 1632 877; x_wconf 78' lang='lat' dir='ltr'>plurimae</span> <span class='ocrx_word' id='word_1_74' title='bbox 1669 837 1695 865; x_wconf 92' lang='lat' dir='ltr'>a</span> <span class='ocrx_word' id='word_1_75' title='bbox 1724 837 1891 866; x_wconf 90' lang='lat' dir='ltr'>concu-</span> 
     </span>
     <span class='ocr_line' id='line_1_11' title="bbox 250 897 1890 949; baseline -0.002 -9"><span class='ocrx_word' id='word_1_76' title='bbox 250 900 454 940; x_wconf 70' lang='lat' dir='ltr'>binariis</span> <span class='ocrx_word' id='word_1_77' title='bbox 475 904 488 923; x_wconf 75' lang='lat'>²²</span> <span class='ocrx_word' id='word_1_78' title='bbox 527 906 634 939; x_wconf 92' lang='lat' dir='ltr'>sunt</span> <span class='ocrx_word' id='word_1_79' title='bbox 668 904 934 949; x_wconf 87' lang='lat' dir='ltr'>separatae:</span> <span class='ocrx_word' id='word_1_80' title='bbox 969 909 1062 937; x_wconf 88' lang='lat' dir='ltr'>una</span> <span class='ocrx_word' id='word_1_81' title='bbox 1098 909 1260 937; x_wconf 90' lang='lat' dir='ltr'>earum</span> <span class='ocrx_word' id='word_1_82' title='bbox 1291 897 1484 937; x_wconf 86' lang='lat' dir='ltr'>honeste</span> <span class='ocrx_word' id='word_1_83' title='bbox 1515 897 1679 948; x_wconf 91' lang='lat' dir='ltr'>nuptui</span> <span class='ocrx_word' id='word_1_84' title='bbox 1715 897 1890 937; x_wconf 77' lang='lat' dir='ltr'>tradita</span> 
     </span>
     <span class='ocr_line' id='line_1_12' title="bbox 249 968 1886 1023; baseline -0.002 -11"><span class='ocrx_word' id='word_1_85' title='bbox 249 978 332 1022; x_wconf 89' lang='lat' dir='ltr'>est,</span> <span class='ocrx_word' id='word_1_86' title='bbox 353 979 396 1011; x_wconf 90' lang='lat' dir='ltr'>et</span> <span class='ocrx_word' id='word_1_87' title='bbox 418 977 604 1023; x_wconf 83' lang='lat' dir='ltr'>praeter</span> <span class='ocrx_word' id='word_1_88' title='bbox 626 970 711 1009; x_wconf 90' lang='lat' dir='ltr'>has</span> <span class='ocrx_word' id='word_1_89' title='bbox 732 969 885 1009; x_wconf 88' lang='lat' dir='ltr'>adhuc</span> <span class='ocrx_word' id='word_1_90' title='bbox 907 968 1044 1009; x_wconf 89' lang='lat' dir='ltr'>hodie</span> <span class='ocrx_word' id='word_1_91' title='bbox 1079 974 1386 1020; x_wconf 87' lang='lat' dir='ltr'>perseuerant</span> <span class='ocrx_word' id='word_1_92' title='bbox 1420 968 1467 1008; x_wconf 90' lang='lat' dir='ltr'>in</span> <span class='ocrx_word' id='word_1_93' title='bbox 1499 968 1620 1008; x_wconf 88' lang='lat' dir='ltr'>bono</span> <span class='ocrx_word' id='word_1_94' title='bbox 1643 969 1886 1020; x_wconf 88' lang='lat' dir='ltr'>proposito</span> 
     </span>
     <span class='ocr_line' id='line_1_13' title="bbox 249 1040 1886 1093; baseline -0.001 -10"><span class='ocrx_word' id='word_1_95' title='bbox 249 1043 398 1083; x_wconf 73' lang='lat' dir='ltr'>vitam</span> <span class='ocrx_word' id='word_1_96' title='bbox 420 1040 840 1093; x_wconf 70' lang='lat' dir='ltr'>emendazzdc‘apud</span> <span class='ocrx_word' id='word_1_97' title='bbox 857 1041 1082 1080; x_wconf 82' lang='lat' dir='ltr'>honestas</span> <span class='ocrx_word' id='word_1_98' title='bbox 1102 1040 1268 1080; x_wconf 83' lang='lat' dir='ltr'>viduas</span> <span class='ocrx_word' id='word_1_99' title='bbox 1291 1046 1396 1080; x_wconf 88' lang='lat' dir='ltr'>octo</span> <span class='ocrx_word' id='word_1_100' title='bbox 1415 1046 1495 1080; x_wconf 89' lang='lat' dir='ltr'>aut</span> <span class='ocrx_word' id='word_1_101' title='bbox 1513 1040 1689 1089; x_wconf 91' lang='lat' dir='ltr'>decem,</span> <span class='ocrx_word' id='word_1_102' title='bbox 1706 1046 1886 1081; x_wconf 87' lang='lat' dir='ltr'>castam</span> 
     </span>
     <span class='ocr_line' id='line_1_14' title="bbox 249 1111 1893 1164; baseline -0.002 -9"><span class='ocrx_word' id='word_1_103' title='bbox 249 1116 397 1155; x_wconf 86' lang='lat' dir='ltr'>Vitam</span> <span class='ocrx_word' id='word_1_104' title='bbox 419 1126 476 1154; x_wconf 83' lang='lat' dir='ltr'>ex</span> <span class='ocrx_word' id='word_1_105' title='bbox 494 1121 604 1154; x_wconf 90' lang='lat' dir='ltr'>tunc</span> <span class='ocrx_word' id='word_1_106' title='bbox 623 1113 862 1164; x_wconf 81' lang='lat' dir='ltr'>degentes,</span> <span class='ocrx_word' id='word_1_107' title='bbox 883 1118 928 1152; x_wconf 90' lang='lat' dir='ltr'>et</span> <span class='ocrx_word' id='word_1_108' title='bbox 944 1112 1078 1152; x_wconf 89' lang='lat' dir='ltr'>nobis</span> <span class='ocrx_word' id='word_1_109' title='bbox 1097 1112 1366 1164; x_wconf 84' lang='lat' dir='ltr'>frequenter</span> <span class='ocrx_word' id='word_1_110' title='bbox 1384 1111 1674 1152; x_wconf 82' lang='lat' dir='ltr'>confitentes.</span> <span class='ocrx_word' id='word_1_111' title='bbox 1695 1111 1893 1152; x_wconf 86' lang='lat' dir='ltr'>Redacti</span> 
     </span>
     <span class='ocr_line' id='line_1_15' title="bbox 247 1183 1893 1235; baseline -0.002 -9"><span class='ocrx_word' id='word_1_112' title='bbox 247 1193 355 1227; x_wconf 92' lang='lat' dir='ltr'>sunt</span> <span class='ocrx_word' id='word_1_113' title='bbox 377 1185 656 1226; x_wconf 89' lang='lat' dir='ltr'>dissidentes</span> <span class='ocrx_word' id='word_1_114' title='bbox 678 1185 725 1224; x_wconf 90' lang='lat' dir='ltr'>in</span> <span class='ocrx_word' id='word_1_115' title='bbox 743 1184 1064 1233; x_wconf 81' lang='lat' dir='ltr'>concordiam,</span> <span class='ocrx_word' id='word_1_116' title='bbox 1102 1183 1293 1224; x_wconf 86' lang='lat' dir='ltr'>Patrum</span> <span class='ocrx_word' id='word_1_117' title='bbox 1326 1195 1484 1235; x_wconf 90' lang='lat' dir='ltr'>opera,</span> <span class='ocrx_word' id='word_1_118' title='bbox 1515 1183 1717 1235; x_wconf 86' lang='lat' dir='ltr'>plurimi,</span> <span class='ocrx_word' id='word_1_119' title='bbox 1752 1183 1893 1223; x_wconf 91' lang='lat' dir='ltr'>etiam</span> 
     </span>
     <span class='ocr_line' id='line_1_16' title="bbox 247 1254 1892 1309; baseline -0.002 -12"><span class='ocrx_word' id='word_1_120' title='bbox 247 1269 341 1298; x_wconf 92' lang='lat' dir='ltr'>non</span> <span class='ocrx_word' id='word_1_121' title='bbox 362 1257 498 1309; x_wconf 89' lang='lat' dir='ltr'>parui</span> <span class='ocrx_word' id='word_1_122' title='bbox 520 1256 737 1305; x_wconf 88' lang='lat' dir='ltr'>nominis;</span> <span class='ocrx_word' id='word_1_123' title='bbox 761 1254 842 1295; x_wconf 91' lang='lat' dir='ltr'>sed</span> <span class='ocrx_word' id='word_1_124' title='bbox 864 1255 982 1295; x_wconf 90' lang='lat' dir='ltr'>haec</span> <span class='ocrx_word' id='word_1_125' title='bbox 1005 1255 1163 1295; x_wconf 89' lang='lat' dir='ltr'>omnia</span> <span class='ocrx_word' id='word_1_126' title='bbox 1185 1267 1267 1306; x_wconf 90' lang='lat' dir='ltr'>per</span> <span class='ocrx_word' id='word_1_127' title='bbox 1285 1255 1469 1306; x_wconf 91' lang='lat' dir='ltr'>singula</span> <span class='ocrx_word' id='word_1_128' title='bbox 1489 1266 1736 1295; x_wconf 89' lang='lat' dir='ltr'>recensere</span> <span class='ocrx_word' id='word_1_129' title='bbox 1754 1254 1892 1295; x_wconf 90' lang='lat' dir='ltr'>nimis</span> 
     </span>
     <span class='ocr_line' id='line_1_17' title="bbox 247 1325 1892 1381; baseline -0.002 -12"><span class='ocrx_word' id='word_1_130' title='bbox 247 1330 441 1381; x_wconf 89' lang='lat' dir='ltr'>longum</span> <span class='ocrx_word' id='word_1_131' title='bbox 462 1334 599 1377; x_wconf 88' lang='lat' dir='ltr'>esset,</span> <span class='ocrx_word' id='word_1_132' title='bbox 623 1339 709 1368; x_wconf 91' lang='lat' dir='ltr'>nec</span> <span class='ocrx_word' id='word_1_133' title='bbox 730 1338 919 1379; x_wconf 89' lang='lat' dir='ltr'>possem</span> <span class='ocrx_word' id='word_1_134' title='bbox 947 1326 1134 1366; x_wconf 88' lang='lat' dir='ltr'>etiamsi</span> <span class='ocrx_word' id='word_1_135' title='bbox 1168 1326 1373 1366; x_wconf 83' lang='lat' dir='ltr'>maxime</span> <span class='ocrx_word' id='word_1_136' title='bbox 1408 1327 1592 1366; x_wconf 87' lang='lat' dir='ltr'>Vellem.</span> <span class='ocrx_word' id='word_1_137' title='bbox 1634 1325 1752 1366; x_wconf 90' lang='lat' dir='ltr'>Tam</span> <span class='ocrx_word' id='word_1_138' title='bbox 1769 1326 1892 1366; x_wconf 91' lang='lat' dir='ltr'>enim</span> 
     </span>
     <span class='ocr_line' id='line_1_18' title="bbox 247 1397 1889 1450; baseline -0.001 -10"><span class='ocrx_word' id='word_1_139' title='bbox 247 1400 419 1440; x_wconf 87' lang='lat' dir='ltr'>fuimus</span> <span class='ocrx_word' id='word_1_140' title='bbox 438 1411 600 1439; x_wconf 89' lang='lat' dir='ltr'>omnes</span> <span class='ocrx_word' id='word_1_141' title='bbox 618 1398 848 1450; x_wconf 88' lang='lat' dir='ltr'>occupati,</span> <span class='ocrx_word' id='word_1_142' title='bbox 869 1404 920 1438; x_wconf 88' lang='lat' dir='ltr'>Vt</span> <span class='ocrx_word' id='word_1_143' title='bbox 941 1398 1024 1438; x_wconf 87' lang='lat' dir='ltr'>vix</span> <span class='ocrx_word' id='word_1_144' title='bbox 1045 1403 1241 1438; x_wconf 86' lang='lat' dir='ltr'>vacaret</span> <span class='ocrx_word' id='word_1_145' title='bbox 1258 1397 1492 1438; x_wconf 90' lang='lat' dir='ltr'>interdum</span> <span class='ocrx_word' id='word_1_146' title='bbox 1509 1398 1666 1438; x_wconf 91' lang='lat' dir='ltr'>cibum</span> <span class='ocrx_word' id='word_1_147' title='bbox 1686 1409 1889 1446; x_wconf 87' lang='lat' dir='ltr'>sumere,</span> 
     </span>
     <span class='ocr_line' id='line_1_19' title="bbox 246 1468 1887 1522; baseline -0.002 -10"><span class='ocrx_word' id='word_1_148' title='bbox 246 1478 292 1512; x_wconf 90' lang='lat' dir='ltr'>et</span> <span class='ocrx_word' id='word_1_149' title='bbox 314 1472 468 1512; x_wconf 90' lang='lat' dir='ltr'>minus</span> <span class='ocrx_word' id='word_1_150' title='bbox 490 1482 608 1522; x_wconf 88' lang='lat' dir='ltr'>quae</span> <span class='ocrx_word' id='word_1_151' title='bbox 631 1470 930 1521; x_wconf 87' lang='lat' dir='ltr'>contigerunt</span> <span class='ocrx_word' id='word_1_152' title='bbox 964 1470 1085 1510; x_wconf 89' lang='lat' dir='ltr'>inter</span> <span class='ocrx_word' id='word_1_153' title='bbox 1118 1481 1204 1510; x_wconf 90' lang='lat' dir='ltr'>nos</span> <span class='ocrx_word' id='word_1_154' title='bbox 1237 1481 1448 1509; x_wconf 88' lang='lat' dir='ltr'>narrare.</span> <span class='ocrx_word' id='word_1_155' title='bbox 1486 1468 1580 1510; x_wconf 86' lang='lat' dir='ltr'>Sub</span> <span class='ocrx_word' id='word_1_156' title='bbox 1616 1468 1756 1509; x_wconf 90' lang='lat' dir='ltr'>finem</span> <span class='ocrx_word' id='word_1_157' title='bbox 1777 1480 1887 1521; x_wconf 88' lang='lat' dir='ltr'>qua-</span> 
     </span>
     <span class='ocr_line' id='line_1_20' title="bbox 247 1541 1889 1595; baseline -0.002 -11"><span class='ocrx_word' id='word_1_158' title='bbox 247 1544 545 1595; x_wconf 86' lang='lat' dir='ltr'>dragesimae</span> <span class='ocrx_word' id='word_1_159' title='bbox 568 1542 696 1582; x_wconf 82' lang='lat' dir='ltr'>venit</span> <span class='ocrx_word' id='word_1_160' title='bbox 715 1541 774 1581; x_wconf 84' lang='lat' dir='ltr'>ad</span> <span class='ocrx_word' id='word_1_161' title='bbox 794 1553 880 1582; x_wconf 89' lang='lat' dir='ltr'>nos</span> <span class='ocrx_word' id='word_1_162' title='bbox 902 1541 1092 1594; x_wconf 89' lang='lat' dir='ltr'>quidam</span> <span class='ocrx_word' id='word_1_163' title='bbox 1115 1542 1275 1592; x_wconf 89' lang='lat' dir='ltr'>magni</span> <span class='ocrx_word' id='word_1_164' title='bbox 1290 1541 1493 1581; x_wconf 90' lang='lat' dir='ltr'>nominis</span> <span class='ocrx_word' id='word_1_165' title='bbox 1518 1547 1563 1581; x_wconf 88' lang='lat' dir='ltr'>et</span> <span class='ocrx_word' id='word_1_166' title='bbox 1590 1541 1889 1581; x_wconf 87' lang='lat' dir='ltr'>auctoritatis</span> 
     </span>
     <span class='ocr_line' id='line_1_21' title="bbox 246 1612 1890 1667; baseline -0.002 -11"><span class='ocrx_word' id='word_1_167' title='bbox 246 1616 334 1667; x_wconf 84' lang='lat' dir='ltr'>Vir,</span> <span class='ocrx_word' id='word_1_168' title='bbox 360 1615 439 1667; x_wconf 88' lang='lat' dir='ltr'>qui</span> <span class='ocrx_word' id='word_1_169' title='bbox 461 1613 836 1665; x_wconf 88' lang='lat' dir='ltr'>congratulando</span> <span class='ocrx_word' id='word_1_170' title='bbox 858 1613 992 1654; x_wconf 90' lang='lat' dir='ltr'>nobis</span> <span class='ocrx_word' id='word_1_171' title='bbox 1013 1613 1171 1653; x_wconf 88' lang='lat' dir='ltr'>retulit</span> <span class='ocrx_word' id='word_1_172' title='bbox 1192 1625 1241 1653; x_wconf 89' lang='lat' dir='ltr'>se</span> <span class='ocrx_word' id='word_1_173' title='bbox 1259 1613 1378 1653; x_wconf 92' lang='lat' dir='ltr'>mira</span> <span class='ocrx_word' id='word_1_174' title='bbox 1401 1613 1636 1653; x_wconf 87' lang='lat' dir='ltr'>audiuisse</span> <span class='ocrx_word' id='word_1_175' title='bbox 1654 1613 1816 1664; x_wconf 83' lang='lat' dir='ltr'>spargi</span> <span class='ocrx_word' id='word_1_176' title='bbox 1833 1612 1890 1653; x_wconf 92' lang='lat' dir='ltr'>de</span> 
     </span>
     <span class='ocr_line' id='line_1_22' title="bbox 246 1685 1892 1737; baseline -0.002 -9"><span class='ocrx_word' id='word_1_177' title='bbox 246 1688 397 1737; x_wconf 89' lang='lat' dir='ltr'>nobis,</span> <span class='ocrx_word' id='word_1_178' title='bbox 417 1693 514 1727; x_wconf 85' lang='lat' dir='ltr'>tam</span> <span class='ocrx_word' id='word_1_179' title='bbox 532 1686 590 1726; x_wconf 92' lang='lat' dir='ltr'>ab</span> <span class='ocrx_word' id='word_1_180' title='bbox 608 1686 847 1726; x_wconf 87' lang='lat' dir='ltr'>extraneis</span> <span class='ocrx_word' id='word_1_181' title='bbox 864 1686 910 1725; x_wconf 90' lang='lat' dir='ltr'>in</span> <span class='ocrx_word' id='word_1_182' title='bbox 927 1685 1110 1737; x_wconf 90' lang='lat' dir='ltr'>oppidis</span> <span class='ocrx_word' id='word_1_183' title='bbox 1129 1685 1492 1735; x_wconf 87' lang='lat' dir='ltr'>circumuicinis‚</span> <span class='ocrx_word' id='word_1_184' title='bbox 1514 1696 1653 1736; x_wconf 91' lang='lat' dir='ltr'>quam</span> <span class='ocrx_word' id='word_1_185' title='bbox 1671 1696 1697 1724; x_wconf 86' lang='lat' dir='ltr'>a</span> <span class='ocrx_word' id='word_1_186' title='bbox 1715 1685 1892 1736; x_wconf 88' lang='lat' dir='ltr'>praeci-</span> 
     </span>
     <span class='ocr_line' id='line_1_23' title="bbox 248 1756 1891 1811; baseline -0.002 -12"><span class='ocrx_word' id='word_1_187' title='bbox 248 1759 353 1811; x_wconf 92' lang='lat' dir='ltr'>puis</span> <span class='ocrx_word' id='word_1_188' title='bbox 373 1759 510 1799; x_wconf 91' lang='lat' dir='ltr'>huius</span> <span class='ocrx_word' id='word_1_189' title='bbox 534 1758 754 1806; x_wconf 88' lang='lat' dir='ltr'>ciuitatis,</span> <span class='ocrx_word' id='word_1_190' title='bbox 787 1757 1051 1797; x_wconf 88' lang='lat' dir='ltr'>dicentibus</span> <span class='ocrx_word' id='word_1_191' title='bbox 1084 1769 1133 1797; x_wconf 92' lang='lat' dir='ltr'>se</span> <span class='ocrx_word' id='word_1_192' title='bbox 1170 1756 1304 1809; x_wconf 88' lang='lat' dir='ltr'>quasi</span> <span class='ocrx_word' id='word_1_193' title='bbox 1326 1768 1499 1797; x_wconf 89' lang='lat' dir='ltr'>nouam</span> <span class='ocrx_word' id='word_1_194' title='bbox 1525 1756 1696 1796; x_wconf 88' lang='lat' dir='ltr'>faciem</span> <span class='ocrx_word' id='word_1_195' title='bbox 1730 1756 1891 1796; x_wconf 85' lang='lat' dir='ltr'>Videre</span> 
     </span>
     <span class='ocr_line' id='line_1_24' title="bbox 248 1828 1892 1880; baseline -0.002 -10"><span class='ocrx_word' id='word_1_196' title='bbox 248 1831 387 1871; x_wconf 89' lang='lat' dir='ltr'>huius</span> <span class='ocrx_word' id='word_1_197' title='bbox 409 1830 629 1880; x_wconf 84' lang='lat' dir='ltr'>ciuitatis,</span> <span class='ocrx_word' id='word_1_198' title='bbox 650 1837 694 1869; x_wconf 91' lang='lat' dir='ltr'>et</span> <span class='ocrx_word' id='word_1_199' title='bbox 710 1829 895 1869; x_wconf 90' lang='lat' dir='ltr'>felicem</span> <span class='ocrx_word' id='word_1_200' title='bbox 917 1840 1022 1869; x_wconf 90' lang='lat' dir='ltr'>eam</span> <span class='ocrx_word' id='word_1_201' title='bbox 1039 1841 1156 1879; x_wconf 91' lang='lat' dir='ltr'>esse,</span> <span class='ocrx_word' id='word_1_202' title='bbox 1178 1840 1297 1880; x_wconf 86' lang='lat' dir='ltr'>quae</span> <span class='ocrx_word' id='word_1_203' title='bbox 1319 1829 1437 1868; x_wconf 83' lang='lat' dir='ltr'>tales</span> <span class='ocrx_word' id='word_1_204' title='bbox 1454 1828 1624 1868; x_wconf 89' lang='lat' dir='ltr'>habeat</span> <span class='ocrx_word' id='word_1_205' title='bbox 1647 1828 1892 1868; x_wconf 87' lang='lat' dir='ltr'>conciona-</span> 
     </span>
     <span class='ocr_line' id='line_1_25' title="bbox 249 1899 1892 1954; baseline -0.002 -11"><span class='ocrx_word' id='word_1_206' title='bbox 249 1910 376 1943; x_wconf 90' lang='lat' dir='ltr'>tores</span> <span class='ocrx_word' id='word_1_207' title='bbox 398 1908 441 1942; x_wconf 92' lang='lat' dir='ltr'>et</span> <span class='ocrx_word' id='word_1_208' title='bbox 477 1901 735 1954; x_wconf 89' lang='lat' dir='ltr'>operarios.</span> <span class='ocrx_word' id='word_1_209' title='bbox 775 1900 833 1941; x_wconf 88' lang='lat' dir='ltr'>Et</span> <span class='ocrx_word' id='word_1_210' title='bbox 865 1900 1077 1952; x_wconf 88' lang='lat' dir='ltr'>profecto</span> <span class='ocrx_word' id='word_1_211' title='bbox 1112 1912 1171 1940; x_wconf 89' lang='lat' dir='ltr'>ex</span> <span class='ocrx_word' id='word_1_212' title='bbox 1206 1899 1580 1940; x_wconf 87' lang='lat' dir='ltr'>confessionibus</span> <span class='ocrx_word' id='word_1_213' title='bbox 1608 1899 1892 1951; x_wconf 87' lang='lat' dir='ltr'>percipimus</span> 
     </span>
     <span class='ocr_line' id='line_1_26' title="bbox 251 1971 1891 2029; baseline -0.002 -15"><span class='ocrx_word' id='word_1_214' title='bbox 251 1985 473 2026; x_wconf 89' lang='lat' dir='ltr'>magnam</span> <span class='ocrx_word' id='word_1_215' title='bbox 494 1973 816 2013; x_wconf 87' lang='lat' dir='ltr'>mutationem.</span> <span class='ocrx_word' id='word_1_216' title='bbox 840 1971 960 2012; x_wconf 91' lang='lat' dir='ltr'>Nam</span> <span class='ocrx_word' id='word_1_217' title='bbox 977 1983 1155 2024; x_wconf 89' lang='lat' dir='ltr'>paucos</span> <span class='ocrx_word' id='word_1_218' title='bbox 1176 1971 1440 2029; x_wconf 87' lang='lat' dir='ltr'>habuimus,</span> <span class='ocrx_word' id='word_1_219' title='bbox 1466 1971 1543 2023; x_wconf 93' lang='lat' dir='ltr'>qui</span> <span class='ocrx_word' id='word_1_220' title='bbox 1561 1983 1654 2011; x_wconf 90' lang='lat' dir='ltr'>non</span> <span class='ocrx_word' id='word_1_221' title='bbox 1672 1971 1718 2010; x_wconf 90' lang='lat' dir='ltr'>in</span> <span class='ocrx_word' id='word_1_222' title='bbox 1736 1971 1891 2023; x_wconf 88' lang='lat' dir='ltr'>aliquo</span> 
     </span>
     <span class='ocr_line' id='line_1_27' title="bbox 250 2042 1892 2095; baseline -0.002 -10"><span class='ocrx_word' id='word_1_223' title='bbox 250 2045 449 2086; x_wconf 92' lang='lat' dir='ltr'>articulo</span> <span class='ocrx_word' id='word_1_224' title='bbox 469 2044 576 2085; x_wconf 89' lang='lat' dir='ltr'>fidei</span> <span class='ocrx_word' id='word_1_225' title='bbox 597 2050 827 2093; x_wconf 88' lang='lat' dir='ltr'>errarent,</span> <span class='ocrx_word' id='word_1_226' title='bbox 858 2043 1109 2095; x_wconf 90' lang='lat' dir='ltr'>pauciores</span> <span class='ocrx_word' id='word_1_227' title='bbox 1142 2043 1220 2094; x_wconf 92' lang='lat' dir='ltr'>qui</span> <span class='ocrx_word' id='word_1_228' title='bbox 1255 2055 1351 2083; x_wconf 92' lang='lat' dir='ltr'>non</span> <span class='ocrx_word' id='word_1_229' title='bbox 1386 2042 1689 2090; x_wconf 88' lang='lat' dir='ltr'>haesitarent,</span> <span class='ocrx_word' id='word_1_230' title='bbox 1721 2042 1892 2082; x_wconf 88' lang='lat' dir='ltr'>multos</span> 
     </span>
     <span class='ocr_line' id='line_1_28' title="bbox 252 2113 1892 2171; baseline -0.002 -14"><span class='ocrx_word' id='word_1_231' title='bbox 252 2117 331 2169; x_wconf 91' lang='lat' dir='ltr'>qui</span> <span class='ocrx_word' id='word_1_232' title='bbox 364 2117 549 2171; x_wconf 90' lang='lat' dir='ltr'>penitus</span> <span class='ocrx_word' id='word_1_233' title='bbox 580 2116 851 2156; x_wconf 82' lang='lat' dir='ltr'>abiecerant</span> <span class='ocrx_word' id='word_1_234' title='bbox 887 2115 1138 2155; x_wconf 90' lang='lat' dir='ltr'>ecclesiam</span> <span class='ocrx_word' id='word_1_235' title='bbox 1174 2114 1438 2155; x_wconf 89' lang='lat' dir='ltr'>Romanam</span> <span class='ocrx_word' id='word_1_236' title='bbox 1472 2113 1664 2166; x_wconf 92' lang='lat' dir='ltr'>eiusque</span> <span class='ocrx_word' id='word_1_237' title='bbox 1700 2119 1892 2153; x_wconf 86' lang='lat' dir='ltr'>sanctas</span> 
     </span>
     <span class='ocr_line' id='line_1_29' title="bbox 251 2185 1891 2238; baseline -0.002 -9"><span class='ocrx_word' id='word_1_238' title='bbox 251 2188 626 2229; x_wconf 75' lang='lat' dir='ltr'>constitutiones</span> <span class='ocrx_word' id='word_1_239' title='bbox 652 2186 819 2228; x_wconf 85' lang='lat' dir='ltr'>Pastor</span> <span class='ocrx_word' id='word_1_240' title='bbox 846 2187 996 2227; x_wconf 88' lang='lat' dir='ltr'>Diuae</span> <span class='ocrx_word' id='word_1_241' title='bbox 1032 2186 1342 2238; x_wconf 89' lang='lat' dir='ltr'>Magdalenae</span> <span class='ocrx_word' id='word_1_242' title='bbox 1370 2186 1527 2226; x_wconf 90' lang='lat' dir='ltr'>retulit</span> <span class='ocrx_word' id='word_1_243' title='bbox 1555 2197 1604 2225; x_wconf 94' lang='lat' dir='ltr'>se</span> <span class='ocrx_word' id='word_1_244' title='bbox 1635 2185 1805 2225; x_wconf 87' lang='lat' dir='ltr'>mirum</span> <span class='ocrx_word' id='word_1_245' title='bbox 1825 2185 1891 2225; x_wconf 82' lang='lat' dir='ltr'>vi-</span> 
     </span>
     <span class='ocr_line' id='line_1_30' title="bbox 251 2256 1890 2310; baseline -0.003 -9"><span class='ocrx_word' id='word_1_246' title='bbox 251 2261 374 2301; x_wconf 91' lang='lat' dir='ltr'>disse</span> <span class='ocrx_word' id='word_1_247' title='bbox 395 2259 600 2300; x_wconf 82' lang='lat' dir='ltr'>fructum</span> <span class='ocrx_word' id='word_1_248' title='bbox 620 2259 667 2299; x_wconf 92' lang='lat' dir='ltr'>in</span> <span class='ocrx_word' id='word_1_249' title='bbox 689 2270 772 2299; x_wconf 88' lang='lat' dir='ltr'>sua</span> <span class='ocrx_word' id='word_1_250' title='bbox 795 2259 1037 2310; x_wconf 88' lang='lat' dir='ltr'>parochia,</span> <span class='ocrx_word' id='word_1_251' title='bbox 1060 2258 1141 2298; x_wconf 88' lang='lat' dir='ltr'>vbi</span> <span class='ocrx_word' id='word_1_252' title='bbox 1161 2258 1251 2298; x_wconf 93' lang='lat' dir='ltr'>hac</span> <span class='ocrx_word' id='word_1_253' title='bbox 1268 2256 1635 2309; x_wconf 88' lang='lat' dir='ltr'>quadragesima</span> <span class='ocrx_word' id='word_1_254' title='bbox 1655 2268 1760 2297; x_wconf 89' lang='lat' dir='ltr'>sum</span> <span class='ocrx_word' id='word_1_255' title='bbox 1785 2268 1890 2297; x_wconf 92' lang='lat' dir='ltr'>con-</span> 
     </span>
     <span class='ocr_line' id='line_1_31' title="bbox 252 2328 1891 2372; baseline -0.003 0"><span class='ocrx_word' id='word_1_256' title='bbox 252 2332 482 2372; x_wconf 91' lang='lat' dir='ltr'>cionatus.</span> <span class='ocrx_word' id='word_1_257' title='bbox 512 2331 638 2371; x_wconf 87' lang='lat' dir='ltr'>Inter</span> <span class='ocrx_word' id='word_1_258' title='bbox 675 2337 867 2371; x_wconf 89' lang='lat' dir='ltr'>caetera</span> <span class='ocrx_word' id='word_1_259' title='bbox 898 2330 1015 2370; x_wconf 80' lang='lat' dir='ltr'>dixit</span> <span class='ocrx_word' id='word_1_260' title='bbox 1051 2341 1100 2370; x_wconf 91' lang='lat' dir='ltr'>se</span> <span class='ocrx_word' id='word_1_261' title='bbox 1122 2330 1351 2369; x_wconf 87' lang='lat' dir='ltr'>hactenus</span> <span class='ocrx_word' id='word_1_262' title='bbox 1383 2329 1441 2369; x_wconf 89' lang='lat' dir='ltr'>ab</span> <span class='ocrx_word' id='word_1_263' title='bbox 1470 2335 1575 2369; x_wconf 91' lang='lat' dir='ltr'>octo</span> <span class='ocrx_word' id='word_1_264' title='bbox 1612 2334 1692 2368; x_wconf 88' lang='lat' dir='ltr'>aut</span> <span class='ocrx_word' id='word_1_265' title='bbox 1728 2328 1891 2368; x_wconf 88' lang='lat' dir='ltr'>decem</span> 
     </span>
     <span class='ocr_line' id='line_1_32' title="bbox 252 2399 1888 2454; baseline -0.002 -11"><span class='ocrx_word' id='word_1_266' title='bbox 252 2403 388 2444; x_wconf 82' lang='lat' dir='ltr'>annis</span> <span class='ocrx_word' id='word_1_267' title='bbox 408 2414 503 2443; x_wconf 91' lang='lat' dir='ltr'>non</span> <span class='ocrx_word' id='word_1_268' title='bbox 524 2402 745 2442; x_wconf 91' lang='lat' dir='ltr'>habuisse</span> <span class='ocrx_word' id='word_1_269' title='bbox 767 2401 857 2442; x_wconf 91' lang='lat' dir='ltr'>nisi</span> <span class='ocrx_word' id='word_1_270' title='bbox 878 2401 1162 2454; x_wconf 89' lang='lat' dir='ltr'>quingentos</span> <span class='ocrx_word' id='word_1_271' title='bbox 1191 2401 1250 2441; x_wconf 90' lang='lat' dir='ltr'>ad</span> <span class='ocrx_word' id='word_1_272' title='bbox 1277 2412 1511 2441; x_wconf 89' lang='lat' dir='ltr'>summum</span> <span class='ocrx_word' id='word_1_273' title='bbox 1538 2399 1888 2440; x_wconf 88' lang='lat' dir='ltr'>communican-</span> 
     </span>
     <span class='ocr_line' id='line_1_33' title="bbox 249 2472 1742 2526; baseline -0.003 -11"><span class='ocrx_word' id='word_1_274' title='bbox 249 2483 319 2515; x_wconf 83' lang='lat' dir='ltr'>tes</span> <span class='ocrx_word' id='word_1_275' title='bbox 341 2475 388 2515; x_wconf 92' lang='lat' dir='ltr'>in</span> <span class='ocrx_word' id='word_1_276' title='bbox 409 2474 651 2526; x_wconf 88' lang='lat' dir='ltr'>paschate,</span> <span class='ocrx_word' id='word_1_277' title='bbox 675 2474 764 2513; x_wconf 92' lang='lat' dir='ltr'>hoc</span> <span class='ocrx_word' id='word_1_278' title='bbox 786 2479 945 2514; x_wconf 89' lang='lat' dir='ltr'>autem</span> <span class='ocrx_word' id='word_1_279' title='bbox 965 2484 1090 2513; x_wconf 88' lang='lat' dir='ltr'>anno</span> <span class='ocrx_word' id='word_1_280' title='bbox 1113 2472 1277 2513; x_wconf 89' lang='lat' dir='ltr'>habuit</span> <span class='ocrx_word' id='word_1_281' title='bbox 1295 2483 1439 2523; x_wconf 91' lang='lat' dir='ltr'>supra</span> <span class='ocrx_word' id='word_1_282' title='bbox 1461 2477 1742 2522; x_wconf 89' lang='lat' dir='ltr'>nongentos.</span> 
     </span>
     <span class='ocr_line' id='line_1_34' title="bbox 329 2543 1890 2598; baseline -0.003 -12"><span class='ocrx_word' id='word_1_283' title='bbox 329 2546 461 2586; x_wconf 91' lang='lat' dir='ltr'>Haec</span> <span class='ocrx_word' id='word_1_284' title='bbox 482 2545 670 2598; x_wconf 89' lang='lat' dir='ltr'>quidem</span> <span class='ocrx_word' id='word_1_285' title='bbox 688 2551 809 2596; x_wconf 89' lang='lat' dir='ltr'>sunt,</span> <span class='ocrx_word' id='word_1_286' title='bbox 834 2544 1087 2585; x_wconf 90' lang='lat' dir='ltr'>admodum</span> <span class='ocrx_word' id='word_1_287' title='bbox 1108 2543 1210 2584; x_wconf 74' lang='lat' dir='ltr'>R.&lt;¹e</span> <span class='ocrx_word' id='word_1_288' title='bbox 1240 2544 1288 2584; x_wconf 91' lang='lat' dir='ltr'>in</span> <span class='ocrx_word' id='word_1_289' title='bbox 1310 2543 1500 2585; x_wconf 88' lang='lat' dir='ltr'>Christo</span> <span class='ocrx_word' id='word_1_290' title='bbox 1528 2543 1684 2593; x_wconf 88' lang='lat' dir='ltr'>Pater,</span> <span class='ocrx_word' id='word_1_291' title='bbox 1714 2543 1890 2594; x_wconf 91' lang='lat' dir='ltr'>praeci-</span> 
     </span>
     <span class='ocr_line' id='line_1_35' title="bbox 249 2613 1891 2669; baseline -0.001 -14"><span class='ocrx_word' id='word_1_292' title='bbox 249 2629 357 2668; x_wconf 82' lang='lat' dir='ltr'>pua,</span> <span class='ocrx_word' id='word_1_293' title='bbox 381 2628 500 2669; x_wconf 90' lang='lat' dir='ltr'>quae</span> <span class='ocrx_word' id='word_1_294' title='bbox 522 2628 645 2657; x_wconf 90' lang='lat' dir='ltr'>nunc</span> <span class='ocrx_word' id='word_1_295' title='bbox 668 2622 935 2657; x_wconf 88' lang='lat' dir='ltr'>occurrunt.</span> <span class='ocrx_word' id='word_1_296' title='bbox 960 2616 1017 2656; x_wconf 89' lang='lat' dir='ltr'>Et</span> <span class='ocrx_word' id='word_1_297' title='bbox 1039 2616 1207 2656; x_wconf 88' lang='lat' dir='ltr'>merito</span> <span class='ocrx_word' id='word_1_298' title='bbox 1226 2616 1359 2667; x_wconf 88' lang='lat' dir='ltr'>plura</span> <span class='ocrx_word' id='word_1_299' title='bbox 1377 2615 1424 2655; x_wconf 90' lang='lat' dir='ltr'>in</span> <span class='ocrx_word' id='word_1_300' title='bbox 1441 2615 1546 2655; x_wconf 92' lang='lat' dir='ltr'>loco</span> <span class='ocrx_word' id='word_1_301' title='bbox 1563 2620 1661 2655; x_wconf 91' lang='lat' dir='ltr'>tam</span> <span class='ocrx_word' id='word_1_302' title='bbox 1682 2613 1825 2654; x_wconf 86' lang='lat' dir='ltr'>fertili</span> <span class='ocrx_word' id='word_1_303' title='bbox 1846 2619 1891 2653; x_wconf 88' lang='lat' dir='ltr'>et</span> 
     </span>
     <span class='ocr_line' id='line_1_36' title="bbox 250 2685 1891 2740; baseline -0.002 -12"><span class='ocrx_word' id='word_1_304' title='bbox 250 2689 408 2739; x_wconf 83' lang='lat' dir='ltr'>egenti</span> <span class='ocrx_word' id='word_1_305' title='bbox 435 2688 562 2728; x_wconf 84' lang='lat' dir='ltr'>facta</span> <span class='ocrx_word' id='word_1_306' title='bbox 585 2693 675 2739; x_wconf 79' lang='lat' dir='ltr'>per</span> <span class='ocrx_word' id='word_1_307' title='bbox 703 2699 790 2728; x_wconf 76' lang='lat'>7205</span> <span class='ocrx_word' id='word_1_308' title='bbox 818 2688 1038 2740; x_wconf 89' lang='lat' dir='ltr'>oportuit,</span> <span class='ocrx_word' id='word_1_309' title='bbox 1071 2688 1161 2727; x_wconf 89' lang='lat' dir='ltr'>nisi</span> <span class='ocrx_word' id='word_1_310' title='bbox 1199 2699 1302 2727; x_wconf 91' lang='lat' dir='ltr'>mea</span> <span class='ocrx_word' id='word_1_311' title='bbox 1337 2687 1567 2738; x_wconf 89' lang='lat' dir='ltr'>imprimis</span> <span class='ocrx_word' id='word_1_312' title='bbox 1598 2685 1891 2737; x_wconf 83' lang='lat' dir='ltr'>negligentia</span> 
     </span>
     <span class='ocr_line' id='line_1_37' title="bbox 251 2756 1892 2811; baseline -0.003 -11"><span class='ocrx_word' id='word_1_313' title='bbox 251 2760 492 2800; x_wconf 78' lang='lat' dir='ltr'>obfuisset.</span> <span class='ocrx_word' id='word_1_314' title='bbox 521 2758 613 2800; x_wconf 84' lang='lat' dir='ltr'>Sed</span> <span class='ocrx_word' id='word_1_315' title='bbox 641 2760 771 2810; x_wconf 88' lang='lat' dir='ltr'>haec,</span> <span class='ocrx_word' id='word_1_316' title='bbox 804 2760 1234 2811; x_wconf 88' lang='lat' dir='ltr'>quantulacumque</span> <span class='ocrx_word' id='word_1_317' title='bbox 1267 2765 1390 2809; x_wconf 85' lang='lat' dir='ltr'>sunt,</span> <span class='ocrx_word' id='word_1_318' title='bbox 1423 2769 1516 2798; x_wconf 89' lang='lat' dir='ltr'>non</span> <span class='ocrx_word' id='word_1_319' title='bbox 1545 2761 1703 2797; x_wconf 81' lang='lat' dir='ltr'>tamen</span> <span class='ocrx_word' id='word_1_320' title='bbox 1738 2756 1892 2796; x_wconf 74' lang='lat' dir='ltr'>adhuc</span> 
     </span>
    </p>
   </div>
   <div class='ocr_carea' id='block_1_4' title="bbox 345 2879 530 2882">
    <p class='ocr_par' dir='ltr' id='par_1_4' title="bbox 345 2879 530 2882">
     <span class='ocr_line' id='line_1_38' title="bbox 345 2879 530 2882; baseline 0 0"><span class='ocrx_word' id='word_1_321' title='bbox 345 2879 530 2882; x_wconf 95' lang='lat' dir='ltr'> </span> 
     </span>
    </p>
   </div>
   <div class='ocr_carea' id='block_1_5' title="bbox 304 2944 942 3018">
    <p class='ocr_par' dir='ltr' id='par_1_5' title="bbox 304 2944 942 3018">
     <span class='ocr_line' id='line_1_39' title="bbox 309 2944 942 2977; baseline 0.003 -8"><span class='ocrx_word' id='word_1_322' title='bbox 309 2945 316 2962; x_wconf 78' lang='lat'>¹</span> <span class='ocrx_word' id='word_1_323' title='bbox 358 2944 444 2970; x_wconf 76' lang='lat' dir='ltr'>adeo</span> <span class='ocrx_word' id='word_1_324' title='bbox 461 2951 479 2969; x_wconf 81' lang='lat' dir='ltr'>a</span> <span class='ocrx_word' id='word_1_325' title='bbox 497 2944 642 2977; x_wconf 80' lang='lat' dir='ltr'>pristina</span> <span class='ocrx_word' id='word_1_326' title='bbox 660 2945 745 2971; x_wconf 79' lang='lat' dir='ltr'>vita.</span> <span class='ocrx_word' id='word_1_327' title='bbox 764 2944 942 2971; x_wconf 60' lang='lat' dir='ltr'>l‘olancus.</span> 
     </span>
     <span class='ocr_line' id='line_1_40' title="bbox 304 2990 661 3018; baseline 0 -1"><span class='ocrx_word' id='word_1_328' title='bbox 304 2992 317 3009; x_wconf 67' lang='lat'>²³</span> <span class='ocrx_word' id='word_1_329' title='bbox 356 2991 596 3017; x_wconf 86' lang='lat' dir='ltr'>concubinatu.</span> <span class='ocrx_word' id='word_1_330' title='bbox 614 2990 661 3018; x_wconf 82' lang='lat' dir='ltr'>Id.</span> 
     </span>
    </p>
   </div>
  </div>
 </body>
</html>
