2047 3179
886 146 970 183 AN.
1002 147 1093 184 1555
1743 148 1813 186 709

185 240 415 283 Dominus
437 243 502 283 ita
523 244 795 284 mirabiliter
812 244 979 295 tetigit,
1003 251 1053 284 vt
1070 250 1294 295 quantum
1311 245 1516 284 humana
1542 245 1810 285 coniectura

183 314 371 364 assequi
392 314 523 354 nobis
545 315 830 365 conceditur,
854 315 981 355 illam
1002 326 1112 355 vere
1135 322 1179 355 et
1201 315 1456 355 christiane
1475 316 1813 356 conscientiam

183 384 424 435 aperuisse
445 385 761 425 verisimiliter
782 385 972 426 credere
994 385 1242 437 possimus.

262 455 391 495 Haec
413 462 533 506 sunt,
559 456 806 497 admodum
828 456 927 496 Rssle
948 457 994 496 in
1016 456 1201 497 Christo
1224 456 1290 507 R,
1321 468 1439 508 quae
1461 463 1504 496 te
1526 469 1663 497 nosse
1697 457 1810 497 desi-

184 525 480 566 derabamus.
504 526 725 578 Superest
750 534 801 567 vt
828 527 979 568 Deum
1009 527 1384 579 Omnipotentem
1406 539 1490 578 pro
1512 528 1646 567 nobis
1669 529 1810 567 omni-

182 596 268 635 bus
289 608 423 636 orare
445 609 538 637 non
559 598 760 649 desinas,
784 606 835 638 Vt
856 610 960 639 eum
981 598 1117 638 nobis
1134 608 1315 649 semper
1334 599 1540 638 animum
1558 599 1809 649 impertiat,

182 678 272 717 quo
304 674 347 706 et
382 668 529 708 nostri
562 669 759 709 instituti
794 670 1023 710 rationem
1058 675 1315 720 teneamus,
1348 675 1393 708 et
1421 681 1447 708 a
1478 681 1591 708 vero
1626 670 1812 709 tramite

182 748 423 788 nunquam
459 738 713 790 deuiemu5‚
752 740 941 792 eiusque
977 740 1304 780 sanctissimae
1344 740 1575 780 voluntati
1612 751 1812 790 syncero

184 808 342 848 animo
368 820 551 860 semper
584 810 772 851 obedire
801 811 944 851 simus
974 811 1142 863 parati:
1171 811 1295 862 quod
1323 818 1374 850 vt
1401 811 1549 851 facias
1570 817 1614 850 te
1646 811 1813 850 iterum

184 885 323 930 atque
344 879 512 920 iterum
534 881 852 922 obsecramus.
876 881 1000 922 Bene
1022 883 1127 922 vale
1149 882 1195 922 in
1218 882 1405 922 Christo
1426 882 1550 935 Jesu.

397 949 525 991 Tuus
547 951 765 992 minimus
787 953 833 992 in
855 952 1042 993 Christo
1067 952 1185 992 filius
1207 958 1251 993 et
1273 953 1447 992 inutilis
1469 964 1648 1002 seruus,

1146 1094 1195 1134 P.
1221 1093 1415 1135 GASPAR
1435 1095 1738 1135 FERNANDEZ.

265 1305 336 1345 Ex
360 1306 687 1346 commissione
710 1307 858 1346 nostri
879 1306 1032 1347 Patris
1053 1307 1266 1347 Rectoris
1283 1308 1468 1359 collegii
1489 1308 1814 1358 Burgensis.—

186 1376 439 1428 Duplicata
464 1376 489 1417 ¹.

268 1448 328 1487 In
344 1448 498 1499 primi
514 1450 1009 1501 azvatograplu'pagma
1028 1454 1220 1501 quarta,
1236 1450 1599 1501 superscriptio:
1614 1449 1735 1502 JHS.
1754 1450 1815 1490 Al

186 1519 299 1571 Muy
319 1519 420 1560 R.d0
447 1521 493 1560 in
515 1520 655 1561 Chro.
680 1520 752 1561 Re
773 1521 884 1561 Nro.
904 1521 975 1561 Re
998 1520 1201 1561 Maestro
1221 1521 1402 1572 Ignatio
1421 1521 1476 1561 de
1494 1521 1687 1572 Loyola‚
1708 1521 1813 1561 Pre-

189 1591 340 1642 posito
363 1591 566 1632 General
588 1591 643 1632 de
664 1593 707 1632 la
731 1592 989 1644 Compania
1013 1593 1068 1633 de
1088 1593 1238 1645 jesus,
1263 1605 1320 1632 en
1341 1592 1504 1632 Roma.

270 1662 380 1702 Alia
402 1675 565 1703 mann:
590 1663 704 1703 1553.
728 1663 1104 1714 Quadrimestres
1136 1664 1328 1715 Collegii
1352 1663 1608 1714 ssurgensis
1639 1664 1812 1704 mensis

186 1731 414 1784 Januarii.

280 1804 542 1855 Vestigium
563 1815 695 1844 cerae
717 1809 759 1844 et
780 1805 950 1855 sigilli.

265 1946 327 1986 In
349 1947 552 1987 alterius
573 1947 784 1999 exempli
801 1951 974 1998 quarta
997 1948 1186 1999 pagina
1213 1948 1576 2000 superscriptio:
1602 1947 1722 2001 JHS.
1754 1948 1815 1988 Al

184 2029 294 2069 muy
312 2017 472 2058 R.d0in
493 2018 634 2059 Chro.
654 2018 802 2058 Padre
820 2018 927 2059 Nro.
947 2017 1097 2059 Padre
1114 2019 1319 2059 Maestro
1340 2019 1521 2070 Ignatio
1544 2020 1599 2060 de
1616 2019 1811 2071 Loona,

187 2087 427 2140 Preposito
450 2091 642 2141 general
665 2089 719 2129 de
749 2091 793 2129 la
825 2089 1084 2140 Compafiia
1113 2090 1168 2130 de
1195 2090 1292 2143 JhS,
1323 2102 1380 2130 en
1401 2089 1489 2130 Sta
1510 2090 1658 2130 Maria
1687 2091 1742 2130 de
1769 2091 1815 2130 la

187 2158 372 2211 Strada‚
404 2173 459 2201 en
483 2160 644 2201 Roma.

265 2231 372 2270 Alsa
395 2243 558 2271 manu:
583 2231 697 2271 1556.
723 2232 793 2271 Ex
815 2231 1024 2282 Collegio
1047 2231 1291 2283 Burgensi,
1320 2231 1367 2271 10
1388 2233 1609 2272 calendas
1633 2232 1813 2272 februa-

188 2301 245 2341 rii
265 2301 371 2352 (sic)
392 2302 421 2340 ².

281 2373 544 2423 Vestt'gt'nm
566 2384 697 2413 cerae
718 2373 887 2424 sigilli.

240 2538 246 2555 ¹
291 2538 375 2566 Vide
393 2547 506 2573 supra,
524 2546 602 2573 pag.
618 2538 679 2572 706,
696 2545 813 2566 annot.
835 2540 859 2566 1.

238 2584 250 2603 ²
290 2585 337 2612 En
355 2591 488 2613 sextum
502 2586 683 2613 discrimen
700 2586 787 2612 inter
803 2587 946 2620 primum
964 2592 997 2613 et
1012 2588 1160 2614 alterum
1176 2586 1422 2620 apographum.
