<?xml version="1.0" encoding="UTF-8"?>
<!DOCTYPE html PUBLIC "-//W3C//DTD XHTML 1.0 Transitional//EN"
    "http://www.w3.org/TR/xhtml1/DTD/xhtml1-transitional.dtd">
<html xmlns="http://www.w3.org/1999/xhtml" xml:lang="en" lang="en">
 <head>
  <title>
</title>
<meta http-equiv="Content-Type" content="text/html;charset=utf-8" />
  <meta name='ocr-system' content='tesseract 3.04.00' />
  <meta name='ocr-capabilities' content='ocr_page ocr_carea ocr_par ocr_line ocrx_word'/>
</head>
<body>
  <div class='ocr_page' id='page_1' title='image "./litteraequadrime15lain_0370.png"; bbox 0 0 2047 3179; ppageno 0'>
   <div class='ocr_carea' id='block_1_1' title="bbox 188 134 1318 178">
    <p class='ocr_par' dir='ltr' id='par_1_1' title="bbox 188 134 1318 178">
     <span class='ocr_line' id='line_1_1' title="bbox 188 134 1318 178; baseline -0.002 -6"><span class='ocrx_word' id='word_1_1' title='bbox 188 135 259 173; x_wconf 62' lang='lat'>304</span> <span class='ocrx_word' id='word_1_2' title='bbox 709 134 938 171; x_wconf 79' lang='lat' dir='ltr'>LITTERAE</span> <span class='ocrx_word' id='word_1_3' title='bbox 957 144 1318 178; x_wconf 82' lang='lat' dir='ltr'><strong>QUADRIMESTRES</strong></span> 
     </span>
    </p>
   </div>
   <div class='ocr_carea' id='block_1_2' title="bbox 178 229 1843 2996">
    <p class='ocr_par' dir='ltr' id='par_1_2' title="bbox 178 229 1843 2996">
     <span class='ocr_line' id='line_1_2' title="bbox 189 229 1841 283; baseline -0.001 -11"><span class='ocrx_word' id='word_1_4' title='bbox 189 239 284 272; x_wconf 86' lang='lat' dir='ltr'>tate</span> <span class='ocrx_word' id='word_1_5' title='bbox 307 231 432 272; x_wconf 89' lang='lat' dir='ltr'>haud</span> <span class='ocrx_word' id='word_1_6' title='bbox 452 232 617 283; x_wconf 91' lang='lat' dir='ltr'>procul</span> <span class='ocrx_word' id='word_1_7' title='bbox 639 231 938 272; x_wconf 78' lang='lat' dir='ltr'>discesserim</span> <span class='ocrx_word' id='word_1_8' title='bbox 959 231 998 271; x_wconf 91' lang='lat' dir='ltr'>si</span> <span class='ocrx_word' id='word_1_9' title='bbox 1027 231 1164 271; x_wconf 91' lang='lat' dir='ltr'>malis</span> <span class='ocrx_word' id='word_1_10' title='bbox 1190 230 1375 282; x_wconf 88' lang='lat' dir='ltr'>punicis</span> <span class='ocrx_word' id='word_1_11' title='bbox 1413 229 1691 281; x_wconf 83' lang='lat' dir='ltr'>conferrem,</span> <span class='ocrx_word' id='word_1_12' title='bbox 1716 242 1841 281; x_wconf 87' lang='lat' dir='ltr'>quae</span> 
     </span>
     <span class='ocr_line' id='line_1_3' title="bbox 189 301 1833 354; baseline -0.001 -11"><span class='ocrx_word' id='word_1_13' title='bbox 189 315 292 343; x_wconf 91' lang='lat' dir='ltr'>cum</span> <span class='ocrx_word' id='word_1_14' title='bbox 317 303 630 354; x_wconf 88' lang='lat' dir='ltr'>praerubeum</span> <span class='ocrx_word' id='word_1_15' title='bbox 651 314 765 354; x_wconf 88' lang='lat' dir='ltr'>prae</span> <span class='ocrx_word' id='word_1_16' title='bbox 786 315 836 344; x_wconf 91' lang='lat' dir='ltr'>se</span> <span class='ocrx_word' id='word_1_17' title='bbox 857 303 1010 343; x_wconf 88' lang='lat' dir='ltr'>ferant</span> <span class='ocrx_word' id='word_1_18' title='bbox 1030 302 1253 351; x_wconf 88' lang='lat' dir='ltr'>colorem,</span> <span class='ocrx_word' id='word_1_19' title='bbox 1277 301 1356 352; x_wconf 91' lang='lat' dir='ltr'>qui</span> <span class='ocrx_word' id='word_1_20' title='bbox 1384 312 1490 341; x_wconf 91' lang='lat' dir='ltr'>eum</span> <span class='ocrx_word' id='word_1_21' title='bbox 1512 301 1833 352; x_wconf 79' lang='lat' dir='ltr'>inspectantes</span> 
     </span>
     <span class='ocr_line' id='line_1_4' title="bbox 191 371 1836 423; baseline -0.001 -10"><span class='ocrx_word' id='word_1_22' title='bbox 191 374 428 415; x_wconf 89' lang='lat' dir='ltr'>oblectare</span> <span class='ocrx_word' id='word_1_23' title='bbox 448 375 581 423; x_wconf 87' lang='lat' dir='ltr'>solet,</span> <span class='ocrx_word' id='word_1_24' title='bbox 606 375 756 414; x_wconf 85' lang='lat' dir='ltr'>fracta</span> <span class='ocrx_word' id='word_1_25' title='bbox 778 374 1097 422; x_wconf 80' lang='lat' dir='ltr'>nihilominUS‚</span> <span class='ocrx_word' id='word_1_26' title='bbox 1121 372 1332 412; x_wconf 90' lang='lat' dir='ltr'>marcida</span> <span class='ocrx_word' id='word_1_27' title='bbox 1348 372 1556 423; x_wconf 89' lang='lat' dir='ltr'>reperire</span> <span class='ocrx_word' id='word_1_28' title='bbox 1573 372 1675 412; x_wconf 91' lang='lat' dir='ltr'>erit.</span> <span class='ocrx_word' id='word_1_29' title='bbox 1701 371 1836 422; x_wconf 86' lang='lat' dir='ltr'>Quod</span> 
     </span>
     <span class='ocr_line' id='line_1_5' title="bbox 190 443 1832 496; baseline -0.002 -10"><span class='ocrx_word' id='word_1_30' title='bbox 190 457 298 485; x_wconf 92' lang='lat' dir='ltr'>cum</span> <span class='ocrx_word' id='word_1_31' title='bbox 318 445 367 486; x_wconf 88' lang='grc' dir='ltr'>Ρ.</span> <span class='ocrx_word' id='word_1_32' title='bbox 406 445 578 486; x_wconf 89' lang='lat' dir='ltr'>Rector</span> <span class='ocrx_word' id='word_1_33' title='bbox 601 446 918 496; x_wconf 90' lang='lat' dir='ltr'>cognouisset,</span> <span class='ocrx_word' id='word_1_34' title='bbox 948 445 1087 495; x_wconf 88' lang='lat' dir='ltr'>paulo</span> <span class='ocrx_word' id='word_1_35' title='bbox 1123 450 1400 493; x_wconf 90' lang='lat' dir='ltr'>commotus,</span> <span class='ocrx_word' id='word_1_36' title='bbox 1422 450 1630 483; x_wconf 79' lang='lat' dir='ltr'>attamen</span> <span class='ocrx_word' id='word_1_37' title='bbox 1651 443 1832 494; x_wconf 88' lang='lat' dir='ltr'>hilaris,</span> 
     </span>
     <span class='ocr_line' id='line_1_6' title="bbox 189 514 1831 568; baseline -0.002 -11"><span class='ocrx_word' id='word_1_38' title='bbox 189 516 307 557; x_wconf 90' lang='lat' dir='ltr'>haec</span> <span class='ocrx_word' id='word_1_39' title='bbox 330 517 518 568; x_wconf 91' lang='lat' dir='ltr'>quidem</span> <span class='ocrx_word' id='word_1_40' title='bbox 534 516 836 557; x_wconf 89' lang='lat' dir='ltr'>dilacerando</span> <span class='ocrx_word' id='word_1_41' title='bbox 855 516 901 556; x_wconf 90' lang='lat' dir='ltr'>ui</span> <span class='ocrx_word' id='word_1_42' title='bbox 924 515 1123 566; x_wconf 74' lang='lat' dir='ltr'>effregit,</span> <span class='ocrx_word' id='word_1_43' title='bbox 1146 515 1263 555; x_wconf 90' lang='lat' dir='ltr'>haec</span> <span class='ocrx_word' id='word_1_44' title='bbox 1285 521 1443 555; x_wconf 89' lang='lat' dir='ltr'>autem</span> <span class='ocrx_word' id='word_1_45' title='bbox 1466 514 1673 565; x_wconf 87' lang='lat' dir='ltr'>gladiolo</span> <span class='ocrx_word' id='word_1_46' title='bbox 1695 514 1831 555; x_wconf 90' lang='lat' dir='ltr'>disci-</span> 
     </span>
     <span class='ocr_line' id='line_1_7' title="bbox 189 585 1843 640; baseline -0.002 -11"><span class='ocrx_word' id='word_1_47' title='bbox 189 587 342 628; x_wconf 85' lang='lat' dir='ltr'>dendo</span> <span class='ocrx_word' id='word_1_48' title='bbox 358 588 571 640; x_wconf 91' lang='lat' dir='ltr'>proiecit,</span> <span class='ocrx_word' id='word_1_49' title='bbox 596 588 736 628; x_wconf 87' lang='lat' dir='ltr'>credo</span> <span class='ocrx_word' id='word_1_50' title='bbox 759 587 975 638; x_wconf 83' lang='lat' dir='ltr'>equidem</span> <span class='ocrx_word' id='word_1_51' title='bbox 999 593 1155 626; x_wconf 92' lang='lat' dir='ltr'>tantas</span> <span class='ocrx_word' id='word_1_52' title='bbox 1177 586 1431 637; x_wconf 79' lang='lat' dir='ltr'>perfrictae</span> <span class='ocrx_word' id='word_1_53' title='bbox 1461 585 1689 625; x_wconf 82' lang='lat' dir='ltr'>audaciae</span> <span class='ocrx_word' id='word_1_54' title='bbox 1710 585 1843 626; x_wconf 88' lang='lat' dir='ltr'>uires</span> 
     </span>
     <span class='ocr_line' id='line_1_8' title="bbox 188 656 1834 711; baseline -0.003 -11"><span class='ocrx_word' id='word_1_55' title='bbox 188 660 397 711; x_wconf 84' lang='lat' dir='ltr'>perferre</span> <span class='ocrx_word' id='word_1_56' title='bbox 418 671 513 699; x_wconf 91' lang='lat' dir='ltr'>non</span> <span class='ocrx_word' id='word_1_57' title='bbox 533 659 740 710; x_wconf 91' lang='lat' dir='ltr'>potuisse</span> <span class='ocrx_word' id='word_1_58' title='bbox 762 658 872 709; x_wconf 92' lang='lat' dir='ltr'>quin</span> <span class='ocrx_word' id='word_1_59' title='bbox 890 659 1133 708; x_wconf 90' lang='lat' dir='ltr'>repentino</span> <span class='ocrx_word' id='word_1_60' title='bbox 1152 657 1356 708; x_wconf 90' lang='lat' dir='ltr'>quodam</span> <span class='ocrx_word' id='word_1_61' title='bbox 1377 656 1552 708; x_wconf 85' lang='lat' dir='ltr'>impetu</span> <span class='ocrx_word' id='word_1_62' title='bbox 1571 656 1630 696; x_wconf 89' lang='lat' dir='ltr'>ad</span> <span class='ocrx_word' id='word_1_63' title='bbox 1649 668 1704 696; x_wconf 91' lang='lat' dir='ltr'>ea</span> <span class='ocrx_word' id='word_1_64' title='bbox 1723 656 1834 695; x_wconf 91' lang='lat' dir='ltr'>dila-</span> 
     </span>
     <span class='ocr_line' id='line_1_9' title="bbox 190 727 1838 771; baseline -0.003 0"><span class='ocrx_word' id='word_1_65' title='bbox 190 731 364 771; x_wconf 86' lang='lat' dir='ltr'>nianda</span> <span class='ocrx_word' id='word_1_66' title='bbox 386 731 553 771; x_wconf 91' lang='lat' dir='ltr'>ductus</span> <span class='ocrx_word' id='word_1_67' title='bbox 575 730 753 770; x_wconf 87' lang='lat' dir='ltr'>fuisset.</span> <span class='ocrx_word' id='word_1_68' title='bbox 778 729 936 769; x_wconf 86' lang='lat' dir='ltr'>Noluit</span> <span class='ocrx_word' id='word_1_69' title='bbox 958 735 1113 768; x_wconf 87' lang='lat' dir='ltr'>tamen</span> <span class='ocrx_word' id='word_1_70' title='bbox 1133 727 1299 768; x_wconf 87' lang='lat' dir='ltr'>Patres</span> <span class='ocrx_word' id='word_1_71' title='bbox 1317 733 1361 767; x_wconf 91' lang='lat' dir='ltr'>et</span> <span class='ocrx_word' id='word_1_72' title='bbox 1379 727 1550 767; x_wconf 88' lang='lat' dir='ltr'>fratres</span> <span class='ocrx_word' id='word_1_73' title='bbox 1569 732 1699 767; x_wconf 89' lang='lat' dir='ltr'>tanta</span> <span class='ocrx_word' id='word_1_74' title='bbox 1718 727 1838 767; x_wconf 88' lang='lat' dir='ltr'>dele-</span> 
     </span>
     <span class='ocr_line' id='line_1_10' title="bbox 190 798 1837 853; baseline -0.002 -11"><span class='ocrx_word' id='word_1_75' title='bbox 190 802 397 842; x_wconf 88' lang='lat' dir='ltr'>ctatione</span> <span class='ocrx_word' id='word_1_76' title='bbox 424 802 628 853; x_wconf 85' lang='lat' dir='ltr'>priuare,</span> <span class='ocrx_word' id='word_1_77' title='bbox 660 800 786 852; x_wconf 89' lang='lat' dir='ltr'>quod</span> <span class='ocrx_word' id='word_1_78' title='bbox 816 800 1108 840; x_wconf 87' lang='lat' dir='ltr'>commodius</span> <span class='ocrx_word' id='word_1_79' title='bbox 1137 798 1236 839; x_wconf 90' lang='lat' dir='ltr'>fieri</span> <span class='ocrx_word' id='word_1_80' title='bbox 1271 810 1411 850; x_wconf 91' lang='lat' dir='ltr'>posse</span> <span class='ocrx_word' id='word_1_81' title='bbox 1444 798 1641 839; x_wconf 88' lang='lat' dir='ltr'>credidit</span> <span class='ocrx_word' id='word_1_82' title='bbox 1671 798 1710 838; x_wconf 90' lang='lat' dir='ltr'>si</span> <span class='ocrx_word' id='word_1_83' title='bbox 1731 798 1837 838; x_wconf 88' lang='lat' dir='ltr'>hae-</span> 
     </span>
     <span class='ocr_line' id='line_1_11' title="bbox 191 869 1838 921; baseline -0.002 -8"><span class='ocrx_word' id='word_1_84' title='bbox 191 874 331 913; x_wconf 83' lang='lat' dir='ltr'>resim</span> <span class='ocrx_word' id='word_1_85' title='bbox 353 885 408 913; x_wconf 94' lang='lat' dir='ltr'>eo</span> <span class='ocrx_word' id='word_1_86' title='bbox 444 874 654 920; x_wconf 89' lang='lat' dir='ltr'>allatam,</span> <span class='ocrx_word' id='word_1_87' title='bbox 693 872 771 911; x_wconf 90' lang='lat' dir='ltr'>ubi</span> <span class='ocrx_word' id='word_1_88' title='bbox 801 871 938 911; x_wconf 90' lang='lat' dir='ltr'>simul</span> <span class='ocrx_word' id='word_1_89' title='bbox 969 883 1131 911; x_wconf 89' lang='lat' dir='ltr'>omnes</span> <span class='ocrx_word' id='word_1_90' title='bbox 1167 881 1560 919; x_wconf 86' lang='lat' dir='ltr'>conueneramus‚</span> <span class='ocrx_word' id='word_1_91' title='bbox 1598 869 1676 910; x_wconf 90' lang='lat' dir='ltr'>ubi</span> <span class='ocrx_word' id='word_1_92' title='bbox 1714 869 1838 921; x_wconf 89' lang='lat' dir='ltr'>ignis</span> 
     </span>
     <span class='ocr_line' id='line_1_12' title="bbox 191 941 1837 996; baseline -0.003 -11"><span class='ocrx_word' id='word_1_93' title='bbox 191 946 482 996; x_wconf 88' lang='lat' dir='ltr'>compositus</span> <span class='ocrx_word' id='word_1_94' title='bbox 499 944 669 994; x_wconf 88' lang='lat' dir='ltr'>fuerat,</span> <span class='ocrx_word' id='word_1_95' title='bbox 695 943 1133 983; x_wconf 89' lang='lat' dir='ltr'>combussissemus.</span> <span class='ocrx_word' id='word_1_96' title='bbox 1175 941 1213 982; x_wconf 88' lang='lat' dir='ltr'>O</span> <span class='ocrx_word' id='word_1_97' title='bbox 1248 942 1374 994; x_wconf 88' lang='lat' dir='ltr'>piam</span> <span class='ocrx_word' id='word_1_98' title='bbox 1404 941 1649 981; x_wconf 79' lang='lat' dir='ltr'>laetitiam!</span> <span class='ocrx_word' id='word_1_99' title='bbox 1680 953 1706 981; x_wconf 92' lang='lat' dir='ltr'>o</span> <span class='ocrx_word' id='word_1_100' title='bbox 1725 951 1837 991; x_wconf 87' lang='lat' dir='ltr'>gau-</span> 
     </span>
     <span class='ocr_line' id='line_1_13' title="bbox 189 1011 1840 1065; baseline -0.002 -10"><span class='ocrx_word' id='word_1_101' title='bbox 189 1016 316 1056; x_wconf 90' lang='lat' dir='ltr'>dium</span> <span class='ocrx_word' id='word_1_102' title='bbox 351 1027 445 1055; x_wconf 89' lang='lat' dir='ltr'>non</span> <span class='ocrx_word' id='word_1_103' title='bbox 474 1015 701 1055; x_wconf 91' lang='lat' dir='ltr'>obliuioni</span> <span class='ocrx_word' id='word_1_104' title='bbox 729 1014 1065 1054; x_wconf 78' lang='lat' dir='ltr'>mandandum!</span> <span class='ocrx_word' id='word_1_105' title='bbox 1095 1014 1198 1065; x_wconf 93' lang='lat' dir='ltr'>quis</span> <span class='ocrx_word' id='word_1_106' title='bbox 1232 1025 1326 1053; x_wconf 92' lang='lat' dir='ltr'>non</span> <span class='ocrx_word' id='word_1_107' title='bbox 1354 1012 1645 1052; x_wconf 87' lang='lat' dir='ltr'>exhilaratus</span> <span class='ocrx_word' id='word_1_108' title='bbox 1677 1011 1840 1052; x_wconf 89' lang='lat' dir='ltr'>fuisset</span> 
     </span>
     <span class='ocr_line' id='line_1_14' title="bbox 187 1083 1840 1137; baseline -0.002 -11"><span class='ocrx_word' id='word_1_109' title='bbox 187 1087 226 1127; x_wconf 91' lang='lat' dir='ltr'>si</span> <span class='ocrx_word' id='word_1_110' title='bbox 243 1085 432 1127; x_wconf 88' lang='lat' dir='ltr'>Patrem</span> <span class='ocrx_word' id='word_1_111' title='bbox 454 1092 498 1126; x_wconf 92' lang='lat' dir='ltr'>et</span> <span class='ocrx_word' id='word_1_112' title='bbox 519 1087 691 1126; x_wconf 88' lang='lat' dir='ltr'>fratres</span> <span class='ocrx_word' id='word_1_113' title='bbox 713 1086 768 1137; x_wconf 89' lang='lat' dir='ltr'>ei,</span> <span class='ocrx_word' id='word_1_114' title='bbox 806 1086 984 1126; x_wconf 88' lang='lat' dir='ltr'>scelera</span> <span class='ocrx_word' id='word_1_115' title='bbox 1021 1085 1290 1136; x_wconf 79' lang='lat' dir='ltr'>respiranti,</span> <span class='ocrx_word' id='word_1_116' title='bbox 1324 1083 1649 1124; x_wconf 89' lang='lat' dir='ltr'>incendendae</span> <span class='ocrx_word' id='word_1_117' title='bbox 1680 1083 1746 1123; x_wconf 92' lang='lat' dir='ltr'>sic</span> <span class='ocrx_word' id='word_1_118' title='bbox 1774 1083 1840 1123; x_wconf 91' lang='lat' dir='ltr'>in-</span> 
     </span>
     <span class='ocr_line' id='line_1_15' title="bbox 187 1154 1838 1209; baseline -0.002 -11"><span class='ocrx_word' id='word_1_119' title='bbox 187 1158 326 1198; x_wconf 88' lang='lat' dir='ltr'>nixos</span> <span class='ocrx_word' id='word_1_120' title='bbox 343 1158 556 1209; x_wconf 89' lang='lat' dir='ltr'>uidisset,</span> <span class='ocrx_word' id='word_1_121' title='bbox 578 1163 626 1197; x_wconf 93' lang='lat' dir='ltr'>ut</span> <span class='ocrx_word' id='word_1_122' title='bbox 648 1158 696 1197; x_wconf 92' lang='lat' dir='ltr'>hi</span> <span class='ocrx_word' id='word_1_123' title='bbox 719 1156 908 1209; x_wconf 91' lang='lat' dir='ltr'>quidem</span> <span class='ocrx_word' id='word_1_124' title='bbox 927 1157 986 1197; x_wconf 91' lang='lat' dir='ltr'>ad</span> <span class='ocrx_word' id='word_1_125' title='bbox 1003 1168 1108 1197; x_wconf 90' lang='lat' dir='ltr'>eam</span> <span class='ocrx_word' id='word_1_126' title='bbox 1131 1158 1177 1197; x_wconf 93' lang='lat' dir='ltr'>in</span> <span class='ocrx_word' id='word_1_127' title='bbox 1200 1156 1358 1207; x_wconf 85' lang='lat' dir='ltr'>ignem</span> <span class='ocrx_word' id='word_1_128' title='bbox 1379 1154 1722 1195; x_wconf 89' lang='lat' dir='ltr'>immittendam</span> <span class='ocrx_word' id='word_1_129' title='bbox 1742 1155 1838 1194; x_wconf 90' lang='lat' dir='ltr'>nul-</span> 
     </span>
     <span class='ocr_line' id='line_1_16' title="bbox 187 1226 1840 1280; baseline -0.002 -11"><span class='ocrx_word' id='word_1_130' title='bbox 187 1230 486 1269; x_wconf 71' lang='lat' dir='ltr'>lam⁴moram</span> <span class='ocrx_word' id='word_1_131' title='bbox 508 1229 766 1280; x_wconf 87' lang='lat' dir='ltr'>traherent,</span> <span class='ocrx_word' id='word_1_132' title='bbox 792 1235 836 1269; x_wconf 91' lang='lat' dir='ltr'>et</span> <span class='ocrx_word' id='word_1_133' title='bbox 857 1228 904 1269; x_wconf 92' lang='lat' dir='ltr'>hi</span> <span class='ocrx_word' id='word_1_134' title='bbox 925 1228 1066 1280; x_wconf 89' lang='lat' dir='ltr'>lignis</span> <span class='ocrx_word' id='word_1_135' title='bbox 1084 1239 1178 1268; x_wconf 93' lang='lat' dir='ltr'>non</span> <span class='ocrx_word' id='word_1_136' title='bbox 1198 1228 1342 1267; x_wconf 88' lang='lat' dir='ltr'>semel</span> <span class='ocrx_word' id='word_1_137' title='bbox 1359 1226 1558 1267; x_wconf 89' lang='lat' dir='ltr'>subditis</span> <span class='ocrx_word' id='word_1_138' title='bbox 1580 1226 1640 1266; x_wconf 92' lang='lat' dir='ltr'>ad</span> <span class='ocrx_word' id='word_1_139' title='bbox 1659 1232 1840 1278; x_wconf 89' lang='lat' dir='ltr'>pestem</span> 
     </span>
     <span class='ocr_line' id='line_1_17' title="bbox 188 1297 1840 1352; baseline -0.002 -11"><span class='ocrx_word' id='word_1_140' title='bbox 188 1301 558 1352; x_wconf 78' lang='lat' dir='ltr'>extinguendam</span> <span class='ocrx_word' id='word_1_141' title='bbox 576 1301 863 1341; x_wconf 74' lang='lat' dir='ltr'>laborarent!</span> <span class='ocrx_word' id='word_1_142' title='bbox 880 1299 971 1340; x_wconf 85' lang='lat' dir='ltr'>Sed</span> <span class='ocrx_word' id='word_1_143' title='bbox 988 1300 1149 1340; x_wconf 92' lang='lat' dir='ltr'>nescio</span> <span class='ocrx_word' id='word_1_144' title='bbox 1160 1299 1284 1351; x_wconf 89' lang='lat' dir='ltr'>quid,</span> <span class='ocrx_word' id='word_1_145' title='bbox 1302 1311 1412 1339; x_wconf 92' lang='lat' dir='ltr'>ecce</span> <span class='ocrx_word' id='word_1_146' title='bbox 1427 1309 1590 1338; x_wconf 90' lang='lat' dir='ltr'>eorum</span> <span class='ocrx_word' id='word_1_147' title='bbox 1606 1297 1840 1349; x_wconf 90' lang='lat' dir='ltr'>quaedam</span> 
     </span>
     <span class='ocr_line' id='line_1_18' title="bbox 187 1369 1838 1428; baseline -0.002 -16"><span class='ocrx_word' id='word_1_148' title='bbox 187 1372 438 1423; x_wconf 87' lang='lat' dir='ltr'>cernimus,</span> <span class='ocrx_word' id='word_1_149' title='bbox 463 1384 583 1424; x_wconf 89' lang='lat' dir='ltr'>quae</span> <span class='ocrx_word' id='word_1_150' title='bbox 606 1372 653 1412; x_wconf 90' lang='lat' dir='ltr'>in</span> <span class='ocrx_word' id='word_1_151' title='bbox 684 1373 793 1423; x_wconf 84' lang='lat' dir='ltr'>igne</span> <span class='ocrx_word' id='word_1_152' title='bbox 810 1426 812 1428; x_wconf 14' lang='lat' dir='ltr'>q</span> <span class='ocrx_word' id='word_1_153' title='bbox 828 1372 911 1412; x_wconf 87' lang='lat' dir='ltr'>vix</span> <span class='ocrx_word' id='word_1_154' title='bbox 942 1371 1206 1423; x_wconf 89' lang='lat' dir='ltr'>deflagrare</span> <span class='ocrx_word' id='word_1_155' title='bbox 1234 1370 1530 1420; x_wconf 88' lang='lat' dir='ltr'>videbantur,</span> <span class='ocrx_word' id='word_1_156' title='bbox 1555 1376 1600 1410; x_wconf 92' lang='lat' dir='ltr'>et</span> <span class='ocrx_word' id='word_1_157' title='bbox 1622 1369 1838 1421; x_wconf 91' lang='lat' dir='ltr'>quamuis</span> 
     </span>
     <span class='ocr_line' id='line_1_19' title="bbox 186 1441 1840 1496; baseline -0.002 -12"><span class='ocrx_word' id='word_1_158' title='bbox 186 1443 283 1483; x_wconf 86' lang='lat' dir='ltr'>fere</span> <span class='ocrx_word' id='word_1_159' title='bbox 307 1444 472 1484; x_wconf 90' lang='lat' dir='ltr'>horam</span> <span class='ocrx_word' id='word_1_160' title='bbox 497 1444 714 1484; x_wconf 87' lang='lat' dir='ltr'>fiammae</span> <span class='ocrx_word' id='word_1_161' title='bbox 737 1444 1009 1496; x_wconf 88' lang='lat' dir='ltr'>suppositae</span> <span class='ocrx_word' id='word_1_162' title='bbox 1036 1443 1261 1493; x_wconf 89' lang='lat' dir='ltr'>iacerent,</span> <span class='ocrx_word' id='word_1_163' title='bbox 1300 1442 1502 1483; x_wconf 90' lang='lat' dir='ltr'>cremari</span> <span class='ocrx_word' id='word_1_164' title='bbox 1535 1441 1840 1482; x_wconf 88' lang='lat' dir='ltr'>nihilominus</span> 
     </span>
     <span class='ocr_line' id='line_1_20' title="bbox 185 1513 1841 1567; baseline -0.001 -12"><span class='ocrx_word' id='word_1_165' title='bbox 185 1528 279 1555; x_wconf 89' lang='lat' dir='ltr'>non</span> <span class='ocrx_word' id='word_1_166' title='bbox 300 1515 596 1556; x_wconf 89' lang='lat' dir='ltr'>uidebamus.</span> <span class='ocrx_word' id='word_1_167' title='bbox 622 1516 726 1556; x_wconf 92' lang='lat' dir='ltr'>Non</span> <span class='ocrx_word' id='word_1_168' title='bbox 749 1516 1001 1556; x_wconf 86' lang='lat' dir='ltr'>defuerunt</span> <span class='ocrx_word' id='word_1_169' title='bbox 1023 1516 1102 1567; x_wconf 92' lang='lat' dir='ltr'>qui</span> <span class='ocrx_word' id='word_1_170' title='bbox 1124 1515 1354 1555; x_wconf 81' lang='lat' dir='ltr'>dixissent</span> <span class='ocrx_word' id='word_1_171' title='bbox 1376 1525 1483 1554; x_wconf 91' lang='lat' dir='ltr'>eum</span> <span class='ocrx_word' id='word_1_172' title='bbox 1504 1513 1736 1565; x_wconf 90' lang='lat' dir='ltr'>spiritum,</span> <span class='ocrx_word' id='word_1_173' title='bbox 1762 1513 1841 1564; x_wconf 91' lang='lat' dir='ltr'>qui</span> 
     </span>
     <span class='ocr_line' id='line_1_21' title="bbox 186 1584 1841 1639; baseline -0.002 -12"><span class='ocrx_word' id='word_1_174' title='bbox 186 1587 246 1628; x_wconf 90' lang='lat' dir='ltr'>ad</span> <span class='ocrx_word' id='word_1_175' title='bbox 263 1587 341 1627; x_wconf 88' lang='lat' dir='ltr'>illa</span> <span class='ocrx_word' id='word_1_176' title='bbox 367 1588 610 1628; x_wconf 85' lang='lat' dir='ltr'>exaranda</span> <span class='ocrx_word' id='word_1_177' title='bbox 643 1587 1031 1639; x_wconf 88' lang='lat' dir='ltr'>lucubrandaque</span> <span class='ocrx_word' id='word_1_178' title='bbox 1059 1588 1338 1639; x_wconf 90' lang='lat' dir='ltr'>deceptores</span> <span class='ocrx_word' id='word_1_179' title='bbox 1366 1586 1476 1636; x_wconf 91' lang='lat' dir='ltr'>(non</span> <span class='ocrx_word' id='word_1_180' title='bbox 1503 1586 1658 1625; x_wconf 90' lang='lat' dir='ltr'>dicam</span> <span class='ocrx_word' id='word_1_181' title='bbox 1685 1584 1841 1625; x_wconf 88' lang='lat' dir='ltr'>docto-</span> 
     </span>
     <span class='ocr_line' id='line_1_22' title="bbox 183 1657 1842 1710; baseline -0.002 -11"><span class='ocrx_word' id='word_1_182' title='bbox 183 1659 275 1709; x_wconf 88' lang='lat' dir='ltr'>res)</span> <span class='ocrx_word' id='word_1_183' title='bbox 298 1660 610 1710; x_wconf 82' lang='lat' dir='ltr'>compulerat,</span> <span class='ocrx_word' id='word_1_184' title='bbox 634 1659 697 1699; x_wconf 93' lang='lat' dir='ltr'>ibi</span> <span class='ocrx_word' id='word_1_185' title='bbox 729 1659 967 1709; x_wconf 79' lang='lat' dir='ltr'>latitasse3</span> <span class='ocrx_word' id='word_1_186' title='bbox 1005 1658 1087 1699; x_wconf 93' lang='lat' dir='ltr'>sed</span> <span class='ocrx_word' id='word_1_187' title='bbox 1122 1659 1240 1698; x_wconf 86' lang='lat' dir='ltr'>haec</span> <span class='ocrx_word' id='word_1_188' title='bbox 1276 1657 1490 1709; x_wconf 90' lang='lat' dir='ltr'>pluribus</span> <span class='ocrx_word' id='word_1_189' title='bbox 1521 1658 1679 1697; x_wconf 82' lang='lat' dir='ltr'>forsan</span> <span class='ocrx_word' id='word_1_190' title='bbox 1701 1667 1842 1708; x_wconf 89' lang='lat' dir='ltr'>quam</span> 
     </span>
     <span class='ocr_line' id='line_1_23' title="bbox 184 1726 1840 1782; baseline -0.002 -12"><span class='ocrx_word' id='word_1_191' title='bbox 184 1731 472 1782; x_wconf 87' lang='lat' dir='ltr'>oportuisset</span> <span class='ocrx_word' id='word_1_192' title='bbox 498 1731 714 1771; x_wconf 86' lang='lat' dir='ltr'>disserui.</span> <span class='ocrx_word' id='word_1_193' title='bbox 739 1730 918 1771; x_wconf 90' lang='lat' dir='ltr'>Nobilis</span> <span class='ocrx_word' id='word_1_194' title='bbox 940 1736 1098 1770; x_wconf 89' lang='lat' dir='ltr'>autem</span> <span class='ocrx_word' id='word_1_195' title='bbox 1119 1730 1210 1781; x_wconf 91' lang='lat' dir='ltr'>ille,</span> <span class='ocrx_word' id='word_1_196' title='bbox 1235 1729 1410 1781; x_wconf 90' lang='lat' dir='ltr'>pluries</span> <span class='ocrx_word' id='word_1_197' title='bbox 1431 1729 1689 1778; x_wconf 84' lang='lat' dir='ltr'>confessus,</span> <span class='ocrx_word' id='word_1_198' title='bbox 1723 1726 1840 1768; x_wconf 89' lang='lat' dir='ltr'>San—</span> 
     </span>
     <span class='ocr_line' id='line_1_24' title="bbox 184 1801 1442 1853; baseline -0.002 -11"><span class='ocrx_word' id='word_1_199' title='bbox 184 1808 288 1842; x_wconf 90' lang='lat' dir='ltr'>ctae</span> <span class='ocrx_word' id='word_1_200' title='bbox 308 1801 445 1842; x_wconf 87' lang='lat' dir='ltr'>Fidei</span> <span class='ocrx_word' id='word_1_201' title='bbox 469 1802 713 1842; x_wconf 87' lang='lat' dir='ltr'>Romanae</span> <span class='ocrx_word' id='word_1_202' title='bbox 735 1803 979 1842; x_wconf 88' lang='lat' dir='ltr'>Ecclesiae</span> <span class='ocrx_word' id='word_1_203' title='bbox 1001 1802 1192 1842; x_wconf 85' lang='lat' dir='ltr'>innixus</span> <span class='ocrx_word' id='word_1_204' title='bbox 1215 1801 1442 1853; x_wconf 88' lang='lat' dir='ltr'>persistit.</span> 
     </span>
     <span class='ocr_line' id='line_1_25' title="bbox 267 1872 1839 1925; baseline -0.002 -11"><span class='ocrx_word' id='word_1_205' title='bbox 267 1873 651 1914; x_wconf 88' lang='lat' dir='ltr'>Commemoratu</span> <span class='ocrx_word' id='word_1_206' title='bbox 675 1874 819 1925; x_wconf 91' lang='lat' dir='ltr'>digna</span> <span class='ocrx_word' id='word_1_207' title='bbox 841 1879 999 1914; x_wconf 88' lang='lat' dir='ltr'>essent</span> <span class='ocrx_word' id='word_1_208' title='bbox 1020 1873 1222 1925; x_wconf 85' lang='lat' dir='ltr'>plurima</span> <span class='ocrx_word' id='word_1_209' title='bbox 1244 1872 1460 1923; x_wconf 90' lang='lat' dir='ltr'>dicenda,</span> <span class='ocrx_word' id='word_1_210' title='bbox 1492 1873 1539 1912; x_wconf 91' lang='lat' dir='ltr'>in</span> <span class='ocrx_word' id='word_1_211' title='bbox 1568 1872 1737 1924; x_wconf 84' lang='lat' dir='ltr'>quibus</span> <span class='ocrx_word' id='word_1_212' title='bbox 1759 1872 1839 1911; x_wconf 85' lang='lat' dir='ltr'>mi-</span> 
     </span>
     <span class='ocr_line' id='line_1_26' title="bbox 183 1943 1836 1997; baseline -0.001 -12"><span class='ocrx_word' id='word_1_213' title='bbox 183 1945 471 1986; x_wconf 89' lang='lat' dir='ltr'>sericordiae</span> <span class='ocrx_word' id='word_1_214' title='bbox 497 1945 689 1986; x_wconf 91' lang='lat' dir='ltr'>Domini</span> <span class='ocrx_word' id='word_1_215' title='bbox 725 1946 973 1997; x_wconf 91' lang='lat' dir='ltr'>perspicue</span> <span class='ocrx_word' id='word_1_216' title='bbox 1003 1944 1213 1985; x_wconf 89' lang='lat' dir='ltr'>infinitae</span> <span class='ocrx_word' id='word_1_217' title='bbox 1248 1945 1576 1996; x_wconf 90' lang='lat' dir='ltr'>inspiciuntur.</span> <span class='ocrx_word' id='word_1_218' title='bbox 1610 1943 1701 1984; x_wconf 85' lang='lat' dir='ltr'>Sed</span> <span class='ocrx_word' id='word_1_219' title='bbox 1732 1943 1836 1995; x_wconf 92' lang='lat' dir='ltr'>quis</span> 
     </span>
     <span class='ocr_line' id='line_1_27' title="bbox 182 2014 1836 2068; baseline -0.001 -12"><span class='ocrx_word' id='word_1_220' title='bbox 182 2016 406 2057; x_wconf 88' lang='lat' dir='ltr'>uniuersa</span> <span class='ocrx_word' id='word_1_221' title='bbox 428 2028 678 2057; x_wconf 85' lang='lat' dir='ltr'>recensere</span> <span class='ocrx_word' id='word_1_222' title='bbox 707 2017 885 2068; x_wconf 83' lang='lat' dir='ltr'>posset?</span> <span class='ocrx_word' id='word_1_223' title='bbox 915 2028 1009 2056; x_wconf 92' lang='lat' dir='ltr'>non</span> <span class='ocrx_word' id='word_1_224' title='bbox 1030 2022 1189 2057; x_wconf 88' lang='lat' dir='ltr'>tamen</span> <span class='ocrx_word' id='word_1_225' title='bbox 1216 2016 1263 2056; x_wconf 90' lang='lat' dir='ltr'>id</span> <span class='ocrx_word' id='word_1_226' title='bbox 1289 2015 1686 2067; x_wconf 86' lang='lat' dir='ltr'>praetermittam,</span> <span class='ocrx_word' id='word_1_227' title='bbox 1711 2014 1836 2066; x_wconf 94' lang='lat' dir='ltr'>quod</span> 
     </span>
     <span class='ocr_line' id='line_1_28' title="bbox 182 2087 1835 2139; baseline -0.001 -11"><span class='ocrx_word' id='word_1_228' title='bbox 182 2094 405 2139; x_wconf 89' lang='lat' dir='ltr'>operatus</span> <span class='ocrx_word' id='word_1_229' title='bbox 430 2094 501 2129; x_wconf 90' lang='lat' dir='ltr'>est</span> <span class='ocrx_word' id='word_1_230' title='bbox 525 2087 757 2129; x_wconf 88' lang='lat' dir='ltr'>Dominus</span> <span class='ocrx_word' id='word_1_231' title='bbox 775 2089 822 2128; x_wconf 92' lang='lat' dir='ltr'>in</span> <span class='ocrx_word' id='word_1_232' title='bbox 840 2088 1215 2128; x_wconf 86' lang='lat' dir='ltr'>confessionibus</span> <span class='ocrx_word' id='word_1_233' title='bbox 1233 2087 1478 2139; x_wconf 84' lang='lat' dir='ltr'>proximis:</span> <span class='ocrx_word' id='word_1_234' title='bbox 1500 2087 1744 2127; x_wconf 89' lang='lat' dir='ltr'>confessus</span> <span class='ocrx_word' id='word_1_235' title='bbox 1766 2096 1835 2126; x_wconf 89' lang='lat' dir='ltr'>est</span> 
     </span>
     <span class='ocr_line' id='line_1_29' title="bbox 182 2158 1836 2210; baseline -0.001 -12"><span class='ocrx_word' id='word_1_236' title='bbox 182 2159 256 2199; x_wconf 92' lang='lat' dir='ltr'>ille</span> <span class='ocrx_word' id='word_1_237' title='bbox 275 2165 320 2200; x_wconf 90' lang='lat' dir='ltr'>et</span> <span class='ocrx_word' id='word_1_238' title='bbox 337 2160 651 2200; x_wconf 86' lang='lat' dir='ltr'>sacramentis</span> <span class='ocrx_word' id='word_1_239' title='bbox 670 2159 875 2200; x_wconf 86' lang='lat' dir='ltr'>Sanctae</span> <span class='ocrx_word' id='word_1_240' title='bbox 893 2159 1136 2200; x_wconf 85' lang='lat' dir='ltr'>Ecclesiae</span> <span class='ocrx_word' id='word_1_241' title='bbox 1154 2158 1413 2208; x_wconf 90' lang='lat' dir='ltr'>restitutus,</span> <span class='ocrx_word' id='word_1_242' title='bbox 1436 2158 1512 2210; x_wconf 91' lang='lat' dir='ltr'>qui</span> <span class='ocrx_word' id='word_1_243' title='bbox 1529 2158 1594 2198; x_wconf 90' lang='lat' dir='ltr'>ita</span> <span class='ocrx_word' id='word_1_244' title='bbox 1612 2159 1836 2198; x_wconf 89' lang='lat' dir='ltr'>contami-</span> 
     </span>
     <span class='ocr_line' id='line_1_30' title="bbox 181 2229 1837 2283; baseline -0.001 -13"><span class='ocrx_word' id='word_1_245' title='bbox 181 2237 320 2271; x_wconf 89' lang='lat' dir='ltr'>natus</span> <span class='ocrx_word' id='word_1_246' title='bbox 343 2240 447 2272; x_wconf 90' lang='lat' dir='ltr'>erat</span> <span class='ocrx_word' id='word_1_247' title='bbox 472 2237 535 2282; x_wconf 90' lang='lat' dir='ltr'>ut,</span> <span class='ocrx_word' id='word_1_248' title='bbox 568 2233 906 2283; x_wconf 87' lang='lat' dir='ltr'>languescens,</span> <span class='ocrx_word' id='word_1_249' title='bbox 931 2232 978 2271; x_wconf 89' lang='lat' dir='ltr'>in</span> <span class='ocrx_word' id='word_1_250' title='bbox 1000 2231 1296 2283; x_wconf 89' lang='lat' dir='ltr'>putredinem</span> <span class='ocrx_word' id='word_1_251' title='bbox 1319 2231 1499 2270; x_wconf 90' lang='lat' dir='ltr'>solutus</span> <span class='ocrx_word' id='word_1_252' title='bbox 1522 2230 1725 2270; x_wconf 87' lang='lat' dir='ltr'>iamiam</span> <span class='ocrx_word' id='word_1_253' title='bbox 1748 2229 1837 2269; x_wconf 88' lang='lat' dir='ltr'>dis-</span> 
     </span>
     <span class='ocr_line' id='line_1_31' title="bbox 182 2300 1837 2354; baseline -0.001 -13"><span class='ocrx_word' id='word_1_254' title='bbox 182 2302 436 2343; x_wconf 90' lang='lat' dir='ltr'>soluendus</span> <span class='ocrx_word' id='word_1_255' title='bbox 476 2303 851 2343; x_wconf 85' lang='lat' dir='ltr'>existimabatur.</span> <span class='ocrx_word' id='word_1_256' title='bbox 893 2302 1115 2343; x_wconf 87' lang='lat' dir='ltr'>Mulieres</span> <span class='ocrx_word' id='word_1_257' title='bbox 1145 2314 1351 2354; x_wconf 90' lang='lat' dir='ltr'>quoque,</span> <span class='ocrx_word' id='word_1_258' title='bbox 1391 2313 1510 2353; x_wconf 88' lang='lat' dir='ltr'>quae</span> <span class='ocrx_word' id='word_1_259' title='bbox 1547 2301 1636 2341; x_wconf 93' lang='lat' dir='ltr'>hoc</span> <span class='ocrx_word' id='word_1_260' title='bbox 1671 2300 1837 2341; x_wconf 90' lang='lat' dir='ltr'>morbo</span> 
     </span>
     <span class='ocr_line' id='line_1_32' title="bbox 179 2371 1834 2426; baseline -0.001 -14"><span class='ocrx_word' id='word_1_261' title='bbox 179 2373 472 2424; x_wconf 89' lang='lat' dir='ltr'>laborabant,</span> <span class='ocrx_word' id='word_1_262' title='bbox 498 2386 591 2414; x_wconf 92' lang='lat' dir='ltr'>non</span> <span class='ocrx_word' id='word_1_263' title='bbox 612 2374 874 2423; x_wconf 86' lang='lat' dir='ltr'>defuerunt,</span> <span class='ocrx_word' id='word_1_264' title='bbox 898 2374 1147 2426; x_wconf 90' lang='lat' dir='ltr'>quominus</span> <span class='ocrx_word' id='word_1_265' title='bbox 1170 2373 1335 2413; x_wconf 89' lang='lat' dir='ltr'>sordes</span> <span class='ocrx_word' id='word_1_266' title='bbox 1356 2379 1400 2413; x_wconf 92' lang='lat' dir='ltr'>et</span> <span class='ocrx_word' id='word_1_267' title='bbox 1428 2372 1571 2412; x_wconf 87' lang='lat' dir='ltr'>animi</span> <span class='ocrx_word' id='word_1_268' title='bbox 1600 2371 1714 2412; x_wconf 90' lang='lat' dir='ltr'>uitia</span> <span class='ocrx_word' id='word_1_269' title='bbox 1737 2383 1764 2411; x_wconf 92' lang='lat' dir='ltr'>a</span> <span class='ocrx_word' id='word_1_270' title='bbox 1784 2383 1834 2411; x_wconf 92' lang='lat' dir='ltr'>se</span> 
     </span>
     <span class='ocr_line' id='line_1_33' title="bbox 185 2443 1833 2493; baseline -0.001 -9"><span class='ocrx_word' id='word_1_271' title='bbox 185 2444 445 2485; x_wconf 88' lang='lat' dir='ltr'>abiicerent</span> <span class='ocrx_word' id='word_1_272' title='bbox 463 2451 508 2485; x_wconf 94' lang='lat' dir='ltr'>et</span> <span class='ocrx_word' id='word_1_273' title='bbox 525 2457 696 2486; x_wconf 88' lang='lat' dir='ltr'>nouam</span> <span class='ocrx_word' id='word_1_274' title='bbox 711 2446 902 2486; x_wconf 90' lang='lat' dir='ltr'>uiuendi</span> <span class='ocrx_word' id='word_1_275' title='bbox 914 2446 1148 2486; x_wconf 83' lang='lat' dir='ltr'>rationem</span> <span class='ocrx_word' id='word_1_276' title='bbox 1162 2445 1514 2485; x_wconf 87' lang='lat' dir='ltr'>constituerent:</span> <span class='ocrx_word' id='word_1_277' title='bbox 1531 2445 1677 2483; x_wconf 88' lang='lat' dir='ltr'>altera</span> <span class='ocrx_word' id='word_1_278' title='bbox 1695 2443 1833 2493; x_wconf 91' lang='lat' dir='ltr'>enim,</span> 
     </span>
     <span class='ocr_line' id='line_1_34' title="bbox 180 2516 1837 2568; baseline -0.001 -13"><span class='ocrx_word' id='word_1_279' title='bbox 180 2527 300 2567; x_wconf 91' lang='lat' dir='ltr'>quae</span> <span class='ocrx_word' id='word_1_280' title='bbox 323 2517 527 2568; x_wconf 91' lang='lat' dir='ltr'>quinque</span> <span class='ocrx_word' id='word_1_281' title='bbox 545 2528 697 2557; x_wconf 91' lang='lat' dir='ltr'>annos</span> <span class='ocrx_word' id='word_1_282' title='bbox 716 2517 992 2557; x_wconf 86' lang='lat' dir='ltr'>haeresibus</span> <span class='ocrx_word' id='word_1_283' title='bbox 1008 2516 1257 2565; x_wconf 88' lang='lat' dir='ltr'>institerat,</span> <span class='ocrx_word' id='word_1_284' title='bbox 1278 2516 1427 2556; x_wconf 90' lang='lat' dir='ltr'>altera</span> <span class='ocrx_word' id='word_1_285' title='bbox 1445 2526 1557 2555; x_wconf 92' lang='lat' dir='ltr'>uero</span> <span class='ocrx_word' id='word_1_286' title='bbox 1573 2521 1694 2565; x_wconf 91' lang='lat' dir='ltr'>octo,</span> <span class='ocrx_word' id='word_1_287' title='bbox 1713 2525 1837 2566; x_wconf 91' lang='lat' dir='ltr'>quae</span> 
     </span>
     <span class='ocr_line' id='line_1_35' title="bbox 178 2586 1833 2639; baseline -0.001 -13"><span class='ocrx_word' id='word_1_288' title='bbox 178 2598 274 2626; x_wconf 92' lang='lat' dir='ltr'>non</span> <span class='ocrx_word' id='word_1_289' title='bbox 297 2599 465 2639; x_wconf 88' lang='lat' dir='ltr'>parum</span> <span class='ocrx_word' id='word_1_290' title='bbox 488 2588 606 2639; x_wconf 91' lang='lat' dir='ltr'>(Deo</span> <span class='ocrx_word' id='word_1_291' title='bbox 630 2589 803 2639; x_wconf 85' lang='lat' dir='ltr'>gratia)</span> <span class='ocrx_word' id='word_1_292' title='bbox 837 2589 1019 2629; x_wconf 88' lang='lat' dir='ltr'>fructus</span> <span class='ocrx_word' id='word_1_293' title='bbox 1048 2600 1075 2628; x_wconf 94' lang='lat' dir='ltr'>a</span> <span class='ocrx_word' id='word_1_294' title='bbox 1109 2588 1438 2638; x_wconf 83' lang='lat' dir='ltr'>sacramentis,</span> <span class='ocrx_word' id='word_1_295' title='bbox 1475 2598 1595 2638; x_wconf 93' lang='lat' dir='ltr'>quae</span> <span class='ocrx_word' id='word_1_296' title='bbox 1621 2586 1833 2638; x_wconf 91' lang='lat' dir='ltr'>frequen-</span> 
     </span>
     <span class='ocr_line' id='line_1_36' title="bbox 181 2658 1837 2711; baseline -0.001 -14"><span class='ocrx_word' id='word_1_297' title='bbox 181 2663 251 2698; x_wconf 91' lang='lat' dir='ltr'>tat</span> <span class='ocrx_word' id='word_1_298' title='bbox 272 2691 280 2709; x_wconf 92' lang='lat'>,</span> <span class='ocrx_word' id='word_1_299' title='bbox 320 2659 553 2711; x_wconf 87' lang='lat' dir='ltr'>decerpit,</span> <span class='ocrx_word' id='word_1_300' title='bbox 592 2672 619 2699; x_wconf 88' lang='lat' dir='ltr'>a</span> <span class='ocrx_word' id='word_1_301' title='bbox 655 2661 857 2700; x_wconf 89' lang='lat' dir='ltr'>uinculis</span> <span class='ocrx_word' id='word_1_302' title='bbox 892 2659 1069 2700; x_wconf 88' lang='lat' dir='ltr'>inimici</span> <span class='ocrx_word' id='word_1_303' title='bbox 1104 2660 1307 2709; x_wconf 87' lang='lat' dir='ltr'>solutae,</span> <span class='ocrx_word' id='word_1_304' title='bbox 1346 2659 1392 2698; x_wconf 92' lang='lat' dir='ltr'>in</span> <span class='ocrx_word' id='word_1_305' title='bbox 1428 2658 1608 2709; x_wconf 88' lang='lat' dir='ltr'>campis</span> <span class='ocrx_word' id='word_1_306' title='bbox 1644 2662 1837 2697; x_wconf 89' lang='lat' dir='ltr'>sanctae</span> 
     </span>
     <span class='ocr_line' id='line_1_37' title="bbox 179 2727 1836 2782; baseline -0.001 -14"><span class='ocrx_word' id='word_1_307' title='bbox 179 2728 284 2769; x_wconf 86' lang='lat' dir='ltr'>fidei</span> <span class='ocrx_word' id='word_1_308' title='bbox 321 2730 723 2782; x_wconf 84' lang='lat' dir='ltr'>gratulabundae,</span> <span class='ocrx_word' id='word_1_309' title='bbox 754 2732 973 2771; x_wconf 87' lang='lat' dir='ltr'>maximis</span> <span class='ocrx_word' id='word_1_310' title='bbox 1003 2730 1393 2771; x_wconf 88' lang='lat' dir='ltr'>delectationibus</span> <span class='ocrx_word' id='word_1_311' title='bbox 1427 2730 1690 2781; x_wconf 86' lang='lat' dir='ltr'>capiuntur.</span> <span class='ocrx_word' id='word_1_312' title='bbox 1729 2727 1836 2768; x_wconf 87' lang='lat' dir='ltr'>Per-</span> 
     </span>
     <span class='ocr_line' id='line_1_38' title="bbox 180 2799 1837 2854; baseline -0.002 -13"><span class='ocrx_word' id='word_1_313' title='bbox 180 2801 338 2853; x_wconf 92' lang='lat' dir='ltr'>plures</span> <span class='ocrx_word' id='word_1_314' title='bbox 371 2802 559 2842; x_wconf 87' lang='lat' dir='ltr'>fuerunt</span> <span class='ocrx_word' id='word_1_315' title='bbox 581 2813 758 2852; x_wconf 88' lang='lat' dir='ltr'>eorum,</span> <span class='ocrx_word' id='word_1_316' title='bbox 797 2803 875 2854; x_wconf 90' lang='lat' dir='ltr'>qui</span> <span class='ocrx_word' id='word_1_317' title='bbox 906 2803 1082 2842; x_wconf 87' lang='lat' dir='ltr'>nostris</span> <span class='ocrx_word' id='word_1_318' title='bbox 1113 2801 1330 2842; x_wconf 85' lang='lat' dir='ltr'>Patribus</span> <span class='ocrx_word' id='word_1_319' title='bbox 1365 2807 1474 2841; x_wconf 89' lang='lat' dir='ltr'>sunt</span> <span class='ocrx_word' id='word_1_320' title='bbox 1506 2799 1723 2848; x_wconf 89' lang='lat' dir='ltr'>confessi,</span> <span class='ocrx_word' id='word_1_321' title='bbox 1758 2799 1837 2850; x_wconf 94' lang='lat' dir='ltr'>qui</span> 
     </span>
     <span class='ocr_line' id='line_1_39' title="bbox 181 2870 1836 2924; baseline -0.001 -12"><span class='ocrx_word' id='word_1_322' title='bbox 181 2879 291 2922; x_wconf 91' lang='lat' dir='ltr'>tres,</span> <span class='ocrx_word' id='word_1_323' title='bbox 315 2873 393 2924; x_wconf 92' lang='lat' dir='ltr'>qui</span> <span class='ocrx_word' id='word_1_324' title='bbox 415 2878 616 2924; x_wconf 90' lang='lat' dir='ltr'>quatuor</span> <span class='ocrx_word' id='word_1_325' title='bbox 647 2884 797 2913; x_wconf 90' lang='lat' dir='ltr'>annos</span> <span class='ocrx_word' id='word_1_326' title='bbox 831 2874 889 2913; x_wconf 90' lang='lat' dir='ltr'>ab</span> <span class='ocrx_word' id='word_1_327' title='bbox 922 2873 1011 2913; x_wconf 91' lang='lat' dir='ltr'>hoc</span> <span class='ocrx_word' id='word_1_328' title='bbox 1046 2878 1346 2913; x_wconf 88' lang='lat' dir='ltr'>sacramento</span> <span class='ocrx_word' id='word_1_329' title='bbox 1382 2872 1682 2921; x_wconf 88' lang='lat' dir='ltr'>destiterant,</span> <span class='ocrx_word' id='word_1_330' title='bbox 1715 2870 1836 2910; x_wconf 86' lang='lat' dir='ltr'>inter</span> 
     </span>
     <span class='ocr_line' id='line_1_40' title="bbox 179 2942 1834 2996; baseline -0.002 -12"><span class='ocrx_word' id='word_1_331' title='bbox 179 2955 299 2996; x_wconf 90' lang='lat' dir='ltr'>quos</span> <span class='ocrx_word' id='word_1_332' title='bbox 319 2942 406 2984; x_wconf 89' lang='lat' dir='ltr'>fuit</span> <span class='ocrx_word' id='word_1_333' title='bbox 428 2944 611 2994; x_wconf 86' lang='lat' dir='ltr'>mulier,</span> <span class='ocrx_word' id='word_1_334' title='bbox 637 2955 756 2995; x_wconf 90' lang='lat' dir='ltr'>quae</span> <span class='ocrx_word' id='word_1_335' title='bbox 793 2943 841 2984; x_wconf 78' lang='lat'>18</span> <span class='ocrx_word' id='word_1_336' title='bbox 866 2956 1018 2984; x_wconf 90' lang='lat' dir='ltr'>annos</span> <span class='ocrx_word' id='word_1_337' title='bbox 1053 2943 1369 2984; x_wconf 89' lang='lat' dir='ltr'>meretriciam</span> <span class='ocrx_word' id='word_1_338' title='bbox 1404 2942 1674 2983; x_wconf 86' lang='lat' dir='ltr'>foeditatem</span> <span class='ocrx_word' id='word_1_339' title='bbox 1702 2952 1834 2981; x_wconf 88' lang='lat' dir='ltr'>exer-</span> 
     </span>
    </p>
   </div>
  </div>
 </body>
</html>
