2047 3179
865 149 950 186 AN.
980 149 1071 187 1555
1713 151 1786 189 099

146 244 288 295 mino,
313 245 387 285 cui
407 246 656 296 negocium
683 245 807 286 istud
841 250 991 285 totum
1024 245 1293 297 frequenter
1325 247 1709 287 commendamus
1733 254 1778 287 et

146 315 482 356 committimus
505 316 589 356 sub
621 316 819 356 Vestrae
835 315 1139 356 Reuerendae
1160 315 1463 357 Paternitatis
1495 317 1782 368 obedientia„

147 385 210 425 nil
230 385 327 426 fere
348 386 472 426 aliud
493 394 759 438 spectantes
780 394 824 427 et
841 387 1135 438 suspirantes
1151 398 1293 438 quam
1309 387 1469 427 uidere
1491 387 1612 428 diem
1630 388 1773 439 illum,

146 467 240 508 quo
261 456 373 496 nudi
394 456 569 497 nudum
590 457 827 498 Christum
847 458 977 509 sequi
999 458 1256 498 ualeamus.

224 525 296 567 De
317 526 366 567 P.
390 527 629 568 Ursmari¹
651 529 854 580 negotio,
878 529 988 581 quia
1009 529 1217 569 nondum
1237 528 1522 580 expeditum,
1548 534 1774 570 tacemus.

225 595 530 638 Reuerendae
552 598 751 639 Vestrae
772 599 1074 640 Paternitatis
1093 599 1311 651 precibus
1333 605 1377 640 et
1413 598 1657 639 sacrificiis
1692 612 1780 640 nos

143 678 307 708 omnes
326 668 574 719 plurimum
597 670 991 711 commendamus.

226 737 444 790 Tornaci,
469 746 638 780 octauo
662 741 735 781 die
755 740 1032 782 Nouembris
1056 741 1171 781 1555.

411 809 465 852 R.
490 811 549 851 V.
574 811 624 851 P.

677 883 893 924 seruulus
914 883 1105 935 inutilis,

997 1026 1251 1077 QUlNTINUS
1284 1027 1561 1068 CHARLART.

223 1234 577 1287 superscriptio
600 1237 650 1276 in
672 1237 827 1278 altera
841 1239 1050 1290 pagina:
1075 1239 1177 1281 R.d0
1205 1240 1253 1281 in
1287 1240 1472 1283 Christo
1508 1241 1650 1292 Patri,
1679 1241 1771 1282 Do-

140 1305 267 1345 mino
287 1306 347 1348 M.
367 1306 549 1356 Ignatio
568 1307 624 1348 de
641 1307 820 1358 Loiola‚
840 1310 1114 1362 Praeposito
1138 1311 1358 1353 Generali
1376 1311 1625 1353 Societatis
1642 1312 1768 1366 Jesu,

143 1374 337 1417 Romae.

219 1446 331 1486 Alia
365 1459 528 1488 maim:
554 1448 668 1490 1555.
708 1450 925 1492 Tornaci.
950 1451 1198 1503 Quintinus
1220 1454 1446 1496 Charlant
1467 1455 1591 1506 (sic).
1616 1454 1760 1508 5(sic)

140 1515 435 1559 Nouembris.

219 1588 284 1629 Et
305 1589 419 1630 alia:
461 1589 636 1642 Questo
659 1595 682 1632 e
704 1598 826 1633 stato
849 1595 926 1634 un'
951 1594 1122 1636 huomo
1140 1603 1290 1637 santo.

235 1660 497 1712 Vestigium
520 1672 652 1702 cerae
672 1663 843 1714 sigilli.

197 1819 208 1840 ¹
248 1819 363 1848 Patris
377 1821 535 1850 Ursmari
551 1821 718 1858 Goysson.
