2047 3179
854 148 937 186 AN.
967 147 1055 185 1501,
1701 146 1771 184 693

387 473 670 501 Praecedentium
685 472 850 508 Stephani
866 471 1014 499 Baroe'lli
1036 471 1227 499 litterarum
1243 472 1354 499 latina
1379 471 1491 498 versio
1508 470 1529 498 ¹.

846 687 1057 793 JhS.-¹-M.a

221 882 320 923 Pax
336 882 409 923 X.i

219 953 318 994 Rde
346 954 499 994 Pater:
523 954 680 994 Pauca
704 965 730 994 a
750 954 884 994 nobis
904 953 1111 994 Mutinae
1133 957 1325 1004 peracta
1346 951 1550 991 breuiter
1582 950 1664 991 tibi
1693 962 1768 990 ex-

139 1025 452 1075 plicabuntur.
488 1024 613 1065 Inter
647 1030 845 1065 matrem
879 1030 923 1064 et
949 1023 1091 1064 filiam
1118 1035 1173 1063 ac
1205 1033 1432 1074 generum
1462 1021 1578 1062 adeo
1605 1021 1768 1072 grauis

137 1096 378 1136 inimicitia
400 1102 516 1145 erat,
540 1102 591 1136 vt
611 1097 735 1136 mala
756 1107 875 1135 vnus
898 1101 1062 1135 contra
1083 1094 1223 1134 alium
1244 1093 1476 1145 cogitaret
1492 1092 1522 1143 ἢ
1546 1092 1670 1144 quod
1688 1103 1767 1131 au-

136 1166 268 1207 diens
290 1168 407 1206 alter
430 1167 622 1207 Patrum
643 1166 794 1218 primo
830 1165 992 1205 vocari
1023 1163 1153 1216 jubet
1187 1170 1398 1213 matrem,
1436 1163 1603 1204 deinde
1630 1173 1766 1213 gene-

136 1249 255 1288 rum,
279 1243 323 1277 et
345 1237 517 1277 auditis
539 1237 763 1289 partibus,
789 1237 1019 1288 simulque
1040 1242 1177 1276 vtens
1200 1235 1375 1276 auxilio
1398 1234 1550 1275 curati
1576 1233 1766 1274 tandem

135 1308 255 1348 inter
277 1319 372 1359 eos,
397 1307 498 1348 Deo
521 1308 724 1358 fauente,
747 1319 841 1359 pax
862 1307 1122 1358 composita
1142 1312 1227 1346 est.

215 1378 542 1419 Confessarius
563 1390 621 1418 ex
642 1379 816 1419 nostris
837 1384 1035 1418 vocatus
1056 1384 1106 1417 vt
1128 1377 1352 1417 inuiseret
1375 1376 1624 1428 quemdam
1648 1385 1764 1415 mer·

134 1455 344 1490 catorem
362 1461 633 1502 pauperem,
657 1449 794 1490 ualde
815 1449 1047 1489 infirmum
1068 1460 1161 1489 non
1188 1449 1338 1488 solum
1374 1448 1586 1499 corporis
1621 1446 1702 1487 sed
1721 1453 1766 1486 et

133 1521 334 1572 animae,
359 1527 608 1573 propterea
630 1520 755 1572 quod
774 1532 867 1560 non
888 1520 1040 1560 fuerat
1071 1519 1313 1560 confessus
1342 1519 1389 1559 in
1421 1518 1662 1570 paschate,
1685 1518 1764 1557 ha-

132 1592 247 1632 bens
265 1592 421 1632 odium
443 1591 670 1632 aduersus
691 1591 953 1643 quemdam,
979 1597 1021 1631 et
1043 1590 1259 1642 cupiebat
1280 1602 1329 1630 se
1352 1590 1606 1637 vindicare,
1633 1589 1671 1629 si
1694 1599 1764 1628 so-

133 1663 228 1703 lum
249 1663 490 1714 potuisset;
515 1663 596 1703 sed
619 1674 702 1714 per
725 1661 938 1702 eumdem
959 1661 1279 1702 confessorem
1299 1661 1516 1701 inductus
1533 1667 1604 1700 est
1624 1660 1684 1700 ad
1701 1659 1762 1699 fa·

133 1734 349 1774 ciendam
368 1746 548 1785 pacem,
573 1740 631 1784 et,
651 1733 852 1784 receptis
869 1733 1179 1773 sanctissimis
1196 1732 1519 1781 sacramentis,
1542 1731 1764 1782 migrauit

134 1804 193 1845 ad
214 1804 487 1845 Dominum.
512 1804 612 1855 Qua
635 1805 690 1844 de
712 1816 761 1844 re
784 1810 934 1844 motus
955 1804 1053 1844 eius
1089 1804 1250 1853 frater,
1286 1803 1364 1854 qui
1398 1808 1499 1842 erat
1521 1808 1565 1842 et
1596 1803 1695 1853 ipse
1716 1802 1763 1841 in

131 1876 297 1916 eodem
317 1884 525 1927 peccato,
551 1882 594 1916 et
616 1875 833 1915 inductus
853 1887 936 1926 per
957 1874 1169 1914 eumdem
1197 1874 1373 1914 dictum
1401 1872 1758 1922 confessarium,

131 1946 371 1987 confessus
393 1954 477 1987 est.
503 1946 631 1987 Ciuis
666 1946 855 1998 quidam
889 1952 1143 1996 aegrotans
1169 1945 1393 1985 accersiri
1419 1943 1549 1995 jubet
1579 1943 1760 1983 confes·

130 2029 286 2058 sorem
307 2029 366 2058 ex
387 2018 574 2068 nostris,
602 2028 708 2057 cum
728 2028 818 2068 quo
852 2016 961 2056 fecit
996 2016 1355 2066 confessionem,
1392 2021 1436 2055 et
1466 2014 1666 2066 receptis
1689 2026 1758 2054 sa-

130 2089 384 2129 cramentis
406 2088 753 2137 ecclesiasticis,
778 2087 889 2127 obiit
912 2086 1035 2127 diem
1052 2098 1201 2126 suum.

207 2159 303 2200 Nec
324 2165 367 2199 te
388 2160 533 2200 latere
555 2159 691 2199 debet
713 2159 768 2199 de
791 2170 987 2199 romano
1008 2158 1099 2208 illo,
1125 2158 1200 2198 cui
1225 2157 1413 2197 nomine
1440 2161 1540 2196 erat
1569 2155 1760 2207 Stepha-

127 2242 215 2271 nus
250 2230 506 2280 Cardenus,
532 2230 610 2282 qui
643 2230 781 2281 graui
815 2230 977 2270 morbo
1015 2228 1223 2279 affectus,
1257 2228 1321 2271 ita
1356 2227 1414 2267 ad
1450 2239 1531 2268 cor
1554 2227 1689 2267 rediit
1710 2233 1761 2266 vt

127 2313 269 2353 saepe
288 2303 557 2353 loqueretur
579 2301 634 2341 de
656 2301 744 2341 Dei
766 2300 1089 2341 misericordia
1112 2300 1198 2340 sibi
1214 2312 1241 2339 a
1267 2299 1367 2339 Deo
1389 2300 1529 2348 facta,
1563 2304 1607 2338 et
1638 2298 1762 2337 adhi-

125 2373 221 2413 bita
243 2372 453 2423 diligenti
470 2384 582 2412 cura
603 2384 629 2411 a
646 2371 784 2412 Patre
805 2377 979 2422 nostro,
1004 2383 1205 2422 quocum
1223 2370 1470 2421 aliquoties
1487 2376 1556 2410 est
1580 2369 1761 2409 confes-

126 2456 220 2493 sus,
252 2443 569 2484 sacrosanctis
592 2443 901 2483 sacramentis
923 2443 1127 2483 munitus
1145 2441 1426 2482 obdormiuit
1457 2441 1503 2480 in
1540 2440 1757 2481 Domino.

206 2504 294 2555 Vir
315 2515 518 2566 quidam,
542 2514 621 2565 qui
644 2526 735 2554 Vna
758 2525 863 2554 cum
886 2513 1076 2553 muliere
1099 2514 1144 2553 in
1165 2519 1359 2564 peccato
1387 2511 1573 2551 mortali
1604 2509 1758 2562 jacue-

125 2593 198 2626 rat
219 2585 245 2625 8
264 2587 340 2625 vel
359 2585 383 2625 9
403 2586 554 2635 annis,
578 2585 837 2636 praemissa
858 2584 1154 2624 confessione
1176 2583 1308 2624 duxit
1338 2594 1442 2623 eam
1464 2583 1510 2622 in
1543 2592 1756 2630 uxorem3

122 2662 368 2708 praeterea
390 2656 499 2696 data
520 2661 627 2695 sunt
649 2655 873 2695 exercitia
891 2654 1050 2706 juueni
1067 2655 1298 2694 bonarum
1314 2654 1533 2705 partium,
1558 2652 1758 2704 quicum

179 2769 189 2788 ¹
230 2767 365 2802 Duplex
392 2771 444 2794 est
469 2766 592 2794 harum
614 2766 811 2794 litterarum
837 2766 1026 2800 exemplum
1052 2765 1317 2800 autographum.
1339 2765 1491 2792 Primum
1509 2764 1539 2792 in
1556 2764 1635 2791 folio
1659 2764 1756 2792 unico

123 2823 154 2842 n.
171 2815 231 2847 169,
248 2815 279 2842 in
297 2822 361 2849 quo
377 2814 545 2849 quaedam
561 2814 711 2840 subdidit
733 2821 835 2841 manu
854 2813 994 2848 propria
1010 2812 1045 2841 P.
1062 2812 1210 2846 Joannes
1229 2812 1277 2839 Le
1293 2812 1467 2846 Pellenen
1490 2815 1587 2839 caret
1609 2811 1756 2839 subscri-

123 2863 249 2897 ptione.
267 2862 468 2895 Secundum,
484 2861 518 2888 in
532 2861 612 2888 folio
630 2861 735 2888 etiam
748 2861 859 2895 unico,
874 2861 965 2888 nullo
980 2867 1120 2888 numero
1136 2860 1345 2892 distinctum,
1362 2863 1457 2887 caret
1469 2859 1521 2886 his
1536 2866 1556 2886 a
1569 2859 1604 2887 P.
1618 2859 1664 2886 Le
1686 2859 1757 2886 Pel-

124 2910 224 2938 letier
239 2909 376 2939 additis.
391 2910 449 2936 scd
467 2908 795 2942 superscriptionem
810 2908 991 2942 quamdam
1006 2908 1122 2942 habet,
1142 2915 1243 2942 quam
1254 2907 1343 2934 infra
1360 2907 1638 2934 transcribemus.

177 2956 191 2975 2
230 2957 500 2984 machinaretur
516 2956 621 2983 habet
636 2956 783 2983 alterum
799 2956 999 2990 exemplum.
