2047 3179
872 122 954 159 AN.
988 122 1077 158 1555
1722 120 1791 158 487

158 219 206 258 in
229 220 343 259 locis
365 219 524 259 datum
556 226 640 269 est,
664 229 835 269 magna
859 224 902 257 et
929 217 1160 257 charitate
1180 223 1224 256 et
1247 216 1334 256 fide
1356 227 1439 255 suo
1463 227 1654 255 munere
1681 221 1788 255 sunt

157 288 317 330 functi.
342 289 457 330 Sunt
479 290 668 341 quidam
689 289 830 329 etiam
850 288 943 333 alii,
968 287 1044 339 qui
1066 287 1161 326 suis
1182 287 1392 338 pecuniis
1415 292 1594 337 emptos
1617 288 1787 326 multos

156 372 303 411 panes
324 360 369 400 in
391 361 571 400 uicinos
593 371 742 412 pagos
763 366 806 400 et
829 359 998 410 oppida
1022 364 1281 410 asportant,
1314 368 1486 408 eosque
1508 358 1657 407 gratis
1679 369 1787 408 pau-

156 431 346 482 peribus
367 431 654 482 dispensant:
679 444 736 471 ex
764 442 854 482 quo
885 430 933 469 fit
955 436 1003 469 ut
1026 429 1239 480 corporis
1266 434 1310 467 et
1338 428 1521 467 animae
1549 428 1787 467 interitum

157 502 286 542 multi
309 502 525 542 euadant.

235 572 393 612 Habes
414 573 658 613 charitatis
679 572 908 623 exempla,
934 583 1058 611 nunc
1087 570 1339 622 patientiae
1367 568 1684 609 testimonium
1714 580 1784 608 ac-

156 644 271 696 cipe.
297 643 578 684 Accesserat
600 643 767 683 nobilis
789 642 977 694 quidam
999 642 1084 691 uir,
1105 641 1186 681 sed
1208 653 1320 680 sane
1338 641 1582 691 superbus,
1607 639 1653 678 in
1670 650 1785 678 mer-

155 715 330 755 catoris
351 715 593 754 cuiusdam
614 715 817 764 domum,
841 714 897 753 ab
919 725 972 753 eo
995 713 1153 752 nescio
1182 723 1298 763 quas
1321 718 1561 762 empturus
1589 721 1785 749 merces:

155 798 181 825 a
203 797 293 836 quo
311 786 512 837 pretium
529 797 635 825 cum
652 785 1003 835 interrogasset,
1024 795 1164 835 quam
1180 783 1328 834 potuit
1351 783 1423 821 ille
1446 782 1602 821 uerbis
1624 780 1784 820 humil-

153 856 274 896 limis
295 856 568 896 satisfacere
591 863 787 896 conatus
808 862 900 895 est:
924 866 1088 894 verum
1110 860 1290 893 tantam
1311 865 1403 892 non
1426 864 1593 904 passus
1622 851 1691 891 uir
1714 862 1781 890 ar-

153 927 514 977 rogantissimus
536 927 913 977 submissionem,
937 926 1016 965 uix
1037 925 1240 964 serendis
1262 925 1388 963 illum
1410 923 1590 963 iniuriis
1609 922 1778 968 affecit,

155 1009 209 1038 ac
242 997 526 1049 turpissimis
561 999 709 1049 sputis
744 998 865 1037 illius
900 999 1079 1037 uultum
1119 995 1400 1046 deturpauit,
1443 994 1566 1045 quod
1605 1000 1784 1033 tantum

156 1069 287 1108 abest
309 1076 357 1108 ut
380 1070 572 1109 moleste
594 1069 896 1120 grauiterque
919 1068 992 1107 ille
1015 1068 1185 1116 tulerit,
1219 1074 1267 1106 ut
1289 1072 1476 1117 praeter
1506 1065 1552 1104 id
1583 1065 1695 1104 nihil
1716 1076 1784 1104 re-

153 1139 394 1191 sponderit
416 1140 555 1180 aliud:
586 1141 781 1180 libenter
809 1141 897 1180 hoc
926 1140 1104 1190 (inquit)
1140 1146 1183 1178 et
1213 1139 1395 1178 maiora
1422 1139 1566 1176 multa
1594 1135 1784 1176 Domini

153 1211 245 1251 mei
259 1210 370 1263 Jesu
388 1210 560 1251 Christi
577 1222 737 1251 amore
755 1210 990 1250 sufferam.
1007 1209 1245 1250 Succurrit
1262 1216 1306 1248 et
1322 1208 1447 1248 aliud
1463 1220 1556 1247 non
1573 1207 1680 1246 huic
1696 1206 1783 1246 dis-

152 1282 302 1322 simile
324 1283 589 1332 exemplum
612 1282 803 1321 alterius
832 1281 1088 1326 cuiusdam,
1113 1281 1190 1331 qui
1212 1287 1256 1319 et
1286 1280 1385 1331 ipse
1420 1285 1581 1318 nostro
1612 1278 1783 1328 templo

154 1360 223 1392 est
246 1352 611 1403 addictissimus,
635 1353 708 1392 cui
737 1364 841 1392 cum
870 1359 991 1392 esset
1013 1363 1118 1392 cum
1149 1351 1290 1391 nobili
1318 1350 1520 1401 quodam
1549 1349 1648 1388 uiro
1672 1347 1778 1388 iudi-

153 1424 225 1464 cio
248 1423 597 1473 decertandum,
623 1430 874 1475 antequam
896 1422 1061 1462 iudicis
1079 1428 1382 1473 conspectum
1400 1421 1596 1470 adirent,
1622 1420 1692 1459 vir
1709 1420 1783 1459 illc

152 1494 335 1545 nobilis,
368 1501 467 1534 tum
488 1495 611 1546 quod
633 1506 681 1534 se
703 1495 873 1534 iniuria
895 1494 1164 1533 lacessitum
1192 1493 1496 1541 existimaret,
1522 1499 1619 1531 tum
1640 1490 1783 1530 maxi-

157 1577 231 1605 me
253 1565 375 1617 quod
398 1566 527 1605 illum
548 1577 572 1605 e
593 1571 753 1605 nostro
777 1576 877 1604 esse
899 1576 1092 1604 numero
1114 1564 1433 1613 intellexisset,
1459 1561 1783 1614 spectantibus

154 1637 381 1688 plurimis,
406 1637 453 1676 in
474 1637 537 1687 pii
558 1636 647 1676 uiri
668 1642 987 1687 contemptum
1008 1635 1162 1685 coepit
1192 1635 1486 1685 interrogare
1509 1633 1749 1673 Nicolinus
1774 1632 1782 1650 ยน

153 1720 209 1748 ne
231 1708 373 1748 esset?
395 1708 478 1758 (sic
500 1707 622 1747 enim
643 1713 830 1747 nostros
847 1707 912 1746 illi
934 1707 1184 1758 appellant,
1210 1705 1287 1757 qui
1302 1705 1455 1745 minus
1473 1716 1586 1755 erga
1604 1715 1690 1743 nos
1707 1715 1783 1743 no-

152 1786 371 1830 stiaeque
402 1778 653 1819 Societatis
683 1789 825 1829 opera
853 1777 970 1817 bene
999 1784 1104 1817 sunt
1127 1776 1312 1826 affecti),
1343 1776 1584 1827 respondit
1614 1775 1703 1824 ille,
1737 1780 1784 1813 ut

151 1861 379 1901 syncerus
400 1855 501 1889 erat
521 1849 592 1888 uir
614 1855 658 1888 et
680 1848 876 1898 integer:
900 1848 1081 1888 vtinam
1110 1847 1290 1899 (inquit)
1314 1859 1423 1887 uere
1451 1846 1694 1886 Nicolinus
1718 1856 1784 1885 es-

151 1933 263 1962 sem.
287 1920 350 1962 At
373 1921 463 1960 ille:
483 1926 532 1960 tu
553 1919 821 1959 huiusmodi
842 1931 949 1959 cum
969 1919 1048 1969 sis,
1073 1930 1226 1958 nonne
1249 1930 1365 1969 quos
1386 1918 1643 1967 infringam
1665 1918 1782 1956 cola-

149 1993 282 2044 phos,
307 1998 386 2032 aut
406 2002 605 2043 pugnOS,
630 2001 779 2041 aequo
801 1990 957 2030 animo
975 1990 1271 2041 perpetieris?
1293 1988 1562 2040 Cogebatur
1585 1999 1712 2038 sane,
1737 1988 1783 2027 11-

150 2069 223 2104 cet
243 2063 315 2103 uir
336 2062 529 2114 perditis
553 2061 774 2111 moribus,
807 2072 910 2100 eam
932 2060 1143 2101 confiteri
1164 2059 1403 2110 Nicolinis,
1424 2071 1565 2110 quam
1580 2070 1674 2098 non
1691 2059 1784 2098 lau-

153 2135 311 2184 dabat,
344 2134 496 2173 inesse
530 2133 766 2172 uirtutem.
805 2131 883 2171 Ille
918 2142 1047 2182 uero,
1084 2131 1315 2171 submisse
1350 2131 1653 2181 respondens,
1692 2141 1784 2169 non

151 2206 271 2246 haec
295 2205 473 2256 (inquit)
494 2204 647 2253 modo,
681 2203 762 2243 sed
783 2210 828 2243 et
849 2203 921 2242 his
942 2204 1091 2254 plura,
1117 2202 1276 2242 diuina
1303 2202 1474 2252 gratia,
1505 2213 1577 2240 me
1599 2212 1783 2252 perpes-

151 2288 314 2317 surum
335 2287 487 2327 spero.
523 2274 711 2326 Vixque
734 2286 788 2313 ea
815 2274 1013 2323 dixerat,
1047 2286 1102 2314 ac
1130 2273 1480 2313 crudelissimas
1509 2272 1583 2311 ille
1605 2272 1652 2311 in
1679 2283 1785 2311 eum

152 2348 310 2388 iniecit
331 2357 512 2395 manus,
537 2352 580 2385 et
601 2345 772 2396 pugnis
792 2345 1001 2395 grauiter
1022 2344 1237 2384 caecidit.
1260 2343 1351 2384 Sed
1372 2355 1426 2382 eo
1452 2343 1526 2383 hic
1548 2343 1704 2382 mitius
1727 2345 1784 2382 le-

149 2419 346 2470 niusque
367 2428 646 2469 responsum
668 2416 881 2466 reddidit,
906 2428 995 2468 quo
1018 2417 1092 2456 ille
1113 2417 1265 2467 magis
1286 2416 1333 2455 in
1354 2427 1460 2455 eum
1480 2415 1780 2454 insaeuierat.

150 2489 306 2541 Quare
319 2501 388 2539 ea,
405 2500 496 2540 qua
509 2494 610 2528 erat
627 2488 997 2538 mansuetudine,
1018 2487 1323 2539 respondens,
1339 2486 1469 2526 dixit:
1488 2485 1647 2537 quidni
1666 2487 1783 2525 haec

147 2572 232 2613 pro
254 2559 438 2600 Christo
461 2559 698 2599 leuissima
720 2558 888 2609 patiar,
913 2560 990 2609 qui
1013 2570 1096 2610 pro
1118 2570 1190 2597 me
1212 2557 1418 2598 maxima
1440 2557 1681 2596 sustinuit?

227 2631 299 2671 Ex
320 2631 391 2670 his
419 2631 556 2681 plane
578 2630 755 2681 paucis,
790 2630 1005 2681 quamuis
1035 2629 1209 2680 reliqua
1244 2628 1426 2668 silentio
1461 2628 1780 2677 inuoltzantur,

146 2703 242 2743 iam
271 2702 386 2742 satis
416 2702 522 2741 licet
549 2701 810 2752 intelligere
840 2708 1040 2751 quantus
1067 2701 1126 2740 sit
1156 2700 1411 2751 spiritualis
1439 2699 1701 2739 animarum
1734 2698 1781 2738 in

145 2774 348 2814 Domino
394 2772 589 2812 fructus.
631 2771 706 2811 Ad
748 2771 1023 2822 religionem
1063 2783 1174 2811 uero
1222 2778 1431 2811 nostram
1473 2769 1780 2821 aspirantium

200 2887 207 2904 ยน
249 2885 377 2912 Nomen
398 2884 523 2911 nostris
544 2882 819 2910 Messanensibus
843 2883 1017 2918 impictun
1043 2891 1093 2916 eo,
1118 2888 1154 2911 ut
1176 2883 1323 2916 videtur,
1347 2883 1433 2917 quod
1457 2883 1630 2916 templum,
1647 2889 1711 2916 quo
1736 2879 1780 2908 ad

149 2932 340 2961 ministeria
354 2933 551 2965 utebantur,
569 2930 694 2958 Sancto
710 2930 850 2958 Nicolao
866 2938 1002 2958 sacrum
1017 2935 1101 2958 erat.
