2047 3179
228 156 299 194 600
743 159 969 198 LirTEuAE
998 172 1356 205 QUADmMEsTREs

230 254 306 294 dio
327 255 465 296 huius
487 256 654 303 Patris.
680 270 773 299 non
794 260 945 299 solum
967 271 1085 309 eam,
1104 260 1196 300 imo
1217 261 1380 300 vitium
1403 260 1659 299 detestatus
1678 266 1761 307 cst3
1786 261 1866 299 sed

231 337 336 366 cum
357 328 559 379 primum
580 330 724 381 licuit,
748 331 902 382 patria
925 331 1080 371 cessit:
1103 343 1189 371 nec
1208 331 1252 371 id
1269 331 1454 371 demum
1472 331 1865 382 praetereundum

230 398 406 448 censui,
430 401 583 450 puella
605 402 729 442 enim
752 402 982 454 quaedam
1003 402 1225 442 ardenter
1247 402 1463 453 cupiebat
1484 409 1758 453 perpetuam
1780 402 1868 441 vir-

229 472 477 522 ginitatem
497 472 598 512 Deo
616 484 912 524 consecrare,
933 485 1073 525 quam
1088 481 1309 524 parentes·
1326 474 1617 513 conabantur
1634 479 1864 521 avertere,

231 550 278 582 at
299 542 377 582 illa
398 543 521 584 hunc
543 551 724 596 patrem
746 545 1038 596 spiritualem
1060 546 1309 593 consuluit,
1335 553 1378 585 et
1400 545 1500 585 eius
1521 544 1625 584 fidei
1647 557 1697 584 se
1719 544 1866 584 credi-

230 615 312 664 dit,
333 627 451 668 quae
467 623 646 667 postea,
671 617 877 657 omnium
899 623 1145 668 parentum
1163 628 1412 667 consensu,
1430 616 1554 668 quod
1571 616 1698 667 prius
1713 616 1867 655 animo

231 687 521 738 decreuerat,
546 688 856 728 confirmauit.

310 759 484 800 Rector
506 760 716 811 Collegii,
741 766 791 800 vt
813 760 1042 800 hactenus
1064 760 1322 806 consueuit.
1350 760 1397 799 in
1419 759 1635 800 doctrina
1657 759 1868 799 christia-

231 843 290 871 na
312 839 602 882 perseuerat,
626 842 800 882 magno
823 831 1091 872 auditorum
1117 832 1346 883 applausu
1369 837 1414 872 et
1437 831 1699 871 animorum
1719 831 1869 882 profe-

231 909 325 954 ctu,
350 903 428 955 qui
453 903 592 943 etiam
613 902 784 942 fratres
813 902 933 942 mira
961 902 1242 943 dexteritate
1269 902 1446 953 dirigit3
1476 909 1644 943 cuncta
1673 902 1869 953 denique

231 975 372 1024 domi,
396 986 451 1014 ac
486 974 615 1024 foris,
650 973 896 1024 industria,
931 980 1070 1026 atque
1098 974 1344 1025 sapientia,
1378 974 1625 1025 ponderat,
1649 973 1868 1025 disponit.

231 1047 611 1097 moderaturque:
635 1045 786 1098 qualis
808 1045 966 1097 itaque
989 1046 1062 1086 vir
1083 1046 1157 1096 sit,
1181 1046 1296 1086 satis
1318 1052 1608 1097 compertum
1637 1051 1707 1085 est
1728 1045 1870 1086 omni-

230 1119 330 1159 bus.
354 1118 604 1158 Praeterea
627 1118 747 1157 alius
768 1116 923 1165 Pater,
943 1118 1021 1169 qui
1043 1117 1307 1158 doctrinam
1323 1118 1535 1169 paruulis
1552 1117 1777 1167 cantillat,
1797 1117 1870 1156 de-

231 1197 386 1231 tentos
408 1190 453 1229 in
477 1200 669 1229 carcere
690 1189 854 1229 diebus
874 1188 1006 1229 festis
1023 1201 1123 1229 eam
1145 1189 1297 1240 docet,
1316 1200 1374 1229 ex
1391 1200 1482 1240 quo
1499 1188 1765 1228 vberrimus
1781 1187 1871 1228 fru-

231 1267 335 1302 ctus
359 1261 610 1312 colligitur,
635 1259 770 1301 ludos
791 1260 960 1312 quibus
982 1260 1277 1300 oblectantur
1297 1260 1527 1312 prohibet,
1544 1258 1811 1310 juramenta
1828 1267 1872 1299 et

233 1333 585 1373 maledictiones
616 1339 754 1383 atque
781 1332 988 1373 conuitia
1017 1331 1341 1383 reprehendit:
1375 1331 1518 1383 aliqui
1546 1342 1707 1371 eorum
1736 1330 1871 1370 confi-

235 1410 406 1455 tentur;
431 1404 591 1444 tribuit
615 1405 702 1444 illis
725 1403 923 1444 Rosaria
940 1403 1156 1454 Virginis
1178 1402 1371 1453 Mariae3
1396 1415 1476 1443 eos
1497 1402 1684 1443 demum
1707 1402 1871 1448 modis,

233 1476 401 1528 quibus
422 1482 590 1528 potest,
615 1476 674 1515 ad
697 1475 972 1526 patientiam
993 1481 1274 1525 commouet,
1304 1481 1348 1515 et
1369 1475 1562 1514 solatur.
1590 1473 1729 1514 Modo
1752 1473 1874 1513 insu-

233 1559 317 1600 per
349 1547 473 1599 apud
504 1558 590 1587 nos
623 1554 718 1587 tres
748 1546 794 1586 in
827 1546 1161 1586 exercitiorum
1200 1552 1471 1586 nostrorum
1504 1546 1741 1596 palaestra
1773 1555 1877 1584 sese

233 1625 471 1659 exercent.
496 1617 602 1658 Duo
626 1625 872 1669 praeterea
903 1617 1174 1658 sacerdotes
1204 1617 1398 1658 iuuenes
1426 1615 1652 1658 Societati
1683 1616 1875 1666 adiungi

233 1696 473 1742 exoptant.

316 1761 445 1802 Haec
467 1768 589 1812 sunt,
605 1761 658 1802 R.
681 1760 745 1809 R,
767 1761 934 1813 quibus
951 1771 1253 1812 occupamur;
1274 1760 1320 1800 in
1338 1759 1714 1800 confessionibus
1735 1759 1877 1799 etiam

237 1833 497 1884 audiendis,
522 1840 620 1873 tum
643 1833 782 1883 domi,
807 1833 852 1872 in
875 1833 1075 1883 templis,
1101 1838 1239 1884 atque
1263 1832 1309 1871 in
1331 1831 1529 1883 priuatis
1547 1831 1756 1881 aedibus3
1779 1841 1879 1870 cre-

237 1906 325 1946 scit
348 1905 546 1957 denique
576 1906 622 1945 in
654 1905 754 1945 dies
783 1915 1006 1945 numerus
1035 1903 1499 1944 communicantium.
1532 1902 1674 1942 Hisce
1702 1908 1746 1942 et
1776 1901 1880 1942 aliis

238 1977 528 2025 huiusmodi,
571 1988 691 2027 quae
730 1976 949 2028 persequi
984 1975 1219 2024 desinam,
1263 1985 1572 2026 occupamur,
1616 1980 1754 2025 atque
1793 1985 1880 2013 nos

237 2060 416 2099 omnes,
439 2056 489 2088 vt
512 2050 651 2099 longe
683 2048 755 2088 his
775 2048 1003 2099 graviora
1025 2046 1377 2098 aggrediamur,
1403 2045 1620 2096 precibus
1641 2044 1694 2085 R.
1727 2044 1868 2084 V.“a0

236 2121 489 2173 plurimum
510 2120 911 2160 commendamus.
936 2118 1070 2159 Vale.

401 2192 668 2242 Valentiae,
695 2190 891 2231 Kalend.
916 2189 1203 2242 Septembris
1225 2190 1338 2229 1555.

775 2262 831 2302 R.
856 2261 996 2302 Vssfae
1022 2261 1198 2301 inutilis
1220 2272 1400 2310 seruus,

1266 2403 1513 2444 ALFONSUS
1542 2403 1772 2448 LocANus.

328 2623 389 2663 In
410 2623 617 2662 secunda
633 2621 824 2673 pagiua
844 2621 957 2661 llaec
976 2624 1164 2661 lautum
1185 2620 1437 2670 leguntur,
1454 2618 1549 2658 alsa
1568 2621 1724 2657 tamen
1741 2627 1883 2655 mann

250 2698 476 2734 exarata:
501 2695 616 2735 1555.
640 2692 877 2734 Valentia.
903 2691 1282 2743 Quadrimestres
1303 2690 1361 2742 p.i
1390 2689 1690 2742 Septembris.
