2047 3179
177 157 250 194 23⁴
694 159 923 197 LITTERAE
951 171 1311 204 QUADRIMESTRES

181 259 309 294 ctum
329 261 679 296 sacramentum
701 257 955 308 excipiunt.
988 258 1101 298 Eius
1136 257 1387 299 Societatis
1420 257 1647 309 praefecti
1667 259 1832 309 pueris

181 325 452 366 necessaria
475 326 789 379 suppeditant,
828 329 953 380 quod
981 328 1040 368 ad
1069 341 1240 380 corpus
1262 329 1441 368 attinet.
1466 328 1645 379 Quibus
1666 340 1834 381 regen-v

181 395 254 436 dis
275 396 504 446 praefecit
526 396 586 437 D.
611 398 875 439 Cardinalis
894 399 1141 451 quemdam
1158 398 1466 450 sacerdotem,
1485 406 1836 452 curaturusque

182 473 254 507 est
278 474 329 508 vt
352 480 379 508 a
401 468 660 509 Visitatore
683 469 934 510 Ordinario
958 470 1209 522 quotannis
1245 471 1522 511 inuisantur.
1560 471 1629 511 Ita
1649 471 1827 512 factum

183 544 253 578 est
275 545 327 579 vt
349 546 393 579 et
414 551 671 591 puerorum
693 541 859 581 domus
881 548 924 581 et
941 541 1153 582 Societas
1175 541 1431 582 Charitatis
1457 542 1574 582 bene
1606 543 1828 583 constitu-

187 617 264 650 tae
286 609 477 651 fuerint.

263 680 511 734 Praecepit
538 682 596 723 D.
622 683 887 724 Cardinalis
909 683 1065 724 Fratri
1086 683 1328 724 Ludouico
1357 683 1655 735 Granatensi,
1681 685 1758 737 qui
1779 696 1840 725 se-

184 753 483 804 sequebatur,
504 759 554 794 vt
571 754 755 805 publice
774 754 1125 794 commendaret
1140 753 1422 795 Societatem
1439 756 1838 808 suprascriptam,

182 835 296 875 prae
317 835 367 864 se
387 824 544 865 ferens
567 837 670 865 eam
700 837 799 865 rem
829 825 973 865 fuisse
998 826 1320 876 gratissimam
1349 826 1452 867 sibi.
1486 826 1665 878 Quibus
1688 828 1841 868 rebus.

184 895 487 936 vehementer
510 897 747 937 excultum
769 896 1158 949 aedificatumque
1180 902 1250 937 est
1271 898 1507 949 oppidum.
1532 898 1727 939 Curauit
1749 899 1828 939 ibi-

188 965 294 1006 dem
316 967 458 1007 etiam
493 967 542 1008 P.
580 966 768 1019 M[iron]
792 968 922 1008 iussu
943 968 1000 1008 D.
1026 968 1304 1020 Cardinalis,
1335 975 1386 1009 vt
1407 970 1613 1010 redirent
1640 971 1837 1022 quidam¹

188 1037 237 1077 in
258 1038 480 1089 gratiam.

265 1108 351 1149 His
382 1110 446 1149 ita
474 1111 762 1161 constitutis,
786 1111 953 1152 subitis
984 1112 1243 1163 angoribus
1270 1112 1539 1164 frigoreque
1568 1118 1833 1164 correptus,

188 1179 467 1233 P.M[i1·0n]
503 1181 550 1221 in
582 1181 747 1222 febrim
778 1182 960 1234 incidit,
995 1183 1121 1223 vnde
1155 1183 1300 1224 iacuit
1327 1184 1562 1224 nonnullis
1597 1184 1758 1224 diebus
1785 1184 1834 1224 in

185 1251 308 1292 lecto
330 1252 378 1292 in
398 1253 707 1304 xenodochio,
733 1253 810 1293 vbi
831 1254 1098 1294 diuersatus
1119 1260 1188 1294 est
1211 1255 1433 1307 quamdiu
1455 1255 1516 1295 ibi
1538 1254 1645 1296 fuit:
1676 1267 1839 1307 quem,

188 1334 295 1363 cum
317 1323 374 1363 D.
402 1323 666 1365 Cardinalis
694 1325 918 1366 inuiseret
937 1326 1307 1377 xenodochium,
1331 1326 1509 1366 inuenit
1536 1326 1767 1367 iacentem
1785 1327 1835 1367 in

187 1394 384 1445 lectulo,
410 1396 761 1448 collocutusque
797 1403 867 1437 est
888 1408 996 1437 cum
1022 1409 1092 1446 eo,
1118 1409 1257 1449 quem
1287 1397 1428 1437 credo
1462 1397 1604 1449 (quae
1635 1404 1705 1438 est
1735 1398 1836 1439 eius

190 1465 448 1517 singularis
482 1467 657 1519 virtus)
684 1467 991 1509 vehementer
1026 1468 1171 1509 fuisse
1206 1469 1526 1520 aedificatum,
1560 1469 1685 1521 quod
1714 1470 1836 1510 inter

193 1549 427 1590 pauperes
448 1539 638 1579 iaceret.

272 1609 365 1650 Vbi
391 1610 595 1661 primum
616 1623 699 1663 per
720 1611 1039 1653 valetudinem
1068 1612 1219 1661 licuit,
1247 1612 1454 1653 Eboram
1480 1612 1718 1665 profectus
1747 1618 1833 1664 est,

191 1691 327 1731 quem
349 1681 550 1722 necdum
569 1683 708 1734 plane
730 1683 1059 1724 confirmatum
1077 1684 1357 1724 inuenerunt
1378 1683 1543 1724 Patres
1560 1683 1710 1724 Roma
1732 1695 1834 1736 pro-

188 1751 315 1803 fecti,
340 1752 401 1793 ad
421 1753 679 1794 Pretiosum
703 1754 935 1807 Joannem
956 1755 1226 1807 profecturi.
1247 1754 1513 1795 Inuiserunt
1534 1755 1591 1796 D.
1613 1755 1836 1796 Cardina-

190 1824 296 1875 lem,
327 1825 407 1876 qui
434 1826 649 1876 proxime
670 1832 869 1867 venerat
890 1838 916 1866 a
938 1826 1174 1867 uisitando
1204 1838 1371 1878 grege,
1403 1838 1603 1878 quorum
1633 1826 1843 1867 aduentu·

191 1895 445 1946 plurimum
472 1896 519 1936 in
550 1896 755 1938 Domino
785 1898 980 1949 gauisus
1007 1904 1092 1938 est.
1125 1898 1193 1938 Eo
1220 1899 1449 1947 salutatO,
1472 1897 1564 1938 huc
1595 1903 1702 1938 sunt
1735 1909 1845 1950 pro·

193 1965 321 2018 fecti,
342 1979 461 2019 quos
480 1980 575 2008 non
596 1974 667 2009 est
688 1970 940 2010 comitatus
956 1969 1005 2010 P.
1025 1969 1354 2020 Prouincialis,
1373 1975 1471 2010 tum
1492 1976 1684 2021 propter
1699 1969 1843 2009 etiam

193 2044 306 2079 tunc
335 2050 532 2090 aegram
553 2040 893 2092 ualetudinem,
926 2047 1026 2081 tum
1060 2048 1254 2092 propter
1284 2041 1726 2092 commigrationem
1750 2039 1840 2080 fra-

193 2115 319 2150 trum
340 2111 387 2151 in
421 2123 597 2152 nouum
619 2111 881 2163 Collegium
904 2111 930 2163 ¹,
956 2113 1031 2153 cui
1052 2118 1163 2153 tunc
1195 2113 1360 2152 Vltima
1382 2124 1549 2152 manus
1571 2111 1839 2164 imponeba-

194 2188 284 2222 tur.
309 2181 508 2233 Scripsit
536 2183 596 2224 ad
618 2195 692 2224 me
718 2190 768 2224 ut
798 2184 937 2224 simul
959 2195 1066 2224 cum
1092 2184 1182 2224 illis
1204 2184 1385 2224 adirem
1407 2183 1466 2223 ad
1487 2183 1690 2235 Regem:
1713 2183 1841 2223 facta

195 2259 266 2293 est
292 2253 474 2305 Regina
509 2255 683 2295 certior
712 2255 769 2295 de
799 2267 962 2296 eorum
995 2255 1220 2296 aduentu:
1251 2254 1494 2307 respondit
1525 2266 1575 2295 se
1605 2254 1843 2295 facturam

196 2322 374 2375 Regem
386 2325 636 2366 certiorem
654 2326 999 2378 missuramque
1017 2326 1077 2367 ad
1093 2338 1173 2367 eos
1186 2326 1415 2376 nuntium,
1436 2337 1542 2366 cum
1558 2337 1642 2377 per
1658 2331 1845 2377 tempus

194 2395 359 2436 liceret
379 2395 557 2448 Regem
579 2398 766 2449 alloqui.
790 2397 1022 2438 Postridie
1043 2398 1143 2438 eius
1165 2397 1256 2438 diei
1278 2397 1528 2438 conuocati
1549 2407 1724 2437 sumus:
1750 2396 1839 2436 col-

197 2467 377 2518 loquuti
421 2474 528 2509 sunt
564 2468 729 2510 Patres
772 2482 879 2510 cum
914 2469 1064 2521 Rege,
1106 2481 1224 2522 quos
1260 2469 1597 2520 benignissime
1631 2468 1841 2519 excepit,

201 2548 255 2577 ea
277 2545 403 2579 certe
423 2539 774 2591 benouolentia,
800 2552 891 2593 qua
921 2552 996 2581 res
1018 2539 1270 2581 Societatis
1301 2541 1419 2581 solet
1441 2539 1718 2590 complecti,
1744 2544 1847 2579 tum

201 2610 405 2650 maxime
445 2622 537 2662 qua
573 2611 629 2651 de
664 2612 834 2662 agitur.
871 2611 1054 2652 Deinde
1088 2612 1350 2652 inuiserunt
1385 2611 1433 2652 P.
1466 2610 1722 2651 Carnerius
1748 2610 1762 2627 “·’
1800 2615 1848 2650 et

201 2680 420 2722 Andreas
441 2680 455 2699 ⁵
481 2681 769 2735 Episcopum
796 2682 1209 2734 Portalegrensem
1230 2681 1259 2734 ⁴,
1283 2682 1629 2732 redeuntesque
1652 2680 1850 2721 domum

260 2843 269 2863 ί
310 2841 498 2869 Eborense.

258 2890 272 2909 Ξ
309 2889 346 2917 Ρ.
362 2889 527 2917 Melchior
542 2890 723 2919 Carneiro.

259 2938 272 2955 '³
311 2937 346 2966 P.
365 2938 524 2965 Andreas
539 2939 579 2965 dc
597 2938 738 2966 Oviedo.

257 2987 271 3006 4
309 2985 482 3019 julianum
498 2986 538 3013 de
554 2987 657 3014 Alva.
