2047 3179
869 141 950 178 AN.
981 141 1073 179 1555
1720 139 1792 178 383

154 239 390 290 praestitit
410 238 550 279 Pater
571 238 725 289 Auila,
748 238 905 290 plures
926 237 1168 288 aethiopes
1206 236 1214 255 ¹
1246 237 1293 276 in
1314 236 1523 277 ordinem
1546 236 1783 288 redigens,

155 309 233 360 qui
252 309 299 350 in
318 310 550 362 aliquibus
570 309 737 361 plateis
756 309 906 349 solent
927 307 1089 348 diebus
1110 307 1240 347 festis
1273 307 1556 347 commorari
1579 314 1624 347 et
1646 308 1780 348 ludos

154 392 246 420 non
267 381 382 420 satis
402 380 625 421 honestos
645 390 881 420 exercere:
903 378 1130 419 deductos
1152 378 1211 418 ad
1232 377 1496 429 proximam
1531 378 1782 418 ecclesiam

155 451 493 492 exhortabatur
515 451 574 491 ad
594 451 816 491 virtutem
836 456 880 490 et
896 449 1102 490 terrebat
1124 461 1150 488 a
1173 448 1313 488 vitiis,

232 521 393 563 Victui
422 528 467 562 et
492 522 681 563 vestitui
706 526 959 573 suppetunt
992 520 1125 560 nobis
1160 527 1255 559 tam
1284 518 1467 559 abunde
1494 519 1779 569 necessaria,

153 598 202 632 ut
229 599 273 633 et
300 592 455 633 domui
482 593 673 645 copiosa
703 592 927 644 supellex,
964 598 1008 631 et
1037 591 1211 631 sacello
1238 590 1330 630 sint
1355 590 1488 641 plura
1517 595 1656 640 atque
1686 600 1785 640 pre-

154 663 281 704 ciosa
302 676 420 704 vasa
447 664 585 704 simul
606 671 743 715 atque
764 668 1053 704 ornamenta.
1078 661 1148 701 De
1171 661 1386 701 omnibus
1416 660 1476 700 sit
1497 660 1597 700 Deo
1619 666 1785 700 nostro

152 735 437 786 sempiterna
456 735 625 786 gloria,
649 745 789 787 quam
809 734 1022 774 omnibus
1043 733 1088 773 in
1110 732 1194 773 X.0
1215 732 1403 781 nostris,
1427 737 1477 771 ut
1496 731 1632 771 nobis
1652 731 1783 782 ipsis,

152 811 445 856 exoptamus,

229 875 425 927 Hispali,
450 876 679 926 vigesimo
702 877 837 917 tertio
858 875 1050 927 Aprilis.

628 947 852 998 Indignus
874 953 917 987 et
938 945 1112 986 inutilis
1132 945 1254 985 filius
1270 945 1317 984 in
1334 943 1536 994 Christo,

1199 1163 1228 1208 †
1257 1133 1560 1199 MA1{CELLUS.

226 1374 579 1426 Superscrz'ptz'o
620 1375 670 1414 in
711 1378 884 1425 quarta
905 1373 1113 1426 pagina:
1143 1353 1256 1413 IHS.
1291 1373 1559 1413 Admodum
1594 1371 1696 1412 Η.ᾶο
1731 1374 1778 1413 in

145 1444 332 1486 Christo
351 1445 481 1486 Patri
502 1445 587 1486 M.0
609 1446 806 1496 Ignatio,
829 1445 1104 1496 Praeposito
1129 1443 1350 1484 Generali
1377 1443 1625 1484 Societatis
1647 1443 1775 1496 Jesu.

143 1516 336 1556 Romae.

222 1587 334 1627 Alia
351 1599 514 1627 manu:
535 1587 650 1627 1555.
669 1587 866 1639 Hispali.
891 1587 1266 1638 Quadrimestres
1287 1585 1338 1626 23
1355 1586 1546 1638 Aprilis.
1567 1586 1621 1637 Q.
1642 1586 1702 1627 V.

234 1659 497 1708 Vestigium
519 1670 650 1699 cerae
666 1659 839 1699 rubrae
854 1663 898 1699 et
918 1658 1091 1710 sigilli.

195 1820 203 1841 ¹
242 1819 407 1854 Nigritas
422 1819 587 1854 intellige,
603 1827 686 1854 quos
698 1825 859 1846 morenos
869 1826 985 1853 supra,
1001 1825 1082 1852 pag.
1100 1817 1164 1852 379,
1180 1817 1371 1851 appellavit
1387 1817 1568 1846 Gonzalez.
