<?xml version="1.0" encoding="UTF-8"?>
<!DOCTYPE html PUBLIC "-//W3C//DTD XHTML 1.0 Transitional//EN"
    "http://www.w3.org/TR/xhtml1/DTD/xhtml1-transitional.dtd">
<html xmlns="http://www.w3.org/1999/xhtml" xml:lang="en" lang="en">
 <head>
  <title>
</title>
<meta http-equiv="Content-Type" content="text/html;charset=utf-8" />
  <meta name='ocr-system' content='tesseract 3.04.00' />
  <meta name='ocr-capabilities' content='ocr_page ocr_carea ocr_par ocr_line ocrx_word'/>
</head>
<body>
  <div class='ocr_page' id='page_1' title='image "./litteraequadrime15lain_0165.png"; bbox 0 0 2047 3179; ppageno 0'>
   <div class='ocr_carea' id='block_1_1' title="bbox 907 112 1833 150">
    <p class='ocr_par' dir='ltr' id='par_1_1' title="bbox 907 112 1833 150">
     <span class='ocr_line' id='line_1_1' title="bbox 907 112 1833 150; baseline 0.001 -1"><span class='ocrx_word' id='word_1_1' title='bbox 907 113 989 149; x_wconf 84' lang='lat' dir='ltr'><strong>AN.</strong></span> <span class='ocrx_word' id='word_1_2' title='bbox 1020 112 1109 149; x_wconf 69' lang='grc'>1554</span> <span class='ocrx_word' id='word_1_3' title='bbox 1767 114 1833 150; x_wconf 68' lang='lat'><strong>150</strong></span> 
     </span>
    </p>
   </div>
   <div class='ocr_carea' id='block_1_2' title="bbox 179 207 1829 2749">
    <p class='ocr_par' dir='ltr' id='par_1_2' title="bbox 190 207 1829 818">
     <span class='ocr_line' id='line_1_2' title="bbox 194 207 1829 262; baseline -0.001 -12"><span class='ocrx_word' id='word_1_4' title='bbox 194 212 432 262; x_wconf 74' lang='lat' dir='ltr'>laicosque</span> <span class='ocrx_word' id='word_1_5' title='bbox 453 215 651 261; x_wconf 79' lang='lat' dir='ltr'><strong>septem,</strong></span> <span class='ocrx_word' id='word_1_6' title='bbox 683 209 777 249; x_wconf 77' lang='lat' dir='ltr'><strong>iam</strong></span> <span class='ocrx_word' id='word_1_7' title='bbox 807 208 904 258; x_wconf 92' lang='lat' dir='ltr'><strong>tibi,</strong></span> <span class='ocrx_word' id='word_1_8' title='bbox 928 207 1066 248; x_wconf 80' lang='lat' dir='ltr'><strong>Pater</strong></span> <span class='ocrx_word' id='word_1_9' title='bbox 1089 207 1403 257; x_wconf 90' lang='lat' dir='ltr'><strong>obseruande,</strong></span> <span class='ocrx_word' id='word_1_10' title='bbox 1440 208 1583 247; x_wconf 90' lang='lat' dir='ltr'><strong>alium</strong></span> <span class='ocrx_word' id='word_1_11' title='bbox 1607 219 1710 247; x_wconf 83' lang='lat' dir='ltr'><strong>esse</strong></span> <span class='ocrx_word' id='word_1_12' title='bbox 1733 211 1829 248; x_wconf 88' lang='lat' dir='ltr'><strong>nul-</strong></span> 
     </span>
     <span class='ocr_line' id='line_1_3' title="bbox 195 278 1829 333; baseline -0.001 -12"><span class='ocrx_word' id='word_1_13' title='bbox 195 283 289 321; x_wconf 93' lang='lat' dir='ltr'><strong>lum</strong></span> <span class='ocrx_word' id='word_1_14' title='bbox 319 283 387 326; x_wconf 85' lang='lat' dir='ltr'><strong>&lt;vt</strong></span> <span class='ocrx_word' id='word_1_15' title='bbox 416 281 597 333; x_wconf 85' lang='lat' dir='ltr'>opinor)</span> <span class='ocrx_word' id='word_1_16' title='bbox 625 281 788 332; x_wconf 85' lang='lat' dir='ltr'><strong>liquet:</strong></span> <span class='ocrx_word' id='word_1_17' title='bbox 821 285 960 330; x_wconf 89' lang='lat' dir='ltr'><strong>atque</strong></span> <span class='ocrx_word' id='word_1_18' title='bbox 982 290 1040 319; x_wconf 81' lang='lat' dir='ltr'><strong>ex</strong></span> <span class='ocrx_word' id='word_1_19' title='bbox 1061 279 1117 318; x_wconf 87' lang='lat' dir='ltr'><strong>iis</strong></span> <span class='ocrx_word' id='word_1_20' title='bbox 1142 278 1232 318; x_wconf 91' lang='lat' dir='ltr'><strong>duo</strong></span> <span class='ocrx_word' id='word_1_21' title='bbox 1254 284 1304 317; x_wconf 87' lang='lat' dir='ltr'><strong>vt</strong></span> <span class='ocrx_word' id='word_1_22' title='bbox 1337 278 1579 318; x_wconf 92' lang='lat' dir='ltr'><strong>minimum</strong></span> <span class='ocrx_word' id='word_1_23' title='bbox 1602 279 1684 327; x_wconf 80' lang='lat' dir='ltr'><strong>(sic</strong></span> <span class='ocrx_word' id='word_1_24' title='bbox 1707 280 1829 320; x_wconf 87' lang='lat' dir='ltr'><strong>enim</strong></span> 
     </span>
     <span class='ocr_line' id='line_1_4' title="bbox 194 349 1826 403; baseline -0.001 -11"><span class='ocrx_word' id='word_1_25' title='bbox 194 352 483 403; x_wconf 88' lang='lat' dir='ltr'><strong>accepimus)</strong></span> <span class='ocrx_word' id='word_1_26' title='bbox 507 352 597 392; x_wconf 83' lang='lat' dir='ltr'><strong>alio</strong></span> <span class='ocrx_word' id='word_1_27' title='bbox 619 351 782 391; x_wconf 87' lang='lat' dir='ltr'><strong>statuti</strong></span> <span class='ocrx_word' id='word_1_28' title='bbox 817 349 1094 399; x_wconf 87' lang='lat' dir='ltr'><strong>adimentur,</strong></span> <span class='ocrx_word' id='word_1_29' title='bbox 1134 350 1252 388; x_wconf 88' lang='lat' dir='ltr'><strong>alter</strong></span> <span class='ocrx_word' id='word_1_30' title='bbox 1281 349 1461 388; x_wconf 91' lang='lat' dir='ltr'><strong>scilicet</strong></span> <span class='ocrx_word' id='word_1_31' title='bbox 1492 349 1714 389; x_wconf 77' lang='lat' dir='ltr'><strong>sacerdos</strong></span> <span class='ocrx_word' id='word_1_32' title='bbox 1736 350 1826 399; x_wconf 84' lang='lat' dir='ltr'><strong>ille,</strong></span> 
     </span>
     <span class='ocr_line' id='line_1_5' title="bbox 194 418 1828 474; baseline -0.003 -11"><span class='ocrx_word' id='word_1_33' title='bbox 194 424 423 463; x_wconf 87' lang='lat' dir='ltr'><strong>humanas</strong></span> <span class='ocrx_word' id='word_1_34' title='bbox 457 423 535 474; x_wconf 91' lang='lat' dir='ltr'><strong>qui</strong></span> <span class='ocrx_word' id='word_1_35' title='bbox 569 422 727 462; x_wconf 78' lang='lat' dir='ltr'>literas</span> <span class='ocrx_word' id='word_1_36' title='bbox 762 421 982 472; x_wconf 87' lang='lat' dir='ltr'><strong>priuatim</strong></span> <span class='ocrx_word' id='word_1_37' title='bbox 1015 420 1091 459; x_wconf 89' lang='lat' dir='ltr'><strong>hic</strong></span> <span class='ocrx_word' id='word_1_38' title='bbox 1127 419 1366 469; x_wconf 86' lang='lat' dir='ltr'><strong>professus</strong></span> <span class='ocrx_word' id='word_1_39' title='bbox 1402 427 1472 459; x_wconf 89' lang='lat' dir='ltr'><strong>est</strong></span> <span class='ocrx_word' id='word_1_40' title='bbox 1510 418 1536 468; x_wconf 88' lang='lat'><strong>¹,</strong></span> <span class='ocrx_word' id='word_1_41' title='bbox 1575 420 1694 459; x_wconf 87' lang='lat' dir='ltr'><strong>alter</strong></span> <span class='ocrx_word' id='word_1_42' title='bbox 1716 432 1828 459; x_wconf 86' lang='lat' dir='ltr'><strong>vero</strong></span> 
     </span>
     <span class='ocr_line' id='line_1_6' title="bbox 193 490 1829 545; baseline -0.002 -12"><span class='ocrx_word' id='word_1_43' title='bbox 193 494 341 533; x_wconf 87' lang='lat' dir='ltr'><strong>laicus</strong></span> <span class='ocrx_word' id='word_1_44' title='bbox 362 494 566 545; x_wconf 89' lang='lat' dir='ltr'><strong>quidam.</strong></span> <span class='ocrx_word' id='word_1_45' title='bbox 592 493 764 534; x_wconf 83' lang='lat' dir='ltr'><strong>Omnes</strong></span> <span class='ocrx_word' id='word_1_46' title='bbox 786 503 898 532; x_wconf 89' lang='lat' dir='ltr'><strong>sane</strong></span> <span class='ocrx_word' id='word_1_47' title='bbox 928 491 1099 531; x_wconf 90' lang='lat' dir='ltr'><strong>mirum</strong></span> <span class='ocrx_word' id='word_1_48' title='bbox 1120 491 1167 530; x_wconf 90' lang='lat' dir='ltr'><strong>in</strong></span> <span class='ocrx_word' id='word_1_49' title='bbox 1189 490 1391 538; x_wconf 90' lang='lat' dir='ltr'><strong>modum,</strong></span> <span class='ocrx_word' id='word_1_50' title='bbox 1424 502 1529 530; x_wconf 91' lang='lat' dir='ltr'><strong>cum</strong></span> <span class='ocrx_word' id='word_1_51' title='bbox 1561 491 1709 530; x_wconf 88' lang='lat' dir='ltr'><strong>literis</strong></span> <span class='ocrx_word' id='word_1_52' title='bbox 1730 497 1829 530; x_wconf 88' lang='lat' dir='ltr'><strong>tum</strong></span> 
     </span>
     <span class='ocr_line' id='line_1_7' title="bbox 192 561 1828 616; baseline -0.003 -11"><span class='ocrx_word' id='word_1_53' title='bbox 192 565 373 616; x_wconf 89' lang='lat' dir='ltr'><strong>spiritu,</strong></span> <span class='ocrx_word' id='word_1_54' title='bbox 393 577 499 605; x_wconf 90' lang='lat' dir='ltr'><strong>cum</strong></span> <span class='ocrx_word' id='word_1_55' title='bbox 516 565 587 604; x_wconf 90' lang='lat' dir='ltr'><strong>sui</strong></span> <span class='ocrx_word' id='word_1_56' title='bbox 604 564 719 604; x_wconf 87' lang='lat' dir='ltr'><strong>satis</strong></span> <span class='ocrx_word' id='word_1_57' title='bbox 736 563 1049 614; x_wconf 79' lang='lat' dir='ltr'><strong>abnegatione</strong></span> <span class='ocrx_word' id='word_1_58' title='bbox 1067 562 1114 602; x_wconf 93' lang='lat' dir='ltr'><strong>in</strong></span> <span class='ocrx_word' id='word_1_59' title='bbox 1135 562 1234 602; x_wconf 89' lang='lat' dir='ltr'><strong>dies</strong></span> <span class='ocrx_word' id='word_1_60' title='bbox 1251 573 1435 610; x_wconf 87' lang='lat' dir='ltr'><strong>cernas,</strong></span> <span class='ocrx_word' id='word_1_61' title='bbox 1460 561 1618 601; x_wconf 88' lang='lat' dir='ltr'><strong>diuina</strong></span> <span class='ocrx_word' id='word_1_62' title='bbox 1640 561 1828 601; x_wconf 86' lang='lat' dir='ltr'><strong>adiutos</strong></span> 
     </span>
     <span class='ocr_line' id='line_1_8' title="bbox 192 632 1828 687; baseline -0.002 -12"><span class='ocrx_word' id='word_1_63' title='bbox 192 647 294 687; x_wconf 92' lang='lat' dir='ltr'><strong>ope,</strong></span> <span class='ocrx_word' id='word_1_64' title='bbox 320 636 569 675; x_wconf 79' lang='lat' dir='ltr'><strong>ditescere:</strong></span> <span class='ocrx_word' id='word_1_65' title='bbox 593 636 653 675; x_wconf 88' lang='lat' dir='ltr'><strong>ad</strong></span> <span class='ocrx_word' id='word_1_66' title='bbox 675 635 806 684; x_wconf 88' lang='lat' dir='ltr'><strong>haec,</strong></span> <span class='ocrx_word' id='word_1_67' title='bbox 837 634 957 674; x_wconf 89' lang='lat' dir='ltr'><strong>ratio</strong></span> <span class='ocrx_word' id='word_1_68' title='bbox 984 645 1078 673; x_wconf 89' lang='lat' dir='ltr'><strong>non</strong></span> <span class='ocrx_word' id='word_1_69' title='bbox 1099 633 1272 683; x_wconf 85' lang='lat' dir='ltr'><strong>exigua</strong></span> <span class='ocrx_word' id='word_1_70' title='bbox 1304 634 1436 680; x_wconf 84' lang='lat' dir='ltr'><strong>(nam</strong></span> <span class='ocrx_word' id='word_1_71' title='bbox 1457 632 1502 672; x_wconf 92' lang='lat' dir='ltr'><strong>id</strong></span> <span class='ocrx_word' id='word_1_72' title='bbox 1531 643 1618 682; x_wconf 86' lang='lat' dir='ltr'><strong>ego</strong></span> <span class='ocrx_word' id='word_1_73' title='bbox 1641 633 1828 683; x_wconf 82' lang='lat' dir='ltr'>plurimi</span> 
     </span>
     <span class='ocr_line' id='line_1_9' title="bbox 190 703 1827 756; baseline -0.002 -10"><span class='ocrx_word' id='word_1_74' title='bbox 190 706 457 746; x_wconf 85' lang='lat' dir='ltr'><strong>faciendum</strong></span> <span class='ocrx_word' id='word_1_75' title='bbox 497 707 636 756; x_wconf 85' lang='lat' dir='ltr'><strong>duco)</strong></span> <span class='ocrx_word' id='word_1_76' title='bbox 679 706 948 756; x_wconf 82' lang='lat' dir='ltr'><strong>regularum</strong></span> <span class='ocrx_word' id='word_1_77' title='bbox 987 704 1464 755; x_wconf 83' lang='lat' dir='ltr'><strong>constitutionumque</strong></span> <span class='ocrx_word' id='word_1_78' title='bbox 1506 703 1631 743; x_wconf 89' lang='lat' dir='ltr'><strong>omni</strong></span> <span class='ocrx_word' id='word_1_79' title='bbox 1673 704 1827 743; x_wconf 89' lang='lat' dir='ltr'><strong>studio</strong></span> 
     </span>
     <span class='ocr_line' id='line_1_10' title="bbox 192 778 406 818; baseline 0 -1"><span class='ocrx_word' id='word_1_80' title='bbox 192 778 406 818; x_wconf 89' lang='lat' dir='ltr'><strong>habetur.</strong></span> 
     </span>
    </p>

    <p class='ocr_par' dir='ltr' id='par_1_3' title="bbox 185 845 1829 1325">
     <span class='ocr_line' id='line_1_11' title="bbox 271 845 1827 899; baseline -0.003 -10"><span class='ocrx_word' id='word_1_81' title='bbox 271 848 405 899; x_wconf 86' lang='lat' dir='ltr'><strong>Quod</strong></span> <span class='ocrx_word' id='word_1_82' title='bbox 428 848 625 888; x_wconf 90' lang='lat' dir='ltr'><strong>aedificii</strong></span> <span class='ocrx_word' id='word_1_83' title='bbox 653 847 811 897; x_wconf 89' lang='lat' dir='ltr'><strong>erecti,</strong></span> <span class='ocrx_word' id='word_1_84' title='bbox 847 852 1033 898; x_wconf 89' lang='lat' dir='ltr'><strong>praeter</strong></span> <span class='ocrx_word' id='word_1_85' title='bbox 1067 846 1351 897; x_wconf 83' lang='lat' dir='ltr'><strong>opinionem,</strong></span> <span class='ocrx_word' id='word_1_86' title='bbox 1375 856 1450 885; x_wconf 89' lang='lat' dir='ltr'><strong>res</strong></span> <span class='ocrx_word' id='word_1_87' title='bbox 1471 845 1735 896; x_wconf 88' lang='lat' dir='ltr'><strong>properarit</strong></span> <span class='ocrx_word' id='word_1_88' title='bbox 1764 846 1827 885; x_wconf 89' lang='lat' dir='ltr'><strong>ni-</strong></span> 
     </span>
     <span class='ocr_line' id='line_1_12' title="bbox 191 916 1827 970; baseline -0.002 -11"><span class='ocrx_word' id='word_1_89' title='bbox 191 919 349 969; x_wconf 89' lang='lat' dir='ltr'><strong>mium,</strong></span> <span class='ocrx_word' id='word_1_90' title='bbox 373 930 465 959; x_wconf 90' lang='lat' dir='ltr'><strong>non</strong></span> <span class='ocrx_word' id='word_1_91' title='bbox 493 925 563 959; x_wconf 85' lang='lat' dir='ltr'><strong>est</strong></span> <span class='ocrx_word' id='word_1_92' title='bbox 593 917 716 970; x_wconf 92' lang='lat' dir='ltr'><strong>quod</strong></span> <span class='ocrx_word' id='word_1_93' title='bbox 743 918 906 957; x_wconf 87' lang='lat' dir='ltr'><strong>charta</strong></span> <span class='ocrx_word' id='word_1_94' title='bbox 929 916 1209 958; x_wconf 87' lang='lat' dir='ltr'><strong>referamus:</strong></span> <span class='ocrx_word' id='word_1_95' title='bbox 1231 917 1364 956; x_wconf 91' lang='lat' dir='ltr'><strong>breui</strong></span> <span class='ocrx_word' id='word_1_96' title='bbox 1385 922 1542 956; x_wconf 92' lang='lat' dir='ltr'><strong>tamen</strong></span> <span class='ocrx_word' id='word_1_97' title='bbox 1567 916 1612 956; x_wconf 94' lang='lat' dir='ltr'><strong>id</strong></span> <span class='ocrx_word' id='word_1_98' title='bbox 1638 916 1827 966; x_wconf 83' lang='lat' dir='ltr'><strong>habeto,</strong></span> 
     </span>
     <span class='ocr_line' id='line_1_13' title="bbox 190 987 1829 1040; baseline -0.002 -10"><span class='ocrx_word' id='word_1_99' title='bbox 190 990 362 1031; x_wconf 88' lang='lat' dir='ltr'><strong>imbres</strong></span> <span class='ocrx_word' id='word_1_100' title='bbox 384 990 690 1039; x_wconf 90' lang='lat' dir='ltr'><strong>interclusos,</strong></span> <span class='ocrx_word' id='word_1_101' title='bbox 723 989 924 1040; x_wconf 87' lang='lat' dir='ltr'><strong>parietes</strong></span> <span class='ocrx_word' id='word_1_102' title='bbox 959 987 1221 1035; x_wconf 84' lang='lat' dir='ltr'><strong>confectos,</strong></span> <span class='ocrx_word' id='word_1_103' title='bbox 1255 1000 1311 1028; x_wconf 94' lang='lat' dir='ltr'><strong>ac</strong></span> <span class='ocrx_word' id='word_1_104' title='bbox 1346 988 1532 1028; x_wconf 90' lang='lat' dir='ltr'><strong>demum</strong></span> <span class='ocrx_word' id='word_1_105' title='bbox 1560 987 1829 1039; x_wconf 90' lang='lat' dir='ltr'><strong>incoeptam</strong></span> 
     </span>
     <span class='ocr_line' id='line_1_14' title="bbox 188 1058 1823 1112; baseline -0.002 -11"><span class='ocrx_word' id='word_1_106' title='bbox 188 1062 288 1101; x_wconf 91' lang='lat' dir='ltr'><strong>eius</strong></span> <span class='ocrx_word' id='word_1_107' title='bbox 310 1066 491 1112; x_wconf 89' lang='lat' dir='ltr'><strong>partem</strong></span> <span class='ocrx_word' id='word_1_108' title='bbox 513 1060 689 1100; x_wconf 85' lang='lat' dir='ltr'><strong>finitam</strong></span> <span class='ocrx_word' id='word_1_109' title='bbox 710 1058 994 1111; x_wconf 85' lang='lat' dir='ltr'><strong>propediem,</strong></span> <span class='ocrx_word' id='word_1_110' title='bbox 1019 1059 1209 1110; x_wconf 81' lang='lat' dir='ltr'><strong>auspice</strong></span> <span class='ocrx_word' id='word_1_111' title='bbox 1232 1058 1433 1108; x_wconf 89' lang='lat' dir='ltr'><strong>Christo,</strong></span> <span class='ocrx_word' id='word_1_112' title='bbox 1460 1058 1630 1098; x_wconf 89' lang='lat' dir='ltr'><strong>intueri</strong></span> <span class='ocrx_word' id='word_1_113' title='bbox 1651 1059 1823 1108; x_wconf 67' lang='lat' dir='ltr'><strong>licebit,</strong></span> 
     </span>
     <span class='ocr_line' id='line_1_15' title="bbox 187 1128 1824 1180; baseline -0.001 -8"><span class='ocrx_word' id='word_1_114' title='bbox 187 1138 372 1172; x_wconf 89' lang='lat' dir='ltr'><strong>tantum</strong></span> <span class='ocrx_word' id='word_1_115' title='bbox 393 1137 462 1171; x_wconf 90' lang='lat' dir='ltr'><strong>est</strong></span> <span class='ocrx_word' id='word_1_116' title='bbox 484 1131 659 1171; x_wconf 89' lang='lat' dir='ltr'><strong>instare</strong></span> <span class='ocrx_word' id='word_1_117' title='bbox 680 1131 728 1170; x_wconf 94' lang='lat' dir='ltr'><strong>in</strong></span> <span class='ocrx_word' id='word_1_118' title='bbox 750 1143 813 1170; x_wconf 87' lang='lat' dir='ltr'><strong>re.</strong></span> <span class='ocrx_word' id='word_1_119' title='bbox 838 1129 991 1170; x_wconf 83' lang='lat' dir='ltr'><strong>Pridie</strong></span> <span class='ocrx_word' id='word_1_120' title='bbox 1013 1136 1168 1170; x_wconf 90' lang='lat' dir='ltr'><strong>autem</strong></span> <span class='ocrx_word' id='word_1_121' title='bbox 1187 1129 1409 1170; x_wconf 88' lang='lat' dir='ltr'><strong>calendas</strong></span> <span class='ocrx_word' id='word_1_122' title='bbox 1425 1128 1742 1180; x_wconf 87' lang='lat' dir='ltr'><strong>Septembreis</strong></span> <span class='ocrx_word' id='word_1_123' title='bbox 1763 1130 1824 1170; x_wconf 88' lang='lat' dir='ltr'><strong>ad</strong></span> 
     </span>
     <span class='ocr_line' id='line_1_16' title="bbox 185 1201 1825 1253; baseline 0 -11"><span class='ocrx_word' id='word_1_124' title='bbox 185 1202 515 1251; x_wconf 79' lang='lat' dir='ltr'><strong>domunculas,</strong></span> <span class='ocrx_word' id='word_1_125' title='bbox 540 1201 750 1242; x_wconf 85' lang='lat' dir='ltr'><strong>aedificio</strong></span> <span class='ocrx_word' id='word_1_126' title='bbox 773 1210 932 1241; x_wconf 89' lang='lat' dir='ltr'><strong>nostro</strong></span> <span class='ocrx_word' id='word_1_127' title='bbox 954 1201 1152 1251; x_wconf 85' lang='lat' dir='ltr'><strong>vicinas,</strong></span> <span class='ocrx_word' id='word_1_128' title='bbox 1176 1201 1305 1251; x_wconf 89' lang='lat' dir='ltr'><strong>inibi,</strong></span> <span class='ocrx_word' id='word_1_129' title='bbox 1336 1202 1484 1241; x_wconf 90' lang='lat' dir='ltr'><strong>donec</strong></span> <span class='ocrx_word' id='word_1_130' title='bbox 1514 1201 1615 1253; x_wconf 87' lang='lat' dir='ltr'><strong>ipsa</strong></span> <span class='ocrx_word' id='word_1_131' title='bbox 1639 1202 1825 1253; x_wconf 86' lang='lat' dir='ltr'><strong>collegii</strong></span> 
     </span>
     <span class='ocr_line' id='line_1_17' title="bbox 186 1273 1230 1325; baseline -0.003 -10"><span class='ocrx_word' id='word_1_132' title='bbox 186 1274 418 1315; x_wconf 83' lang='lat' dir='ltr'><strong>extructio</strong></span> <span class='ocrx_word' id='word_1_133' title='bbox 439 1279 710 1325; x_wconf 77' lang='lat' dir='ltr'><strong>peragatur,</strong></span> <span class='ocrx_word' id='word_1_134' title='bbox 735 1273 877 1313; x_wconf 85' lang='lat' dir='ltr'><strong>futuri</strong></span> <span class='ocrx_word' id='word_1_135' title='bbox 904 1273 1230 1323; x_wconf 88' lang='lat' dir='ltr'><strong>migrauimus.</strong></span> 
     </span>
    </p>

    <p class='ocr_par' dir='ltr' id='par_1_4' title="bbox 184 1344 1824 1895">
     <span class='ocr_line' id='line_1_18' title="bbox 264 1344 1822 1395; baseline 0.001 -10"><span class='ocrx_word' id='word_1_136' title='bbox 264 1345 384 1385; x_wconf 88' lang='lat' dir='ltr'><strong>Nam</strong></span> <span class='ocrx_word' id='word_1_137' title='bbox 406 1344 462 1385; x_wconf 93' lang='lat' dir='ltr'><strong>de</strong></span> <span class='ocrx_word' id='word_1_138' title='bbox 493 1345 754 1385; x_wconf 89' lang='lat' dir='ltr'><strong>animarum</strong></span> <span class='ocrx_word' id='word_1_139' title='bbox 784 1344 830 1384; x_wconf 94' lang='lat' dir='ltr'><strong>in</strong></span> <span class='ocrx_word' id='word_1_140' title='bbox 867 1344 1053 1385; x_wconf 84' lang='lat' dir='ltr'><strong>Christo</strong></span> <span class='ocrx_word' id='word_1_141' title='bbox 1084 1350 1317 1395; x_wconf 86' lang='lat' dir='ltr'><strong>prouentu</strong></span> <span class='ocrx_word' id='word_1_142' title='bbox 1352 1345 1540 1385; x_wconf 91' lang='lat' dir='ltr'><strong>omnino</strong></span> <span class='ocrx_word' id='word_1_143' title='bbox 1572 1345 1822 1387; x_wconf 90' lang='lat' dir='ltr'><strong>dicendum</strong></span> 
     </span>
     <span class='ocr_line' id='line_1_19' title="bbox 185 1415 1824 1468; baseline 0.001 -11"><span class='ocrx_word' id='word_1_144' title='bbox 185 1417 391 1457; x_wconf 88' lang='lat' dir='ltr'><strong>occurrit</strong></span> <span class='ocrx_word' id='word_1_145' title='bbox 413 1416 526 1456; x_wconf 84' lang='lat' dir='ltr'><strong>nihil</strong></span> <span class='ocrx_word' id='word_1_146' title='bbox 544 1416 747 1467; x_wconf 82' lang='lat' dir='ltr'><strong>insigne:</strong></span> <span class='ocrx_word' id='word_1_147' title='bbox 772 1428 799 1456; x_wconf 92' lang='lat' dir='ltr'><strong>a</strong></span> <span class='ocrx_word' id='word_1_148' title='bbox 820 1417 959 1467; x_wconf 89' lang='lat' dir='ltr'><strong>longo</strong></span> <span class='ocrx_word' id='word_1_149' title='bbox 981 1415 1074 1456; x_wconf 90' lang='lat' dir='ltr'><strong>iam</strong></span> <span class='ocrx_word' id='word_1_150' title='bbox 1096 1421 1307 1466; x_wconf 89' lang='lat' dir='ltr'><strong>tempore</strong></span> <span class='ocrx_word' id='word_1_151' title='bbox 1331 1416 1428 1465; x_wconf 84' lang='lat' dir='ltr'><strong>(hei</strong></span> <span class='ocrx_word' id='word_1_152' title='bbox 1449 1417 1601 1467; x_wconf 77' lang='lat' dir='ltr'><strong>mihil)</strong></span> <span class='ocrx_word' id='word_1_153' title='bbox 1624 1418 1824 1468; x_wconf 84' lang='lat' dir='ltr'><strong>priuatis</strong></span> 
     </span>
     <span class='ocr_line' id='line_1_20' title="bbox 185 1487 1820 1539; baseline 0 -11"><span class='ocrx_word' id='word_1_154' title='bbox 185 1488 510 1537; x_wconf 78' lang='lat' dir='ltr'><strong>concionibus,</strong></span> <span class='ocrx_word' id='word_1_155' title='bbox 544 1499 661 1539; x_wconf 87' lang='lat' dir='ltr'><strong>quas</strong></span> <span class='ocrx_word' id='word_1_156' title='bbox 683 1487 806 1527; x_wconf 91' lang='lat' dir='ltr'><strong>domi</strong></span> <span class='ocrx_word' id='word_1_157' title='bbox 833 1487 898 1537; x_wconf 84' lang='lat' dir='ltr'><strong>(vt</strong></span> <span class='ocrx_word' id='word_1_158' title='bbox 930 1487 1032 1526; x_wconf 91' lang='lat' dir='ltr'><strong>aliis</strong></span> <span class='ocrx_word' id='word_1_159' title='bbox 1055 1487 1201 1526; x_wconf 87' lang='lat' dir='ltr'><strong>literis</strong></span> <span class='ocrx_word' id='word_1_160' title='bbox 1231 1487 1290 1527; x_wconf 89' lang='lat' dir='ltr'><strong>ad</strong></span> <span class='ocrx_word' id='word_1_161' title='bbox 1313 1494 1356 1527; x_wconf 88' lang='lat' dir='ltr'><strong>te</strong></span> <span class='ocrx_word' id='word_1_162' title='bbox 1392 1488 1598 1528; x_wconf 90' lang='lat' dir='ltr'><strong>delatum</strong></span> <span class='ocrx_word' id='word_1_163' title='bbox 1625 1491 1711 1535; x_wconf 81' lang='grc'>651)</span> <span class='ocrx_word' id='word_1_164' title='bbox 1742 1489 1820 1528; x_wconf 82' lang='lat' dir='ltr'><strong>ha·</strong></span> 
     </span>
     <span class='ocr_line' id='line_1_21' title="bbox 184 1558 1821 1611; baseline 0.001 -13"><span class='ocrx_word' id='word_1_165' title='bbox 184 1559 283 1599; x_wconf 90' lang='lat' dir='ltr'><strong>beri</strong></span> <span class='ocrx_word' id='word_1_166' title='bbox 304 1559 504 1610; x_wconf 88' lang='lat' dir='ltr'><strong>vesperi,</strong></span> <span class='ocrx_word' id='word_1_167' title='bbox 525 1559 668 1598; x_wconf 89' lang='lat' dir='ltr'><strong>moris</strong></span> <span class='ocrx_word' id='word_1_168' title='bbox 689 1558 869 1610; x_wconf 87' lang='lat' dir='ltr'><strong>pridem</strong></span> <span class='ocrx_word' id='word_1_169' title='bbox 889 1564 1005 1607; x_wconf 88' lang='lat' dir='ltr'><strong>erat,</strong></span> <span class='ocrx_word' id='word_1_170' title='bbox 1029 1558 1302 1598; x_wconf 88' lang='lat' dir='ltr'><strong>destitutum</strong></span> <span class='ocrx_word' id='word_1_171' title='bbox 1319 1564 1411 1598; x_wconf 91' lang='lat' dir='ltr'><strong>est:</strong></span> <span class='ocrx_word' id='word_1_172' title='bbox 1433 1564 1695 1610; x_wconf 89' lang='lat' dir='ltr'><strong>praeterea,</strong></span> <span class='ocrx_word' id='word_1_173' title='bbox 1722 1561 1821 1611; x_wconf 86' lang='lat' dir='ltr'><strong>ipsa</strong></span> 
     </span>
     <span class='ocr_line' id='line_1_22' title="bbox 186 1629 1818 1682; baseline 0.001 -12"><span class='ocrx_word' id='word_1_174' title='bbox 186 1631 466 1682; x_wconf 79' lang='lat' dir='ltr'><strong>necessitate</strong></span> <span class='ocrx_word' id='word_1_175' title='bbox 488 1630 768 1681; x_wconf 86' lang='lat' dir='ltr'><strong>impellente,</strong></span> <span class='ocrx_word' id='word_1_176' title='bbox 787 1642 844 1669; x_wconf 94' lang='lat' dir='ltr'><strong>ne</strong></span> <span class='ocrx_word' id='word_1_177' title='bbox 866 1630 1117 1669; x_wconf 88' lang='lat' dir='ltr'><strong>conciones</strong></span> <span class='ocrx_word' id='word_1_178' title='bbox 1138 1629 1341 1680; x_wconf 89' lang='lat' dir='ltr'><strong>quidem,</strong></span> <span class='ocrx_word' id='word_1_179' title='bbox 1361 1630 1442 1681; x_wconf 91' lang='lat' dir='ltr'><strong>qui</strong></span> <span class='ocrx_word' id='word_1_180' title='bbox 1458 1629 1603 1670; x_wconf 86' lang='lat' dir='ltr'><strong>faciat</strong></span> <span class='ocrx_word' id='word_1_181' title='bbox 1619 1631 1818 1682; x_wconf 91' lang='lat' dir='ltr'><strong>publice,</strong></span> 
     </span>
     <span class='ocr_line' id='line_1_23' title="bbox 185 1700 1820 1754; baseline 0.002 -14"><span class='ocrx_word' id='word_1_182' title='bbox 185 1702 261 1741; x_wconf 88' lang='lat' dir='ltr'><strong>vel</strong></span> <span class='ocrx_word' id='word_1_183' title='bbox 278 1702 397 1741; x_wconf 86' lang='lat' dir='ltr'><strong>vllus</strong></span> <span class='ocrx_word' id='word_1_184' title='bbox 415 1701 562 1741; x_wconf 84' lang='lat' dir='ltr'><strong>adest:</strong></span> <span class='ocrx_word' id='word_1_185' title='bbox 582 1701 694 1741; x_wconf 91' lang='lat' dir='ltr'><strong>illud</strong></span> <span class='ocrx_word' id='word_1_186' title='bbox 710 1707 882 1750; x_wconf 90' lang='lat' dir='ltr'><strong>tamen,</strong></span> <span class='ocrx_word' id='word_1_187' title='bbox 902 1711 985 1751; x_wconf 86' lang='lat' dir='ltr'><strong>pro</strong></span> <span class='ocrx_word' id='word_1_188' title='bbox 1003 1700 1302 1740; x_wconf 85' lang='lat' dir='ltr'><strong>sacerdotum</strong></span> <span class='ocrx_word' id='word_1_189' title='bbox 1319 1712 1530 1751; x_wconf 88' lang='lat' dir='ltr'><strong>numero,</strong></span> <span class='ocrx_word' id='word_1_190' title='bbox 1550 1701 1820 1754; x_wconf 85' lang='lat' dir='ltr'><strong>frequentes</strong></span> 
     </span>
     <span class='ocr_line' id='line_1_24' title="bbox 185 1771 1818 1825; baseline 0.001 -13"><span class='ocrx_word' id='word_1_191' title='bbox 185 1772 506 1812; x_wconf 88' lang='lat' dir='ltr'><strong>confessiones</strong></span> <span class='ocrx_word' id='word_1_192' title='bbox 527 1780 571 1811; x_wconf 91' lang='lat' dir='ltr'><strong>et</strong></span> <span class='ocrx_word' id='word_1_193' title='bbox 593 1772 944 1812; x_wconf 88' lang='lat' dir='ltr'><strong>communiones</strong></span> <span class='ocrx_word' id='word_1_194' title='bbox 978 1772 1190 1812; x_wconf 88' lang='lat' dir='ltr'><strong>virorum</strong></span> <span class='ocrx_word' id='word_1_195' title='bbox 1225 1784 1280 1812; x_wconf 92' lang='lat' dir='ltr'><strong>ac</strong></span> <span class='ocrx_word' id='word_1_196' title='bbox 1315 1771 1629 1813; x_wconf 87' lang='lat' dir='ltr'><strong>foeminarum</strong></span> <span class='ocrx_word' id='word_1_197' title='bbox 1665 1774 1818 1825; x_wconf 89' lang='lat' dir='ltr'><strong>magis</strong></span> 
     </span>
     <span class='ocr_line' id='line_1_25' title="bbox 186 1843 635 1895; baseline -0.002 -12"><span class='ocrx_word' id='word_1_198' title='bbox 186 1844 432 1895; x_wconf 85' lang='lat' dir='ltr'><strong>magisque</strong></span> <span class='ocrx_word' id='word_1_199' title='bbox 455 1843 635 1893; x_wconf 82' lang='lat' dir='ltr'><strong>augeri.</strong></span> 
     </span>
    </p>

    <p class='ocr_par' dir='ltr' id='par_1_5' title="bbox 179 1914 1819 2749">
     <span class='ocr_line' id='line_1_26' title="bbox 264 1914 1817 1968; baseline 0.001 -14"><span class='ocrx_word' id='word_1_200' title='bbox 264 1914 495 1966; x_wconf 86' lang='lat' dir='ltr'><strong>Persaepe</strong></span> <span class='ocrx_word' id='word_1_201' title='bbox 517 1927 543 1953; x_wconf 89' lang='lat' dir='ltr'><strong>a</strong></span> <span class='ocrx_word' id='word_1_202' title='bbox 566 1914 720 1954; x_wconf 89' lang='lat' dir='ltr'><strong>multis</strong></span> <span class='ocrx_word' id='word_1_203' title='bbox 738 1914 796 1954; x_wconf 88' lang='lat' dir='ltr'><strong>ad</strong></span> <span class='ocrx_word' id='word_1_204' title='bbox 814 1925 899 1953; x_wconf 92' lang='lat' dir='ltr'><strong>nos</strong></span> <span class='ocrx_word' id='word_1_205' title='bbox 917 1914 1094 1954; x_wconf 88' lang='lat' dir='ltr'><strong>aditum</strong></span> <span class='ocrx_word' id='word_1_206' title='bbox 1112 1921 1196 1964; x_wconf 90' lang='lat' dir='ltr'><strong>est,</strong></span> <span class='ocrx_word' id='word_1_207' title='bbox 1216 1914 1309 1965; x_wconf 86' lang='lat' dir='ltr'><strong>qui,</strong></span> <span class='ocrx_word' id='word_1_208' title='bbox 1332 1921 1677 1966; x_wconf 85' lang='lat' dir='ltr'><strong>conquerentes</strong></span> <span class='ocrx_word' id='word_1_209' title='bbox 1698 1928 1817 1968; x_wconf 90' lang='lat' dir='ltr'><strong>pene</strong></span> 
     </span>
     <span class='ocr_line' id='line_1_27' title="bbox 184 1985 1819 2037; baseline 0.001 -12"><span class='ocrx_word' id='word_1_210' title='bbox 184 1996 509 2037; x_wconf 87' lang='lat' dir='ltr'><strong>pergraueque</strong></span> <span class='ocrx_word' id='word_1_211' title='bbox 531 1985 748 2035; x_wconf 87' lang='lat' dir='ltr'><strong>ferentes,</strong></span> <span class='ocrx_word' id='word_1_212' title='bbox 772 1985 1076 2025; x_wconf 85' lang='lat' dir='ltr'><strong>vehementer</strong></span> <span class='ocrx_word' id='word_1_213' title='bbox 1097 1985 1270 2036; x_wconf 86' lang='lat' dir='ltr'><strong>dolent,</strong></span> <span class='ocrx_word' id='word_1_214' title='bbox 1291 1996 1397 2025; x_wconf 93' lang='lat' dir='ltr'><strong>cum</strong></span> <span class='ocrx_word' id='word_1_215' title='bbox 1415 1997 1464 2025; x_wconf 91' lang='lat' dir='ltr'><strong>se</strong></span> <span class='ocrx_word' id='word_1_216' title='bbox 1481 1986 1639 2026; x_wconf 89' lang='lat' dir='ltr'><strong>orbari</strong></span> <span class='ocrx_word' id='word_1_217' title='bbox 1661 1987 1819 2027; x_wconf 87' lang='lat' dir='ltr'><strong>dicant</strong></span> 
     </span>
     <span class='ocr_line' id='line_1_28' title="bbox 185 2056 1817 2110; baseline 0.001 -13"><span class='ocrx_word' id='word_1_218' title='bbox 185 2057 390 2097; x_wconf 84' lang='lat' dir='ltr'><strong>maximo</strong></span> <span class='ocrx_word' id='word_1_219' title='bbox 410 2058 556 2107; x_wconf 87' lang='lat' dir='ltr'><strong>bono;</strong></span> <span class='ocrx_word' id='word_1_220' title='bbox 581 2056 662 2097; x_wconf 91' lang='lat' dir='ltr'><strong>sed</strong></span> <span class='ocrx_word' id='word_1_221' title='bbox 684 2064 727 2097; x_wconf 84' lang='grc'><strong>61</strong></span> <span class='ocrx_word' id='word_1_222' title='bbox 747 2069 839 2097; x_wconf 90' lang='lat' dir='ltr'><strong>non</strong></span> <span class='ocrx_word' id='word_1_223' title='bbox 862 2058 1011 2097; x_wconf 92' lang='lat' dir='ltr'><strong>solum</strong></span> <span class='ocrx_word' id='word_1_224' title='bbox 1038 2057 1148 2107; x_wconf 87' lang='lat' dir='ltr'><strong>sibi,</strong></span> <span class='ocrx_word' id='word_1_225' title='bbox 1173 2069 1338 2097; x_wconf 87' lang='lat' dir='ltr'><strong>verum</strong></span> <span class='ocrx_word' id='word_1_226' title='bbox 1360 2058 1501 2097; x_wconf 89' lang='lat' dir='ltr'><strong>etiam</strong></span> <span class='ocrx_word' id='word_1_227' title='bbox 1533 2058 1617 2098; x_wconf 91' lang='lat' dir='ltr'><strong>toti</strong></span> <span class='ocrx_word' id='word_1_228' title='bbox 1643 2060 1817 2110; x_wconf 90' lang='lat' dir='ltr'><strong>populo</strong></span> 
     </span>
     <span class='ocr_line' id='line_1_29' title="bbox 181 2127 1816 2180; baseline 0.001 -12"><span class='ocrx_word' id='word_1_229' title='bbox 181 2129 422 2179; x_wconf 89' lang='lat' dir='ltr'><strong>impensae</strong></span> <span class='ocrx_word' id='word_1_230' title='bbox 444 2127 781 2168; x_wconf 83' lang='lat' dir='ltr'><strong>aedificationis</strong></span> <span class='ocrx_word' id='word_1_231' title='bbox 797 2127 977 2168; x_wconf 84' lang='lat' dir='ltr'><strong>fructus</strong></span> <span class='ocrx_word' id='word_1_232' title='bbox 995 2134 1210 2167; x_wconf 86' lang='lat' dir='ltr'><strong>asserunt</strong></span> <span class='ocrx_word' id='word_1_233' title='bbox 1228 2128 1472 2168; x_wconf 87' lang='lat' dir='ltr'><strong>sustulisse</strong></span> <span class='ocrx_word' id='word_1_234' title='bbox 1491 2140 1598 2179; x_wconf 91' lang='lat' dir='ltr'><strong>nos,</strong></span> <span class='ocrx_word' id='word_1_235' title='bbox 1620 2129 1696 2180; x_wconf 89' lang='lat' dir='ltr'><strong>qui</strong></span> <span class='ocrx_word' id='word_1_236' title='bbox 1718 2141 1816 2170; x_wconf 92' lang='lat' dir='ltr'><strong>rem</strong></span> 
     </span>
     <span class='ocr_line' id='line_1_30' title="bbox 182 2199 1812 2252; baseline 0.001 -13"><span class='ocrx_word' id='word_1_237' title='bbox 182 2199 300 2239; x_wconf 88' lang='lat' dir='ltr'><strong>adeo</strong></span> <span class='ocrx_word' id='word_1_238' title='bbox 336 2199 630 2239; x_wconf 89' lang='lat' dir='ltr'><strong>commodam</strong></span> <span class='ocrx_word' id='word_1_239' title='bbox 674 2199 1084 2250; x_wconf 83' lang='lat' dir='ltr'><strong>necessariamque</strong></span> <span class='ocrx_word' id='word_1_240' title='bbox 1125 2211 1217 2239; x_wconf 92' lang='lat' dir='ltr'><strong>non</strong></span> <span class='ocrx_word' id='word_1_241' title='bbox 1255 2199 1481 2239; x_wconf 86' lang='lat' dir='ltr'><strong>fuerimus</strong></span> <span class='ocrx_word' id='word_1_242' title='bbox 1523 2202 1812 2252; x_wconf 87' lang='lat' dir='ltr'><strong>prosequuti.</strong></span> 
     </span>
     <span class='ocr_line' id='line_1_31' title="bbox 182 2270 1816 2322; baseline 0.001 -12"><span class='ocrx_word' id='word_1_243' title='bbox 182 2270 304 2321; x_wconf 82' lang='lat' dir='ltr'><strong>Quin</strong></span> <span class='ocrx_word' id='word_1_244' title='bbox 325 2270 465 2310; x_wconf 88' lang='lat' dir='ltr'><strong>etiam</strong></span> <span class='ocrx_word' id='word_1_245' title='bbox 487 2270 590 2321; x_wconf 90' lang='lat' dir='ltr'><strong>pius</strong></span> <span class='ocrx_word' id='word_1_246' title='bbox 612 2270 844 2321; x_wconf 90' lang='lat' dir='ltr'><strong>quispiam</strong></span> <span class='ocrx_word' id='word_1_247' title='bbox 865 2270 952 2317; x_wconf 84' lang='lat' dir='ltr'><strong>vir,</strong></span> <span class='ocrx_word' id='word_1_248' title='bbox 976 2271 1147 2322; x_wconf 88' lang='lat' dir='ltr'><strong>quippe</strong></span> <span class='ocrx_word' id='word_1_249' title='bbox 1176 2271 1308 2310; x_wconf 91' lang='lat' dir='ltr'><strong>cuius</strong></span> <span class='ocrx_word' id='word_1_250' title='bbox 1334 2271 1470 2310; x_wconf 86' lang='lat' dir='ltr'><strong>lactis</strong></span> <span class='ocrx_word' id='word_1_251' title='bbox 1498 2271 1694 2312; x_wconf 90' lang='lat' dir='ltr'><strong>dulcedo</strong></span> <span class='ocrx_word' id='word_1_252' title='bbox 1723 2272 1816 2312; x_wconf 79' lang='lat' dir='ltr'><strong>suf-</strong></span> 
     </span>
     <span class='ocr_line' id='line_1_32' title="bbox 180 2341 1818 2393; baseline 0.001 -12"><span class='ocrx_word' id='word_1_253' title='bbox 180 2341 402 2381; x_wconf 83' lang='lat' dir='ltr'><strong>fulciebat&#39;</strong></span> <span class='ocrx_word' id='word_1_254' title='bbox 412 2348 589 2393; x_wconf 83' lang='lat' dir='ltr'><strong>pectus,</strong></span> <span class='ocrx_word' id='word_1_255' title='bbox 611 2352 835 2391; x_wconf 88' lang='lat' dir='ltr'><strong>magnum</strong></span> <span class='ocrx_word' id='word_1_256' title='bbox 852 2353 964 2392; x_wconf 88' lang='lat' dir='ltr'><strong>prae</strong></span> <span class='ocrx_word' id='word_1_257' title='bbox 981 2353 1030 2381; x_wconf 94' lang='lat' dir='ltr'><strong>se</strong></span> <span class='ocrx_word' id='word_1_258' title='bbox 1048 2341 1151 2381; x_wconf 87' lang='lat' dir='ltr'><strong>tulit</strong></span> <span class='ocrx_word' id='word_1_259' title='bbox 1169 2341 1378 2381; x_wconf 89' lang='lat' dir='ltr'><strong>dolorem</strong></span> <span class='ocrx_word' id='word_1_260' title='bbox 1392 2354 1497 2382; x_wconf 91' lang='lat' dir='ltr'><strong>cum</strong></span> <span class='ocrx_word' id='word_1_261' title='bbox 1510 2342 1700 2383; x_wconf 88' lang='lat' dir='ltr'><strong>ianuam</strong></span> <span class='ocrx_word' id='word_1_262' title='bbox 1713 2343 1818 2383; x_wconf 88' lang='lat' dir='ltr'><strong>soli-</strong></span> 
     </span>
     <span class='ocr_line' id='line_1_33' title="bbox 179 2412 1813 2464; baseline 0.001 -12"><span class='ocrx_word' id='word_1_263' title='bbox 179 2419 276 2452; x_wconf 85' lang='lat' dir='ltr'><strong>tam</strong></span> <span class='ocrx_word' id='word_1_264' title='bbox 297 2412 384 2453; x_wconf 91' lang='lat' dir='ltr'><strong>sibi</strong></span> <span class='ocrx_word' id='word_1_265' title='bbox 403 2424 497 2453; x_wconf 91' lang='lat' dir='ltr'><strong>non</strong></span> <span class='ocrx_word' id='word_1_266' title='bbox 513 2418 674 2464; x_wconf 90' lang='lat' dir='ltr'><strong>patere</strong></span> <span class='ocrx_word' id='word_1_267' title='bbox 695 2412 901 2452; x_wconf 86' lang='lat' dir='ltr'><strong>resciuit:</strong></span> <span class='ocrx_word' id='word_1_268' title='bbox 924 2424 1033 2452; x_wconf 88' lang='lat' dir='ltr'><strong>nam</strong></span> <span class='ocrx_word' id='word_1_269' title='bbox 1055 2424 1161 2452; x_wconf 92' lang='lat' dir='ltr'><strong>cum</strong></span> <span class='ocrx_word' id='word_1_270' title='bbox 1178 2412 1251 2452; x_wconf 89' lang='lat' dir='ltr'><strong>die</strong></span> <span class='ocrx_word' id='word_1_271' title='bbox 1272 2413 1474 2464; x_wconf 90' lang='lat' dir='ltr'><strong>quadam</strong></span> <span class='ocrx_word' id='word_1_272' title='bbox 1494 2413 1553 2453; x_wconf 89' lang='lat' dir='ltr'><strong>ad</strong></span> <span class='ocrx_word' id='word_1_273' title='bbox 1575 2425 1661 2454; x_wconf 91' lang='lat' dir='ltr'><strong>nos</strong></span> <span class='ocrx_word' id='word_1_274' title='bbox 1683 2415 1813 2454; x_wconf 90' lang='lat' dir='ltr'><strong>veni-</strong></span> 
     </span>
     <span class='ocr_line' id='line_1_34' title="bbox 180 2482 1813 2534; baseline 0 -11"><span class='ocrx_word' id='word_1_275' title='bbox 180 2489 263 2534; x_wconf 88' lang='lat' dir='ltr'><strong>ret,</strong></span> <span class='ocrx_word' id='word_1_276' title='bbox 289 2484 490 2524; x_wconf 89' lang='lat' dir='ltr'><strong>accessit</strong></span> <span class='ocrx_word' id='word_1_277' title='bbox 512 2483 569 2523; x_wconf 88' lang='lat' dir='ltr'><strong>ad</strong></span> <span class='ocrx_word' id='word_1_278' title='bbox 592 2494 712 2533; x_wconf 91' lang='lat' dir='ltr'><strong>eum,</strong></span> <span class='ocrx_word' id='word_1_279' title='bbox 736 2482 814 2534; x_wconf 92' lang='lat' dir='ltr'><strong>qui</strong></span> <span class='ocrx_word' id='word_1_280' title='bbox 843 2488 951 2523; x_wconf 91' lang='lat' dir='ltr'><strong>tunc</strong></span> <span class='ocrx_word' id='word_1_281' title='bbox 982 2489 1081 2523; x_wconf 89' lang='lat' dir='ltr'><strong>erat</strong></span> <span class='ocrx_word' id='word_1_282' title='bbox 1111 2496 1137 2523; x_wconf 90' lang='lat' dir='ltr'><strong>a</strong></span> <span class='ocrx_word' id='word_1_283' title='bbox 1172 2483 1327 2533; x_wconf 88' lang='lat' dir='ltr'><strong>ianua,</strong></span> <span class='ocrx_word' id='word_1_284' title='bbox 1365 2490 1620 2534; x_wconf 88' lang='lat' dir='ltr'><strong>rogaturus</strong></span> <span class='ocrx_word' id='word_1_285' title='bbox 1642 2497 1702 2525; x_wconf 88' lang='lat' dir='ltr'><strong>an</strong></span> <span class='ocrx_word' id='word_1_286' title='bbox 1724 2487 1813 2525; x_wconf 85' lang='lat' dir='ltr'><strong>elo-</strong></span> 
     </span>
     <span class='ocr_line' id='line_1_35' title="bbox 183 2553 1812 2606; baseline 0.001 -12"><span class='ocrx_word' id='word_1_287' title='bbox 183 2554 342 2606; x_wconf 91' lang='lat' dir='ltr'><strong>quium</strong></span> <span class='ocrx_word' id='word_1_288' title='bbox 366 2555 554 2595; x_wconf 87' lang='lat' dir='ltr'><strong>solitum</strong></span> <span class='ocrx_word' id='word_1_289' title='bbox 575 2560 696 2594; x_wconf 91' lang='lat' dir='ltr'><strong>esset</strong></span> <span class='ocrx_word' id='word_1_290' title='bbox 717 2553 937 2600; x_wconf 85' lang='lat' dir='ltr'><strong>futurum,</strong></span> <span class='ocrx_word' id='word_1_291' title='bbox 962 2565 1158 2605; x_wconf 90' lang='lat' dir='ltr'><strong>cumque</strong></span> <span class='ocrx_word' id='word_1_292' title='bbox 1180 2554 1350 2594; x_wconf 88' lang='lat' dir='ltr'><strong>ianitor</strong></span> <span class='ocrx_word' id='word_1_293' title='bbox 1373 2556 1692 2606; x_wconf 90' lang='lat' dir='ltr'><strong>respondisset</strong></span> <span class='ocrx_word' id='word_1_294' title='bbox 1712 2556 1812 2597; x_wconf 85' lang='lat' dir='ltr'><strong>fore</strong></span> 
     </span>
     <span class='ocr_line' id='line_1_36' title="bbox 180 2624 1810 2679; baseline 0.002 -14"><span class='ocrx_word' id='word_1_295' title='bbox 180 2625 562 2677; x_wconf 87' lang='lat' dir='ltr'><strong>impedimentum</strong></span> <span class='ocrx_word' id='word_1_296' title='bbox 583 2624 831 2676; x_wconf 91' lang='lat' dir='ltr'><strong>quominus</strong></span> <span class='ocrx_word' id='word_1_297' title='bbox 851 2624 897 2664; x_wconf 91' lang='lat' dir='ltr'><strong>id</strong></span> <span class='ocrx_word' id='word_1_298' title='bbox 913 2624 1013 2664; x_wconf 90' lang='lat' dir='ltr'><strong>fieri</strong></span> <span class='ocrx_word' id='word_1_299' title='bbox 1034 2625 1209 2676; x_wconf 88' lang='lat' dir='ltr'><strong>liceret,</strong></span> <span class='ocrx_word' id='word_1_300' title='bbox 1234 2626 1469 2667; x_wconf 84' lang='lat' dir='ltr'><strong>continuo:</strong></span> <span class='ocrx_word' id='word_1_301' title='bbox 1494 2626 1587 2667; x_wconf 88' lang='lat' dir='ltr'><strong>Ah!</strong></span> <span class='ocrx_word' id='word_1_302' title='bbox 1606 2629 1810 2679; x_wconf 89' lang='lat' dir='ltr'><strong>mallem,</strong></span> 
     </span>
     <span class='ocr_line' id='line_1_37' title="bbox 179 2695 1813 2749; baseline 0.003 -15"><span class='ocrx_word' id='word_1_303' title='bbox 179 2696 342 2747; x_wconf 87' lang='lat' dir='ltr'><strong>inquit,</strong></span> <span class='ocrx_word' id='word_1_304' title='bbox 365 2707 513 2747; x_wconf 85' lang='lat' dir='ltr'><strong>genas</strong></span> <span class='ocrx_word' id='word_1_305' title='bbox 534 2695 676 2735; x_wconf 88' lang='lat' dir='ltr'><strong>hasce</strong></span> <span class='ocrx_word' id='word_1_306' title='bbox 698 2695 880 2746; x_wconf 91' lang='lat' dir='ltr'><strong>publice</strong></span> <span class='ocrx_word' id='word_1_307' title='bbox 902 2695 1183 2736; x_wconf 86' lang='lat' dir='ltr'><strong>caecidisses</strong></span> <span class='ocrx_word' id='word_1_308' title='bbox 1206 2696 1431 2748; x_wconf 84' lang='lat' dir='ltr'><strong>colaphis,</strong></span> <span class='ocrx_word' id='word_1_309' title='bbox 1462 2709 1602 2749; x_wconf 88' lang='lat' dir='ltr'><strong>quam</strong></span> <span class='ocrx_word' id='word_1_310' title='bbox 1624 2698 1813 2740; x_wconf 86' lang='lat' dir='ltr'><strong>isthunc</strong></span> 
     </span>
    </p>
   </div>
   <div class='ocr_carea' id='block_1_3' title="bbox 177 2879 1808 2961">
    <p class='ocr_par' dir='ltr' id='par_1_6' title="bbox 177 2879 1808 2961">
     <span class='ocr_line' id='line_1_38' title="bbox 234 2879 1808 2915; baseline 0.003 -9"><span class='ocrx_word' id='word_1_311' title='bbox 234 2881 242 2898; x_wconf 90' lang='lat'><strong>¹</strong></span> <span class='ocrx_word' id='word_1_312' title='bbox 282 2880 355 2913; x_wconf 83' lang='lat' dir='ltr'><strong>“qui</strong></span> <span class='ocrx_word' id='word_1_313' title='bbox 371 2880 634 2914; x_wconf 54' lang='lat' dir='ltr'><strong>grammaticam</strong></span> <span class='ocrx_word' id='word_1_314' title='bbox 650 2879 1050 2912; x_wconf 64' lang='lat' dir='ltr'><strong>docebat.P.(Jacob21s)</strong></span> <span class='ocrx_word' id='word_1_315' title='bbox 1074 2879 1202 2910; x_wconf 70' lang='lat' dir='ltr'><strong>Dur-an.</strong></span> <span class='ocrx_word' id='word_1_316' title='bbox 1228 2879 1269 2906; x_wconf 87' lang='lat' dir='ltr'><strong>ad</strong></span> <span class='ocrx_word' id='word_1_317' title='bbox 1288 2879 1479 2914; x_wconf 78' lang='lat' dir='ltr'><strong>Collegium</strong></span> <span class='ocrx_word' id='word_1_318' title='bbox 1497 2880 1672 2915; x_wconf 76' lang='lat' dir='ltr'><strong>Uurgcnse</strong></span> <span class='ocrx_word' id='word_1_319' title='bbox 1696 2888 1808 2910; x_wconf 69' lang='lat' dir='ltr'><strong>trans-</strong></span> 
     </span>
     <span class='ocr_line' id='line_1_39' title="bbox 177 2927 1233 2961; baseline 0.001 -8"><span class='ocrx_word' id='word_1_320' title='bbox 177 2927 299 2954; x_wconf 85' lang='lat' dir='ltr'><strong>missus</strong></span> <span class='ocrx_word' id='word_1_321' title='bbox 315 2932 365 2954; x_wconf 81' lang='lat' dir='ltr'><strong>est</strong></span> <span class='ocrx_word' id='word_1_322' title='bbox 383 2948 397 2959; x_wconf 78' lang='lat'><strong>.,</strong></span> <span class='ocrx_word' id='word_1_323' title='bbox 413 2927 588 2954; x_wconf 68' lang='lat' dir='ltr'><strong>PoLANcus</strong></span> <span class='ocrx_word' id='word_1_324' title='bbox 604 2927 636 2953; x_wconf 89' lang='lat' dir='ltr'><strong>in</strong></span> <span class='ocrx_word' id='word_1_325' title='bbox 653 2927 828 2961; x_wconf 64' lang='lat' dir='ltr'><strong>Chronico,</strong></span> <span class='ocrx_word' id='word_1_326' title='bbox 845 2933 867 2955; x_wconf 85' lang='grc'><strong>1.</strong></span> <span class='ocrx_word' id='word_1_327' title='bbox 888 2934 934 2961; x_wconf 80' lang='lat' dir='ltr'><strong>lv,</strong></span> <span class='ocrx_word' id='word_1_328' title='bbox 951 2935 1026 2961; x_wconf 81' lang='lat' dir='ltr'><strong>pag.</strong></span> <span class='ocrx_word' id='word_1_329' title='bbox 1043 2927 1106 2960; x_wconf 66' lang='lat'><strong>359,</strong></span> <span class='ocrx_word' id='word_1_330' title='bbox 1123 2935 1152 2954; x_wconf 90' lang='lat' dir='ltr'><strong>n.</strong></span> <span class='ocrx_word' id='word_1_331' title='bbox 1170 2927 1233 2954; x_wconf 73' lang='lat'><strong>837.</strong></span> 
     </span>
    </p>
   </div>
  </div>
 </body>
</html>
