2047 3179
249 187 322 224 524
760 187 989 225 LlT‘rERAE
1016 196 1375 231 QUADRIMESTRES

250 283 339 335 ris,
377 283 572 335 aliisque
608 285 886 325 exercendis
920 283 1042 324 ludis
1077 282 1445 334 exhibendisque
1484 282 1657 334 populo
1691 282 1892 333 publicis

252 355 551 407 spectaculis,
576 361 701 396 totus
722 362 844 396 esset
865 356 1095 395 hactenus
1115 354 1339 404 intentUS,
1357 364 1482 392 nunc
1501 352 1716 392 omnibus
1738 353 1891 393 modis

251 425 440 466 enititur
461 438 519 466 ne
540 426 585 467 id
606 426 687 467 fiat
708 426 1013 475 intercedere3
1037 424 1162 477 quod
1190 424 1229 464 si
1257 423 1444 475 assequi
1466 435 1558 463 non
1587 423 1740 474 liceat,
1770 423 1889 464 vrbe

250 497 387 547 cedit,
412 509 563 549 neque
580 498 798 549 precibus
816 497 922 536 vllis
944 502 1023 536 aut
1044 494 1427 547 persuasionibus
1446 500 1496 534 vt
1518 494 1800 546 spectaculis
1821 494 1884 534 in-

249 569 384 609 tersit
406 569 463 609 ab
487 581 541 609 eo
563 569 805 620 impetrari
827 573 997 619 potest.

330 639 475 680 Multa
497 641 653 689 etiam,
679 646 724 679 et
747 645 928 679 retenta
950 644 994 679 et
1015 639 1136 679 male
1157 644 1308 690 parta,
1340 638 1399 678 ad
1421 649 1530 678 suos
1557 636 1769 677 redeunt.
1800 636 1886 676 Ini-

249 711 455 752 micitiae
477 711 772 763 deponuntur
794 716 838 750 et
859 710 1123 750 inueterata
1146 710 1267 750 odia.

328 782 442 823 Illud
464 795 557 822 non
576 782 897 830 omittendum,
922 781 1047 833 quod
1068 782 1189 822 inter
1212 781 1302 821 alia
1318 792 1401 832 per
1422 780 1610 820 Patrem
1627 779 1886 819 Doctorem

247 860 470 904 operatus
491 860 560 894 est
583 853 828 893 Dominus
853 853 978 893 Inter
1008 853 1165 893 virum
1194 858 1238 893 et
1265 864 1464 892 onrem
1492 862 1664 903 graues
1692 850 1883 890 inimici-

245 924 338 965 tiae
360 931 509 965 erant:
536 925 784 965 laborabat
807 925 931 964 enim
963 925 1019 965 de
1047 936 1196 964 vxore
1224 924 1421 964 maritus
1443 935 1536 963 non
1572 922 1760 974 quidem
1791 921 1885 961 leui

246 996 527 1048 suspicione,
551 995 674 1036 Vnde
697 996 784 1036 sibi
807 996 972 1036 mulier
994 1002 1193 1036 mortem
1212 996 1421 1035 timebat:
1442 993 1632 1034 tandem
1651 1005 1704 1033 eo
1722 1004 1797 1032 res
1815 1004 1883 1032 re-

245 1068 328 1108 diit
349 1074 400 1108 vt
421 1074 618 1119 vterque
640 1067 768 1107 Patri
790 1068 987 1108 Doctori
1005 1067 1249 1107 confessus
1270 1067 1350 1106 sit:
1373 1066 1437 1106 ita
1456 1077 1561 1106 cum
1584 1065 1706 1104 bona
1728 1065 1882 1115 gratia

244 1139 490 1191 compositi
513 1139 665 1190 ambo,
690 1141 838 1180 vitam
860 1151 1057 1191 coepere
1078 1139 1124 1179 in
1155 1138 1356 1179 Domino
1378 1136 1747 1189 placidissimam
1775 1145 1882 1185 age-

242 1222 307 1251 re.
332 1212 390 1252 Et
411 1218 461 1251 vt
483 1211 607 1263 parti
628 1211 735 1251 huic
758 1210 1106 1251 confessionum
1128 1210 1267 1251 finem
1286 1210 1597 1261 imponamuS,
1621 1207 1786 1248 messis
1809 1218 1879 1246 co-

242 1283 374 1334 piosa
397 1285 556 1335 plures
578 1268 814 1323 desiderat
838 1283 1096 1334 operarios.

322 1354 570 1406 Reliquum
593 1361 662 1395 est
685 1361 736 1395 vt
758 1355 813 1395 de
836 1354 1099 1395 studiorum
1120 1353 1334 1405 profectu
1350 1352 1557 1392 breuiter
1580 1348 1783 1403 [dicam]:
1808 1361 1880 1389 ac-

241 1426 412 1466 crescit
432 1426 479 1466 in
500 1427 598 1466 dies
620 1427 885 1466 auditorum
904 1425 1054 1477 copia,
1080 1425 1310 1476 nullisque
1340 1423 1578 1464 laboribus
1610 1426 1811 1474 parcunt
1835 1422 1880 1460 in

239 1497 576 1550 persequendis
604 1498 791 1549 studiis,
823 1510 845 1538 e
868 1498 1034 1550 quibus
1056 1497 1293 1548 ingentem
1310 1496 1514 1536 fructum
1544 1493 1778 1546 reportari
1804 1504 1880 1532 ex-

238 1569 500 1620 perimento
528 1570 666 1610 discit
686 1570 911 1610 Vniuersa
940 1569 1037 1609 sere
1064 1569 1246 1608 ciuitas.
1268 1568 1409 1621 Juuat
1429 1567 1682 1618 plurimum
1709 1565 1881 1616 datque

236 1640 387 1680 literis
413 1641 754 1681 incrementum
782 1641 1055 1691 maximum,
1090 1640 1212 1692 quod
1235 1639 1294 1679 ad
1314 1639 1536 1691 pietatem
1572 1636 1880 1677 christianam

239 1723 402 1752 omnes
425 1712 525 1752 nati
552 1712 816 1763 videantur3
836 1712 900 1752 ita
928 1712 1049 1752 inter
1079 1723 1128 1752 se
1150 1717 1309 1751 mutuo
1333 1716 1508 1760 amant,
1547 1713 1879 1760 praeceptores

236 1791 512 1824 reuerentur
540 1796 595 1824 ac
631 1784 912 1836 suspiciunt,
944 1795 1063 1836 quae
1094 1783 1309 1823 recinunt
1330 1781 1505 1822 dictata
1527 1781 1655 1820 velut
1686 1780 1878 1820 oracula

235 1855 545 1907 excipientes3
568 1856 795 1908 praebent
817 1861 943 1896 certe
965 1855 1204 1907 specimen
1225 1853 1402 1894 solidae
1420 1852 1608 1893 virtutis
1631 1863 1686 1891 ac
1709 1851 1878 1891 doctri-

234 1938 338 1967 nae:
362 1927 568 1979 quotidie
598 1939 646 1967 se
675 1934 719 1967 et
742 1927 940 1967 dicendo
963 1933 1007 1967 et
1030 1925 1353 1978 componendo
1384 1929 1620 1974 exercent,
1654 1922 1777 1975 quod
1798 1934 1876 1974 pu-

230 1998 380 2039 blicae
408 1999 774 2040 declamationes
806 1998 992 2039 habitae
1019 1998 1300 2038 documento
1333 2002 1462 2046 sunt,
1493 1995 1553 2036 ad
1583 2006 1701 2047 quas
1736 1994 1878 2034 etiam

231 2070 372 2110 modo
386 2082 488 2111 sese
506 2077 792 2122 componunt
810 2071 857 2110 in
873 2070 995 2110 diem
1013 2069 1210 2110 Beatiss.
1223 2068 1434 2122 Joannis,
1454 2078 1544 2118 quo
1561 2067 1701 2107 etiam
1713 2066 1877 2117 dieper

231 2141 554 2183 adolescentes
576 2141 761 2193 agenda
782 2148 851 2182 est
873 2154 928 2182 ea
950 2141 1192 2182 comoedia
1214 2140 1376 2190 latina,
1404 2150 1545 2191 quam
1565 2143 1740 2178 vocant
1761 2137 1875 2177 Aco-

228 2213 429 2264 lustum,
450 2213 740 2254 detruncatis
763 2226 822 2254 ex
846 2225 900 2253 ea
917 2213 1035 2253 locis
1057 2212 1305 2264 aliquibus,
1330 2222 1471 2263 quam
1495 2209 1876 2250 commodissime

230 2285 330 2326 fieri
351 2286 516 2337 potuit,
542 2285 619 2337 qui
636 2285 739 2337 pias
770 2296 910 2325 aures
933 2284 1237 2325 offenderent.
1262 2283 1476 2324 Graecae
1498 2282 1639 2322 etiam
1667 2281 1873 2320 literatu-

229 2368 312 2397 rae
335 2362 527 2397 strenua
548 2363 752 2397 nauatur
770 2369 928 2408 opera,
950 2355 1067 2396 adeo
1085 2362 1135 2396 vt
1153 2355 1245 2396 sint
1262 2355 1341 2407 qui
1361 2365 1534 2405 graece
1552 2352 1757 2393 condant
1774 2363 1873 2391 car-

227 2429 356 2469 mina
379 2428 582 2480 quinque
604 2440 750 2468 sexve
777 2428 1008 2468 mensium
1032 2427 1200 2479 spatio.
1223 2426 1466 2466 Hactenus
1487 2425 1544 2465 de
1565 2423 1744 2464 studiis.

308 2499 451 2540 Hisce
473 2500 634 2540 diebus
658 2500 835 2552 aliquot
858 2511 960 2540 sese
978 2499 1025 2540 in
1042 2498 1364 2551 spiritualibus
1381 2496 1507 2537 domi
1525 2505 1795 2543 exercuere,
1816 2506 1874 2534 ex

228 2571 521 2611 auditoribus
543 2571 770 2611 nonnulli:
795 2576 839 2610 et
860 2571 969 2611 licet
991 2582 1152 2610 omnes
1175 2569 1390 2610 omnibus
1417 2567 1544 2607 votis
1563 2565 1746 2606 admitti
1767 2576 1873 2605 con-

227 2642 490 2694 tenderent,
521 2654 571 2682 re
600 2643 665 2683 ita
694 2643 928 2693 exigente,
959 2642 1114 2682 visum
1145 2647 1215 2681 est
1242 2641 1289 2680 in
1312 2639 1437 2680 aliud
1465 2637 1644 2679 differri
1670 2643 1869 2688 tempus.

229 2712 491 2764 Quemdam
512 2720 671 2754 tamen
694 2714 1042 2754 adolescentem
1063 2712 1123 2753 ad
1143 2712 1192 2753 P.
1212 2711 1520 2752 Franciscum
1543 2709 1768 2756 misimus,
1793 2707 1872 2759 qui

226 2784 371 2824 latine
393 2785 539 2836 probe
563 2786 729 2825 doctus
750 2792 867 2825 erat.

305 2856 470 2896 Patres
492 2862 536 2896 et
558 2856 752 2897 Fratres
773 2856 912 2897 huius
936 2855 1123 2908 collegii
1138 2856 1257 2896 bene
1274 2855 1448 2905 valent,
1468 2853 1655 2894 Christo
1671 2849 1867 2900 gratias:

225 2927 338 2967 velit
359 2928 449 2967 hoc
470 2928 604 2968 nobis
625 2928 870 2979 proprium
892 2939 995 2968 esse
1012 2927 1141 2968 Deus
1159 2932 1210 2967 vt
1228 2926 1384 2966 animo
1406 2935 1590 2975 semper
1607 2923 1864 2971 valeamus,

227 2997 518 3051 solidamque
539 3001 884 3051 amplectamur
905 2999 1048 3050 viam,
1080 3009 1199 3050 quae
1219 3009 1306 3038 nos
1336 2997 1396 3037 ad
1416 2996 1663 3036 veritatem
1694 2992 1867 3043 dirigat
