2047 3179
237 157 307 193 722
755 156 981 194 LlTTERAE
1009 167 1368 200 QUADRIMESTRES

237 254 389 304 docet,
415 254 666 305 aliquando
689 254 930 306 praedicat
952 254 1136 294 animae
1158 255 1376 295 salutem:
1411 261 1455 295 et
1475 256 1590 296 haec
1614 264 1704 306 est,
1743 258 1792 298 R.
1829 259 1877 298 P.

237 338 417 366 summa
441 337 604 365 earum
626 337 783 366 rerum
805 337 924 376 quae
944 325 1215 377 frequenter
1237 325 1338 366 fieri
1359 327 1524 368 solent.

317 398 414 438 Iam
437 397 495 437 ad
517 409 572 437 ea
595 397 952 447 descendamUS,
978 409 1097 448 quae
1119 397 1276 437 diuina
1298 398 1483 439 bonitas
1505 411 1588 450 per
1610 399 1775 440 Patres
1798 413 1878 441 no-

237 471 321 510 stri
343 470 542 520 Collegii
563 477 757 520 operata
779 476 863 519 est,
888 481 946 509 ex
968 469 1134 520 quibus
1156 481 1249 509 non
1271 470 1424 510 minor
1443 470 1530 510 Dei
1549 472 1650 511 laus
1668 473 1780 512 oriri
1799 484 1878 523 po-

237 548 340 582 1651.
366 540 610 592 Quaedam
630 541 767 591 virgo
790 540 891 580 Deo
914 547 1208 590 consecrata,
1233 552 1353 592 quae
1374 541 1468 581 iam
1492 543 1616 582 votis
1637 555 1686 583 se
1709 545 1875 584 astrin-

237 619 392 661 xerat,
418 625 524 653 cum
546 625 572 652 a
595 611 820 652 coenobio
842 612 1039 651 latenter
1067 611 1285 662 fugisset,
1310 613 1439 652 venit
1471 613 1517 653 in
1545 614 1667 653 hanc
1696 616 1875 665 urbem,

236 696 371 737 quae,
397 684 557 724 audita
579 684 804 724 concione
827 683 1071 722 cuiusdam
1093 683 1242 723 nostri
1263 683 1438 734 fratris,
1465 685 1581 725 adeo
1604 686 1715 726 facti
1749 687 1876 727 illam

236 756 478 808 poenituit,
504 763 552 796 ut
575 755 732 796 statim
754 755 799 794 in
822 755 1012 794 domum
1034 760 1243 795 nostram
1267 755 1478 806 profecta
1495 756 1634 797 fuerit
1651 764 1701 797 vt
1723 760 1871 799 nostri

236 828 401 869 Patres
423 829 563 879 (quos
585 828 661 867 illa
684 827 831 867 bonos
853 827 1048 878 putabat
1070 826 1303 877 medicos)
1337 827 1617 868 medicinam
1639 840 1723 870 suo
1753 832 1876 871 malo

236 899 472 949 afferrent3
493 899 623 939 cuius
640 899 803 938 morbo
823 898 1027 948 cognitO,
1053 898 1260 938 adhibita
1280 897 1537 949 diligentia,
1559 900 1605 939 in
1628 901 1872 951 pristinum

234 977 410 1012 statum
431 971 646 1011 restituta
668 977 738 1010 est
760 971 859 1010 sine
882 969 974 1009 ullo
992 970 1145 1009 famae
1167 980 1279 1009 suae
1303 970 1597 1011 detrimento

314 1043 422 1083 Alia
443 1043 595 1093 virgo,
622 1042 752 1082 cuius
775 1052 946 1092 corpus
964 1040 1162 1080 duorum
1179 1051 1410 1081 annorum
1427 1042 1580 1093 spatio
1600 1054 1625 1082 a
1644 1043 1873 1085 daemone

234 1114 386 1154 fuerat
407 1120 646 1161 vexatum,
678 1113 834 1153 anima
857 1124 882 1151 a
907 1112 1135 1152 daemone
1157 1112 1438 1162 grauissime
1466 1114 1723 1164 urgebatur
1743 1123 1793 1156 vt
1824 1128 1874 1156 se

233 1193 381 1226 totam
403 1186 444 1225 61
466 1185 686 1235 traderet,
712 1185 789 1236 qui
811 1196 981 1236 corpus
1004 1183 1262 1223 obsidebat:
1288 1195 1393 1224 cum
1417 1191 1572 1225 autem
1596 1197 1623 1225 a
1646 1186 1874 1228 daemone

232 1269 326 1297 non
347 1257 665 1307 fatigabatur,
691 1256 880 1296 tristitia
904 1257 1130 1311 dolorque
1152 1266 1264 1295 suae
1287 1255 1568 1297 conditionis
1590 1268 1693 1297 eam
1714 1269 1872 1310 perpe-

230 1335 310 1368 tuo
335 1329 539 1380 angebat
561 1340 708 1381 usque
730 1330 790 1370 ad
811 1330 1189 1383 desperationem
1211 1332 1266 1372 de
1288 1343 1373 1371 sua
1394 1332 1565 1371 salute:
1594 1330 1783 1370 tandem
1813 1329 1872 1368 ad

230 1401 446 1441 eumdem
476 1401 672 1442 fratrem
704 1404 910 1454 (propter
943 1404 1076 1444 cuius
1106 1404 1383 1444 concionem
1404 1403 1603 1455 primam
1635 1402 1739 1442 dico
1771 1412 1872 1441 esse

228 1473 524 1523 conuersam)
547 1472 748 1524 ducitur,
775 1486 800 1514 a
822 1486 914 1526 quo
937 1476 1214 1516 exorcismis
1246 1476 1305 1515 ad
1333 1483 1515 1526 tempus
1544 1474 1630 1514 11111
1656 1474 1869 1513 111161313.

228 1543 411 1584 Interea
433 1545 693 1596 colloquiis,
718 1546 1220 1599 exhortationibusque
1244 1547 1393 1587 nostri
1415 1546 1577 1586 fratris
1599 1545 1715 1585 adeo
1740 1545 1869 1584 illam

227 1616 425 1667 repleuit
442 1616 616 1666 gaudio
634 1617 677 1655 in
697 1616 914 1663 Domino,
933 1625 982 1658 111
1000 1619 1152 1668 modo,
1173 1619 1360 1670 quando
1379 1631 1404 1658 a
1422 1618 1651 1658 daemone
1668 1616 1868 1656 liberata

225 1693 310 1738 est,
336 1688 458 1727 laeta
480 1687 539 1727 sit
561 1694 605 1727 et
627 1694 793 1739 parata
817 1695 864 1728 ut
886 1689 931 1729 in
955 1701 1009 1729 ea
1031 1690 1110 1730 fiat
1129 1690 1216 1730 Dei
1240 1691 1474 1730 voluntas.

304 1757 514 1799 Liberati
536 1766 643 1799 sunt
664 1759 756 1799 duo
779 1760 866 1800 uiri
888 1761 1114 1811 primates
1137 1773 1163 1801 a
1186 1762 1466 1814 quibusdam
1493 1759 1866 1801 dissensionibus

223 1830 534 1881 grauissimis,
559 1843 679 1882 quae
701 1831 1022 1873 imminebant:
1047 1844 1153 1873 curn
1175 1833 1298 1873 enim
1316 1834 1448 1883 alter,
1468 1833 1545 1884 qui
1568 1832 1626 1872 ab
1650 1831 1740 1871 alio
1764 1839 1868 1870 erat

222 1901 441 1953 offensus,
466 1902 657 1942 domum
671 1903 875 1943 misisset
891 1910 1115 1955 rogatum
1134 1911 1182 1945 vt
1201 1905 1370 1957 aliquis
1387 1910 1656 1945 nostrorum
1673 1911 1864 1955 patrum

221 1985 361 2014 servo
384 1985 468 2013 suo
493 1975 721 2014 morituro
744 1987 880 2026 opem
900 1975 1059 2026 ferret,
1084 1977 1172 2016 hac
1196 1977 1444 2017 occasione
1465 1975 1615 2016 nostri
1637 1974 1868 2015 amicissi—

222 2056 325 2085 mus
347 2044 500 2085 factus
522 2052 615 2096 est,
646 2047 725 2097 qui
751 2046 951 2087 forsitan
980 2059 1066 2088 nos
1097 2054 1280 2088 tantum
1312 2049 1500 2088 nomine
1529 2046 1866 2097 cognoscebat:

220 2127 311 2167 qua
329 2116 650 2157 familiaritate
672 2117 835 2158 sedata
857 2125 927 2159 est
950 2119 1085 2159 huius
1108 2119 1310 2159 hominis
1332 2119 1436 2159 bilis
1458 2119 1640 2168 insana,
1661 2129 1753 2169 qua
1775 2116 1861 2156 fre-

221 2195 417 2239 quenter
457 2190 844 2229 commouebatur
882 2195 1074 2241 propter
1116 2198 1361 2241 acceptam
1402 2190 1622 2230 iniuriam
1643 2201 1650 2229 :
1688 2188 1866 2239 placuit

219 2259 406 2299 Christo
428 2272 481 2299 ea
504 2261 686 2300 ratione
707 2261 810 2301 lites
828 2261 1046 2313 componi
1062 2273 1143 2313 per
1161 2268 1373 2302 nostrum
1390 2261 1594 2311 Patrem,
1614 2272 1706 2312 qua
1724 2270 1861 2299 nemo

218 2330 487 2370 faciendum
509 2342 611 2371 esse
634 2332 868 2383 sperabat.

299 2402 404 2454 Jam
429 2414 533 2442 cum
556 2403 785 2454 quaedam
816 2404 984 2443 mulier
1014 2404 1071 2443 ab
1098 2403 1295 2444 infantia
1326 2414 1499 2455 corpus
1530 2414 1667 2443 suum
1697 2403 1867 2453 prosti-

219 2473 398 2523 tuisset,
424 2485 517 2513 non
539 2475 691 2514 solum
714 2475 760 2514 in
783 2475 872 2515 hac
904 2475 1018 2515 urbe
1039 2487 1206 2515 verum
1227 2476 1370 2515 etiam
1392 2475 1438 2514 in
1470 2474 1572 2514 aliis
1596 2474 1866 2514 ciuitatibus

219 2543 441 2595 finitimis,
468 2545 584 2585 adeo
608 2551 656 2585 ut
679 2545 773 2585 iam
796 2552 943 2586 totam
966 2557 1100 2586 suam
1130 2546 1403 2587 felicitatem
1430 2546 1477 2585 in
1506 2545 1663 2585 carnis
1693 2556 1863 2584 concu-

219 2615 447 2666 piscentia
471 2617 776 2668 collocasset,
801 2624 958 2657 tamen
981 2629 1088 2657 curn
1110 2618 1253 2658 5611161
1285 2617 1344 2657 3(1
1366 2617 1615 2657 ecclesiam
1636 2617 1861 2665 venisset,

220 2693 264 2726 et
286 2686 346 2726 ibi
369 2686 557 2727 cuidam
578 2693 845 2728 nostrorum
868 2687 1061 2728 Patrum
1089 2689 1220 2728 multi
1247 2700 1331 2729 sua
1355 2688 1552 2728 crimina
1583 2687 1860 2727 confiteren-

218 2763 307 2805 tur,
344 2759 558 2809 exemplo
595 2765 844 2809 commota,
883 2760 941 2799 ad
977 2760 1327 2800 sanctissimum
1359 2758 1669 2800 confessionis
1706 2769 1865 2798 sacra-

216 2834 424 2868 mentum
447 2830 674 2881 accessit,
699 2843 805 2871 cum
828 2831 1035 2871 maximo
1058 2831 1337 2872 delictorum
1359 2841 1552 2870 suorum
1576 2830 1750 2877 dolore;
1776 2840 1862 2869 nec

214 2905 373 2938 tamen
396 2900 471 2939 diu
495 2901 540 2940 in
563 2908 658 2940 tam
680 2902 878 2941 honesto
896 2902 1123 2942 exercitio
1142 2902 1479 2954 perseverauit‚
1501 2901 1698 2941 duorum
1719 2912 1861 2940 anno-

215 2981 319 3008 rum
341 2976 551 3021 tempore
574 2984 599 3011 3
623 2972 918 3013 6011165510116
940 2973 1139 3024 fugiens,
1160 2979 1265 3025 post
1282 2973 1405 3024 quod
1422 2979 1623 3024 tempus,
1649 2972 1858 3012 adhibita
