2047 3179
898 117 982 154 AN.
1012 116 1104 154 1555
1740 116 1822 154 3292

182 212 392 263 gitarunt
414 213 549 254 huius
570 214 728 266 templi
749 213 978 264 canonici,
1002 214 1079 264 qui
1100 213 1146 253 in
1167 213 1337 253 diuinis
1366 212 1527 253 officiis
1555 213 1806 253 admodum

188 288 296 323 sunt
317 285 547 336 occupati,
571 291 668 325 tum
698 285 901 325 maxime
933 285 1042 336 quia
1072 283 1279 335 quotidie
1312 284 1505 324 audiunt
1534 284 1804 324 conciones.

185 353 347 395 Lectio
369 367 480 395 uero
502 367 694 396 casuum
716 355 1030 396 conscientiae
1051 355 1279 395 hactenus
1300 355 1512 395 inchoari
1532 367 1624 394 non
1642 355 1817 405 potuit,

186 431 377 478 propter
399 426 623 467 librorum
644 426 902 477 penuriam,
937 438 1027 478 qua
1048 426 1276 466 hactenus
1306 426 1642 465 laborauimus.
1677 424 1807 476 Quae

186 507 262 535 res
282 497 423 536 etiam
444 497 535 537 alia
556 497 859 538 humanitatis
879 496 1032 537 studia
1053 509 1146 537 non
1168 496 1464 537 mediocriter
1486 495 1742 547 impediuit.

266 566 459 608 Fratres
493 580 605 609 uero
636 567 737 609 Deo
767 573 811 609 et
840 568 1106 609 hominibus
1142 574 1248 608 sunt
1281 568 1495 619 gratiosi;
1533 579 1626 607 non
1660 567 1817 606 solum

187 637 310 678 enim
330 638 527 690 publicis
549 639 967 691 exhortationibus,
989 639 1186 691 priuatis
1203 639 1522 688 concionibus,
1543 645 1586 678 et
1604 638 1707 678 aliis
1720 638 1812 677 uir-

188 713 337 748 tutum
359 710 600 761 exemplis,
623 722 672 751 se
694 721 875 750 summo
895 709 1083 750 feruore
1111 716 1349 760 exercent,
1387 708 1468 750 sed
1489 709 1630 749 etiam
1652 708 1699 748 in
1719 714 1813 748 stu-

188 778 276 818 diis
297 779 396 820 sine
417 780 547 821 libris
566 781 704 833 (quod
724 781 893 821 mirum
912 786 982 821 est
1003 781 1145 831 dictu)
1167 781 1231 820 ita
1248 780 1511 831 proficiunt,
1532 786 1581 820 ut
1602 780 1706 819 loco
1733 779 1815 818 mi-

188 850 335 890 raculi
371 856 416 891 et
448 852 702 903 singularis
731 851 821 892 Dei
851 852 1104 893 Genitricis
1134 851 1369 903 priuilegii
1396 852 1640 891 habeatur.
1674 849 1820 892 Domi.

186 920 399 972 priuatas
422 922 615 963 audiunt
635 924 874 975 lectiones,
908 928 1192 975 componunt
1214 923 1468 970 orationes,
1492 928 1536 962 et
1557 922 1603 962 in
1624 920 1821 972 graecis.

188 991 335 1032 literis
355 1004 449 1033 non
469 1005 636 1045 parum
656 993 921 1046 proficiunt.

269 1062 444 1104 Omnes
463 1071 619 1105 autem
636 1065 700 1106 ita
721 1077 771 1106 se
801 1065 1248 1117 irreprehensibiles,
1278 1064 1514 1104 feruentes
1545 1069 1588 1104 et
1619 1064 1817 1104 deuotos

191 1134 425 1186 exhibent,
449 1141 498 1176 ut
519 1136 566 1176 in
587 1136 676 1177 Dei
702 1137 889 1177 laudem
922 1141 967 1177 et
993 1136 1066 1176 sui
1098 1135 1458 1176 admirationem
1486 1135 1694 1176 omnium
1720 1134 1816 1175 ani-

190 1216 291 1245 mos
312 1207 563 1257 concitent,
595 1208 745 1259 sitque
780 1208 1100 1248 necessarium
1133 1212 1386 1259 conceptos
1420 1206 1631 1247 feruores
1661 1205 1822 1258 potius.

190 1275 449 1318 diminuere
471 1290 612 1330 quam
631 1290 820 1330 augere.

266 1346 357 1388 Hic
377 1348 501 1389 dorni
523 1361 684 1390 omnes
705 1349 752 1390 in
774 1349 1048 1390 humilitatis
1071 1349 1235 1390 officiis
1255 1361 1339 1401 per
1360 1349 1489 1389 uices
1510 1359 1560 1388 se
1577 1353 1816 1388 exercent:

188 1418 348 1459 lauant
370 1420 605 1471 scutellaS,
630 1420 895 1461 ministrant
928 1420 1117 1471 mensis,
1149 1426 1194 1460 et
1214 1419 1651 1460 mortificationibus
1674 1419 1818 1458 inten-

188 1489 318 1541 dunt,
340 1491 568 1542 pluraque
596 1491 800 1542 quotidie
821 1491 1032 1532 facerent
1052 1491 1143 1531 nisi
1163 1491 1368 1532 discreta
1389 1489 1653 1531 obedientia
1677 1490 1817 1540 impe-

190 1560 324 1602 diret.

267 1631 378 1673 Post
395 1632 561 1674 Natale
577 1634 767 1674 Domini
789 1633 864 1674 hic
886 1634 1153 1686 accepimus
1170 1634 1423 1674 iubilaeum
1444 1645 1529 1685 pro
1552 1632 1819 1683 Anglorum

189 1704 497 1744 conuersione
518 1716 544 1744 a
566 1704 755 1745 Summo
778 1704 1000 1746 Pontifice
1022 1705 1265 1746 indultum.
1294 1705 1345 1746 In
1375 1717 1430 1745 eo
1452 1710 1607 1745 autem
1638 1709 1828 1744 nostro-2*

187 1785 292 1814 rum
326 1775 527 1827 impulsu
556 1774 787 1816 Dominus
823 1775 1122 1817 Gubernator
1157 1776 1400 1828 egregium
1429 1776 1595 1816 orandi
1629 1775 1820 1815 modum

188 1846 402 1887 instituit.
439 1846 559 1887 Nam
592 1852 697 1898 post
725 1847 955 1887 celebrem
982 1847 1346 1899 processionem,
1385 1852 1706 1887 conuenerunt
1737 1857 1820 1897 per

189 1916 394 1957 triduum
415 1917 504 1957 uiri
524 1929 607 1969 per
627 1929 768 1958 unam
790 1918 956 1958 horam
976 1929 1128 1967 mane,
1152 1923 1196 1958 et
1227 1917 1446 1958 mulieres
1466 1929 1550 1969 per
1573 1918 1714 1958 aliam
1740 1916 1818 1956 ho-

190 1999 293 2028 ram
314 2000 340 2028 a
360 1988 576 2040 prandio,
588 1988 636 2028 in
653 1988 1006 2030 deuotissimum
1019 1989 1292 2040 oratorium,
1312 1988 1371 2029 ad
1388 1988 1480 2029 tale
1497 1999 1664 2028 munus
1681 1987 1822 2038 digne

188 2065 539 2111 praeparatum,
555 2065 599 2100 et
615 2059 708 2099 San
716 2060 912 2101 ctissimi
931 2059 1227 2101 Sacramenti
1242 2060 1512 2112 praesentia
1529 2059 1826 2103 decoratumm

270 2129 444 2170 Missae
464 2136 572 2170 sunt
593 2131 736 2171 etiam
756 2142 840 2182 per
874 2143 1035 2172 omnes
1065 2131 1229 2172 domos
1257 2131 1526 2182 schedulae,
1559 2130 1727 2182 quibus
1747 2142 1821 2170 ra-

192 2200 256 2241 tio
279 2200 516 2241 obtinendi
538 2201 726 2241 iubilaei
746 2202 954 2252 gratiam
981 2202 1325 2253 continebatur,
1349 2214 1406 2242 ne
1429 2202 1596 2254 cuique
1627 2212 1819 2241 excusa-

193 2271 333 2312 tionis
355 2276 435 2312 aut
456 2272 754 2322 ignorantiae
783 2273 914 2313 locus
936 2273 1293 2325 relinqueretur.
1318 2272 1377 2314 Et
1405 2272 1513 2325 quia
1543 2284 1637 2312 non
1659 2283 1821 2312 omnes

194 2342 253 2382 ad
273 2347 370 2382 tam
391 2342 574 2383 celebre
597 2343 866 2384 conuiuium
887 2350 1130 2395 uenerant,
1153 2344 1339 2384 iuerunt
1361 2344 1510 2384 nostri
1525 2354 1610 2396 per
1631 2343 1761 2383 uicos
1779 2348 1824 2382 et

193 2414 376 2466 plateas
396 2418 446 2453 ut
479 2414 811 2465 compellerent
832 2415 1107 2456 claudorum
1129 2421 1173 2455 et
1193 2426 1454 2467 pauperum
1479 2413 1829 2455 multitudinem

192 2484 385 2525 intrare.
420 2483 638 2536 Quinimo
668 2496 750 2537 per
771 2496 907 2537 sepes
928 2491 972 2526 et
1000 2486 1103 2526 uias
1139 2492 1377 2527 errantem
1403 2485 1593 2526 Domini
1627 2495 1825 2537 gregem

194 2555 550 2608 inquisiuerunt,
574 2555 797 2608 missique
819 2562 925 2597 sunt
945 2568 1004 2597 ex
1023 2557 1197 2597 nostris
1211 2557 1438 2608 nonnulli,
1462 2557 1540 2608 qui
1557 2562 1721 2608 portus
1737 2555 1831 2595 Re->

194 2626 463 2667 canatensis
482 2626 662 2667 incolas
682 2626 742 2667 ad
764 2633 944 2668 tantam
971 2627 1165 2668 Domini
1198 2627 1527 2669 liberalitatem
1554 2628 1830 2678 inuitarent,

194 2697 355 2749 sicque
377 2696 592 2738 effectum
612 2703 697 2748 est,
719 2704 769 2738 ut
789 2697 933 2739 multo
969 2699 1127 2750 plures
1146 2697 1212 2739 2²
1242 2698 1478 2739 dominica
1505 2709 1644 2751 quam
1674 2698 1830 2751 prima

196 2774 328 2809 tanto
350 2767 574 2808 beneficio
596 2767 876 2809 fruerentur.

275 2838 511 2880 Statutum
530 2844 600 2879 est
621 2839 763 2879 etiam
783 2845 832 2880 ut
852 2840 1004 2891 prima
1039 2840 1274 2881 dominica
1301 2841 1668 2892 uniuscuiusque
1701 2852 1830 2880 men-

196 2909 262 2949 sis
283 2910 543 2950 celebretur
564 2909 764 2950 officium
786 2910 842 2951 de
863 2909 1171 2952 Sanctissimo
1191 2910 1514 2961 Sacramento,
1534 2912 1706 2964 fiatque
1722 2923 1829 2963 pro-
