2047 3179
861 123 946 161 ΑΝ.
977 122 1066 160 1554
1723 129 1789 166 109

149 232 244 272 que
262 220 401 261 Pater
423 220 727 271 subiungeret
749 219 884 260 nobis
905 231 1180 261 concessam
1202 233 1306 261 esse
1325 223 1541 273 papalem
1562 224 1784 273 gratiam,

149 303 246 343 qua
266 291 475 332 nondum
495 290 695 343 professi
715 302 743 330 a
764 291 931 342 quouis
949 290 1171 332 Antistite
1192 290 1470 333 Dioecesico
1490 293 1548 334 ad
1570 294 1768 334 sacerdo

152 363 271 402 tium
288 362 555 414 promoueri
574 367 786 414 possunt,
806 361 1067 414 Episcopus
1089 362 1329 414 respondit
1349 375 1435 404 nec
1458 365 1667 405 ordinem
1685 377 1787 406 nos-

152 440 280 473 trum
313 445 398 474 nec
428 433 727 485 priuilegium
746 432 1015 473 huiusmodi
1035 433 1082 473 in
1113 432 1266 474 Gallia
1298 434 1556 475 admissum
1578 448 1696 486 esse,
1723 437 1787 477 in-

151 504 294 544 terim
313 504 512 544 innuens
531 504 778 544 facultates
795 515 877 544 seu
898 503 1145 555 priuilegia
1163 516 1329 556 parum
1350 505 1603 557 prudenter
1624 518 1650 546 a
1672 506 1787 547 Pon-

157 573 278 614 tifice
314 574 448 614 nobis
484 575 675 615 indulta.
713 574 884 615 Iterum
906 574 1137 615 Dominus
1158 574 1367 616 Dumont
1397 576 1682 629 Episcopum
1717 590 1788 618 ac-

153 645 299 686 cessit
329 656 642 696 persuasurus
669 657 726 685 ne
754 645 919 685 saltem
941 657 1026 685 nos
1054 657 1081 685 a
1117 646 1266 686 sacris
1301 648 1496 698 repellat
1532 648 1787 689 ordinibus.

157 715 420 767 Episcopus
440 716 682 767 respondit
713 727 761 756 se
792 727 887 756 non
917 715 1183 757 decreuisse
1213 717 1346 758 nobis
1378 719 1657 768 consentire,
1682 719 1791 771 quia

156 787 225 827 “si
255 787 314 827 ad
348 798 510 827 sacros
547 787 734 827 ordines
769 798 864 837 eos,
902 787 981 836 ait,
1016 787 1324 840 admitterem,
1362 789 1550 830 viderer
1580 791 1792 842 regulam

155 857 357 898 instituti
374 857 581 909 ipsorum
603 859 905 910 approbare„.
930 857 1052 909 Quin
1085 864 1129 899 et
1150 859 1271 900 hanc
1294 859 1470 901 addidit
1493 862 1792 911 calumniam,

155 930 462 981 (quamquam
489 930 648 970 nescio
678 942 704 970 a
735 940 824 981 quo
854 930 1124 980 persuasus)
1156 931 1282 982 quod
1312 931 1517 983 theologi
1548 933 1795 985 plusquam

155 1000 474 1052 quadraginta
506 1013 690 1041 errores
720 1001 764 1041 in
796 1001 968 1041 nostris
1001 1001 1333 1053 diplomatibus
1355 1003 1646 1055 offenderint,
1672 1016 1795 1044 asse-

157 1085 269 1113 rens
286 1084 468 1124 quoquc
486 1072 766 1113 Societatem
784 1078 994 1113 nostram
1011 1085 1111 1113 rem
1126 1085 1228 1114 esse
1248 1073 1492 1115 nefariam.
1513 1075 1684 1116 Illmus.
1704 1075 1794 1116 Do-

158 1145 314 1185 minus
344 1143 667 1196 Consiliarius‚
699 1144 1020 1184 huiuscemodi
1051 1145 1346 1186 sermonibus
1376 1145 1514 1187 fidem
1544 1159 1636 1187 non
1668 1147 1798 1187 adhi-

158 1216 292 1265 bens,
315 1215 461 1255 voluit
496 1220 657 1255 nostra
688 1215 944 1266 diplomata
972 1217 1232 1267 consulere,
1264 1217 1310 1257 in
1332 1218 1499 1268 quibus
1522 1230 1663 1270 quum
1682 1218 1799 1258 nihil

159 1286 302 1327 naeui
330 1298 416 1327 nec
450 1292 579 1327 atrae
607 1293 745 1327 notae
772 1287 1169 1338 deprehendisset,
1193 1288 1415 1341 Episcopi
1446 1290 1586 1330 aedes
1614 1290 1797 1341 repetit,

159 1358 393 1398 rationem
427 1358 692 1398 redditurus
728 1365 995 1399 nostrorum
1031 1359 1337 1410 diplomatum
1367 1360 1657 1401 orthodoxae
1688 1361 1799 1401 inte-

162 1429 366 1480 gritatis.
392 1428 480 1480 Qui
502 1441 643 1481 quum
672 1429 970 1481 Episcopum,
996 1441 1101 1470 cum
1123 1430 1248 1471 vitae
1276 1431 1499 1483 periculo,
1534 1432 1684 1472 morbi
1712 1431 1800 1472 dis-

162 1500 358 1541 crimine
393 1500 712 1540 confiictatum
749 1499 1030 1551 offendisset,
1069 1501 1215 1541 noluit
1249 1502 1386 1542 huius
1422 1503 1597 1554 negotii
1632 1515 1783 1543 memo

162 1572 284 1611 riam
305 1570 529 1611 refricare
552 1571 726 1622 absque
747 1571 976 1622 probabili
1002 1572 1323 1623 persuasionis
1353 1585 1450 1625 spe;
1474 1573 1556 1614 sed
1576 1574 1709 1614 nobis
1731 1585 1799 1614 re—

164 1642 269 1682 tulit
288 1642 587 1694 Episcopum,
622 1642 698 1681 vbi
722 1654 748 1682 a
779 1643 943 1683 morbo
975 1644 1111 1695 plane
1143 1644 1449 1695 conualuerit,
1482 1644 1680 1685 Romam
1710 1645 1800 1685 iter

163 1713 523 1754 adornaturum.

245 1784 445 1825 Proinde
474 1784 580 1836 quia
608 1785 893 1837 Episcopum
919 1785 1179 1826 Facultatis
1210 1784 1219 1805 ¹
1251 1793 1390 1838 atque
1419 1785 1620 1828 Senatus
1641 1787 1803 1828 dilatio

165 1856 459 1897 communire
481 1856 708 1896 hactenus
728 1857 831 1897 visa
852 1864 937 1908 est,
970 1857 1145 1909 placuit
1168 1858 1349 1898 consuli
1370 1858 1594 1899 Montano
1617 1859 1804 1900 Patrem

165 1934 382 1968 nostrum
402 1927 622 1967 inducere
645 1933 694 1967 vt
713 1927 933 1968 Facultas
955 1940 1088 1968 suam
1111 1928 1302 1969 tandem
1332 1930 1604 1981 pronuntiet
1626 1937 1806 1970 senten—

171 1999 298 2047 tiam,
324 1998 397 2039 cui
418 1997 618 2038 Senatus
650 2010 783 2039 suam
805 1999 1029 2039 submisit.
1055 1998 1225 2040 Mirum
1256 2006 1326 2040 est
1349 2012 1489 2052 quam
1520 2001 1609 2041 hoc
1633 2001 1809 2041 Christi

170 2070 409 2122 negotium
430 2070 537 2110 huic
561 2069 951 2110 christianissimo
978 2071 1080 2110 viro
1104 2070 1235 2111 cordi
1257 2071 1315 2111 sit
1338 2078 1657 2124 quantumque
1677 2072 1802 2112 labo-

174 2142 237 2182 ris
257 2142 392 2181 nobis
413 2141 705 2192 impenderit.
730 2140 945 2181 Accessit
967 2140 1134 2182 Rdum.
1159 2141 1412 2182 Dominum
1442 2142 1701 2183 Facultatis
1722 2142 1811 2183 De-

168 2224 342 2252 canum
362 2211 391 2261 ⁸²,
416 2212 493 2263 qui
514 2211 651 2251 fidem
672 2210 797 2251 dedit
824 2223 873 2252 se
894 2212 1141 2263 theologos
1170 2219 1557 2254 conuocaturum.
1591 2212 1720 2254 Adiit
1741 2214 1813 2254 bis

169 2284 405 2324 celebrem
433 2283 562 2322 illum
589 2282 973 2323 concionatorem
1000 2283 1257 2323 Doctorem
1287 2283 1538 2324 Picardum
1567 2283 1594 2335 ⁵,
1627 2284 1706 2336 qui
1732 2283 1812 2325 So-

170 2355 335 2395 -cietati
367 2354 523 2394 omnia
545 2354 705 2394 tribuit
736 2365 961 2406 suamque
990 2353 1224 2406 pollicitus
1254 2360 1325 2395 est
1358 2366 1565 2407 operam.
1596 2355 1814 2396 Accessit

177 2426 431 2466 Doctorem
467 2424 812 2465 Democharem
847 2422 862 2443 ⁴
888 2431 932 2465 et
966 2424 1221 2466 Doctorem
1258 2425 1557 2466 Pelletarium
1586 2425 1615 2478 5,
1638 2427 1814 2478 praeci-

176 2496 255 2548 pui
286 2496 487 2537 nominis
515 2496 778 2547 theologOS,
803 2496 1002 2536 alterum
1023 2495 1348 2548 Sorbonicum,
1373 2498 1574 2538 alterum
1595 2497 1816 2538 Nauarri-

171 2580 284 2608 cum
303 2566 333 2617 ⁶,
356 2568 403 2608 in
425 2578 624 2619 quorum
645 2566 860 2607 manibus
890 2572 1052 2608 nostra
1084 2567 1340 2619 diplomata
1361 2574 1628 2619 versantur,
1652 2581 1710 2609 ex
1731 2569 1816 2609 Fa-

234 2704 243 2724 ¹
284 2703 478 2732 Facultatis
493 2703 625 2731 scilicet
641 2702 868 2737 theologicae.

284 2753 462 2780 Nicolaum
477 2752 507 2778 le
525 2751 633 2778 Clerc.

284 2799 508 2827 Franciscum
523 2799 660 2826 Plcard.

285 2847 471 2875 Antonium
483 2847 522 2874 de
534 2846 666 2873 Monchi
677 2846 733 2872 vel
743 2845 783 2872 de
794 2844 937 2878 Mouchi,
947 2845 1002 2880 qui
1015 2845 1238 2873 communiter
1248 2845 1307 2872 Dr.
1320 2845 1554 2875 Demochares
1564 2847 1821 2882 appellabatur.

287 2895 451 2928 Joannem
467 2894 642 2921 Pelletier.

289 2942 425 2970 Scilicet
441 2944 589 2970 alterum
605 2949 621 2968 e
639 2940 791 2975 Collegio
805 2939 990 2972 Sorbonae,
1005 2940 1152 2967 alterum
1165 2948 1181 2967 e
1199 2940 1394 2969 Navarrae.

231 2754 250 2959 §ene-an
