2047 3179
224 139 294 176 100
733 137 964 175 LITTERAE
992 147 1354 181 QUADmMEsTREs

304 235 392 286 Qui
427 233 747 286 philosophiae
780 238 954 273 vacant
981 232 1152 274 fratres
1176 233 1387 285 publicas
1408 245 1464 274 ea
1498 233 1554 274 de
1581 245 1725 274 causa
1753 246 1864 275 con-

221 307 458 348 clusiones
479 306 535 346 de
557 306 698 346 totius
720 304 989 345 dialectices
1017 316 1073 345 ac
1095 304 1418 356 philosophiae
1441 316 1623 345 summa
1645 305 1692 345 in
1716 305 1862 345 Colle-

221 379 301 430 gio
326 377 466 428 Regis
480 377 766 425 habuerunt,
788 382 836 415 ut
853 374 1007 426 idjam
1026 376 1396 427 impleuerint,si
1413 376 1675 427 magisterii
1698 381 1862 428 postea

221 450 426 501 gradum
449 448 714 500 suscepturi
736 448 842 487 sint.
874 447 971 487 Nec
993 447 1040 487 in
1061 459 1116 487 ea
1138 460 1187 488 re
1210 448 1419 500 opinioni
1449 447 1505 487 de
1530 459 1579 488 se
1607 454 1864 500 conceptae

220 521 493 571 defuerunt,
519 531 660 572 quam
682 519 792 559 illud
813 518 1108 570 potissimum
1129 525 1291 570 auget,
1311 518 1434 570 quod
1456 530 1561 559 cum
1582 531 1676 559 vno
1709 520 1865 560 minus

222 604 347 633 anno
370 603 510 644 quam
532 590 713 631 externi
735 589 1044 641 condiscipuli
1071 590 1118 630 in
1140 590 1386 630 dialectica
1417 590 1595 630 versati
1620 591 1726 642 sint,
1751 591 1864 630 mul-

221 664 284 704 tis
305 671 461 704 tamen
484 674 563 703 eos
587 662 794 702 omniurn
816 661 942 702 facili
962 661 1134 702 iudicio
1155 661 1373 714 passibus
1401 668 1727 713 praecurrunt.
1761 661 1865 714 Qua

223 736 272 776 in
306 748 357 776 re
393 741 437 775 et
472 735 518 774 in
554 733 656 774 aliis
693 733 910 773 omnibus
939 733 1103 773 similis
1124 733 1363 785 profectus
1391 732 1435 772 in
1460 743 1621 773 eorum
1645 733 1868 774 cordibus

224 806 470 849 Christum
490 817 573 857 per
594 805 731 845 fidem
754 805 1019 845 inhabitare
1040 805 1340 845 manifestum
1361 804 1553 856 praebet
1574 804 1813 845 indicium.

306 877 575 918 Bernardus
603 875 886 929 Japonensis
925 875 986 916 16.
1016 875 1120 917 Kal.
1159 876 1361 927 Augusti
1398 887 1505 916 cum
1542 876 1632 917 alio
1664 876 1871 928 quodam

222 950 372 990 fratre
417 948 525 988 hinc
567 947 915 988 Barchinonam
960 947 1200 1000 profectus
1252 953 1336 997 est,
1374 953 1426 987 vt
1465 947 1587 998 inde,
1624 959 1719 988 vna
1764 958 1871 987 cum

225 1020 281 1061 R.
303 1020 374 1060 Re
395 1019 685 1071 Hieronymo
707 1018 879 1070 Natali,
898 1018 1233 1060 Paternitatem
1256 1025 1384 1059 tuam
1402 1018 1588 1060 inuisat.
1608 1018 1872 1071 Mirumque

223 1098 298 1133 est
320 1097 495 1144 quanta
529 1091 620 1131 hoc
656 1091 743 1131 iter
784 1102 890 1131 cum
931 1091 1075 1131 animi
1109 1091 1287 1131 laetitia
1326 1090 1609 1143 susceperit,
1648 1090 1873 1142 spiritalis

223 1163 488 1216 profectuS,
513 1174 651 1214 quem
673 1174 722 1202 se
743 1174 837 1203 non
858 1162 1094 1203 modicum
1117 1162 1242 1214 apud
1263 1168 1391 1202 tuam
1412 1161 1754 1202 Paternitatem
1770 1173 1872 1213 per-

225 1242 475 1288 cepturum
496 1241 625 1275 certo
647 1239 827 1286 sperat,
852 1233 1084 1274 desiderio
1103 1245 1345 1274 accensus.
1371 1233 1469 1274 Nec
1490 1245 1576 1274 nos
1593 1233 1747 1274 minus
1767 1245 1872 1286 pro-

228 1308 353 1348 fecto
375 1307 500 1347 domi
522 1317 663 1358 quam
683 1306 730 1346 in
752 1305 842 1346 hoc
865 1305 1075 1346 discessu
1097 1305 1378 1354 aedificauit,
1411 1304 1669 1356 refectorii,
1695 1310 1739 1345 et
1760 1305 1870 1345 alio-

229 1391 336 1420 rum
357 1389 678 1431 quaecumque
706 1376 1092 1429 injungebantur,
1118 1388 1279 1417 curam
1306 1376 1499 1417 habenS.
1523 1377 1638 1417 Illud
1658 1377 1700 1417 ei
1721 1377 1871 1417 solum

229 1451 392 1502 magni
414 1461 516 1490 esse
536 1449 715 1501 negotii
736 1460 791 1489 ac
813 1448 1098 1489 difficultatis
1118 1446 1380 1489 videbatur:
1400 1448 1598 1501 publice,
1618 1447 1870 1500 ut'fratres,

229 1524 277 1564 in
300 1522 550 1563 refectorio
574 1523 619 1560 et
639 1527 798 1561 errata
819 1519 957 1560 fateri
978 1527 1023 1560 et
1049 1520 1238 1560 veniam
1260 1527 1441 1572 petere3
1468 1520 1549 1560 sed
1577 1531 1684 1560 cum
1704 1520 1746 1561 ei
1778 1520 1873 1572 qui-

229 1595 342 1635 dam
362 1606 421 1634 ex
442 1593 659 1633 Patribus
681 1597 909 1645 quantum
931 1603 985 1632 ea
1007 1604 1065 1632 ex
1087 1604 1136 1632 re
1163 1591 1397 1632 commodi
1423 1604 1479 1632 ac
1506 1592 1721 1632 Vtilitatis
1750 1604 1873 1632 ema·

232 1672 392 1715 naret,
419 1665 720 1715 ostendisset,
745 1664 888 1704 semel
910 1670 1050 1716 atque
1069 1663 1252 1714 iterum,
1277 1662 1503 1716 injussus,
1530 1664 1716 1704 veniam
1738 1664 1784 1704 in
1805 1675 1874 1704 re-

231 1737 430 1778 fectorio
466 1749 491 1776 a
527 1736 752 1776 fratribus
781 1735 966 1787 petiuit,
995 1735 1170 1787 absque
1198 1735 1352 1775 Patris
1382 1735 1585 1786 licentia,
1611 1735 1807 1776 credens
1829 1735 1875 1775 id

231 1809 406 1850 fratres
433 1807 605 1848 facere.
629 1808 711 1848 Est
740 1807 817 1847 ille
851 1806 1037 1858 quidem
1072 1806 1235 1847 docilis
1258 1813 1301 1847 et
1329 1807 1390 1847 ad
1424 1807 1618 1847 vberem
1648 1807 1875 1859 recipien-

234 1880 346 1922 dam
366 1879 571 1930 gratiam
591 1890 759 1918 vasum
780 1878 895 1918 satis
923 1883 1096 1930 aptum.

317 1951 528 1991 Didacus
555 1950 784 1991 Martinez
805 1949 979 2001 (quem,
1011 1960 1116 1989 cum
1146 1949 1242 2001 jam
1277 1961 1453 1990 annvm
1488 1961 1594 1990 cum
1615 1949 1806 1990 dimidio
1830 1950 1877 1990 in

237 2023 476 2064 Societate
498 2021 823 2073 transegisset,
849 2020 898 2061 Ρ.
923 2021 1241 2072 Hieronymus
1263 2021 1444 2062 Natalis
1466 2033 1524 2062 ex
1546 2021 1765 2062 Corduba
1787 2021 1878 2061 huc

237 2095 587 2145 transmiserat,
613 2099 753 2146 atque
775 2092 899 2145 apud
929 2104 1015 2133 nos
1043 2093 1159 2133 duos
1186 2093 1478 2145 probationis
1505 2105 1655 2133 annos
1684 2104 1879 2145 perage-

240 2165 341 2217 bat)
365 2178 389 2206 e
411 2166 551 2206 domo
573 2164 867 2217 probationis
884 2164 931 2204 in
948 2164 1199 2213 collegium
1216 2170 1286 2205 est
1303 2165 1490 2215 missus,
1515 2171 1701 2205 seruato
1723 2170 1881 2205 tamen

241 2244 381 2278 antea
403 2237 450 2277 in
468 2236 682 2277 omnibus
696 2235 1082 2276 constitutionum
1095 2234 1278 2286 ordine3
1298 2247 1464 2276 verum
1482 2242 1733 2288 antequam
1751 2247 1879 2287 egre-

241 2309 448 2359 deretur,
469 2308 777 2349 concionatus
794 2313 865 2347 est
883 2307 1002 2347 inter
1020 2307 1345 2358 prandendum
1361 2307 1506 2348 frater
1523 2307 1747 2348 Nicolaus
1768 2307 1883 2359 opti-

242 2393 318 2421 me
339 2380 542 2432 quidem,
561 2386 605 2420 et
623 2385 719 2420 tam
735 2379 791 2429 ei,
811 2379 891 2431 qui
913 2390 937 2419 e
958 2377 1096 2418 domo
1119 2379 1412 2430 probationis
1434 2379 1717 2429 discedebat,
1742 2391 1884 2431 quam

243 2452 363 2503 aliis,
383 2451 461 2503 qui
478 2451 744 2501 manebant,
763 2450 880 2490 satis
898 2450 1126 2501 apposite.
1146 2450 1302 2490 Finita
1316 2462 1493 2501 mensa,
1510 2451 1557 2491 in
1571 2449 1778 2501 ejusdem
1792 2457 1885 2490 sta·

243 2525 326 2564 tim
351 2523 516 2563 domus
541 2522 766 2562 sacellum
788 2521 1083 2572 ductusest,
1116 2521 1312 2574 fusaque
1343 2522 1474 2574 prius
1508 2522 1568 2562 ad
1596 2521 1747 2562 Deum
1783 2533 1884 2562 ora-

244 2596 385 2644 tione,
422 2593 630 2646 cjusdem
665 2593 832 2633 domus
866 2593 1037 2633 fratres
1073 2605 1099 2632 a
1125 2592 1170 2633 P.
1210 2593 1367 2634 Leone
1392 2593 1510 2645 jussi
1545 2600 1594 2633 ut
1629 2593 1887 2634 discedenti

243 2666 381 2706 fratri
402 2665 671 2717 preciosum
693 2663 883 2716 aliquid,
905 2664 1029 2716 quod
1046 2675 1206 2704 secum
1229 2664 1447 2716 deferret,
1467 2665 1640 2715 singuli
1660 2665 1887 2716 largiren-

244 2746 337 2788 tur,
356 2737 430 2777 cui
444 2737 563 2776 inter
577 2736 695 2776 alios
711 2735 883 2776 fratres
899 2736 1164 2787 preciosam
1179 2737 1376 2776 contulit
1393 2747 1595 2787 magnae
1613 2735 1888 2777 humilitatis

244 2809 460 2860 exemplo
483 2807 793 2858 margaritam
814 2806 1021 2858 ejusdem
1042 2808 1255 2848 minister
1276 2806 1348 2847 ΡΝ
1368 2807 1602 2847 Antonius
1624 2807 1817 2859 Correa,
1843 2815 1888 2849 et

244 2880 345 2932 ejus
358 2891 407 2920 se
419 2878 616 2930 genibus
634 2877 871 2918 humiliter
889 2878 1162 2929 aduoluens,
1176 2885 1219 2918 et
1231 2878 1419 2919 veniam
1431 2884 1694 2919 erratorum
1707 2886 1888 2931 petenS.

245 2952 356 2993 Inde
377 2962 483 2992 eum
505 2950 563 2990 ad
585 2950 781 3001 Collegii
811 2951 1035 2990 sacellum
1071 2950 1314 3001 duximus,
1339 2950 1385 2990 in
1413 2961 1520 3002 quo,
1546 2962 1708 2991 coram
1732 2963 1890 2992 sacro-
