2047 3179
261 156 332 194 466
777 156 1003 195 LITTERAE
1031 169 1390 202 QUADRIMESTRES

259 264 348 305 que
370 254 568 306 amplius
590 252 683 294 300.
708 254 900 295 Ineunte
920 266 1202 306 unoquoque
1223 266 1382 294 mense
1406 242 1691 295 conueniunt
1713 261 1808 296 tres
1825 269 1909 297 su·-

258 324 469 376 periores
486 326 676 376 classes,
697 326 753 366 de
774 326 1028 377 propositis
1049 326 1300 365 axiomatis
1322 326 1590 377 disputandi
1610 327 1781 378 gratia3
1805 327 1895 368 die-

256 396 343 436 bus
363 408 476 437 uero
499 397 706 437 sabbatis
727 397 773 437 in
796 409 881 437 sua
902 397 1072 448 quique
1101 397 1241 436 classi
1268 396 1313 436 id
1334 397 1531 447 faciunt,
1564 410 1649 438 nec
1672 398 1826 438 minus
1847 410 1897 439 se

257 466 503 519 diligenter
542 468 589 508 in
625 468 728 508 aliis
762 468 900 508 rebus
936 467 1086 507 solitis
1121 474 1355 508 exercent.
1399 468 1643 509 Venerunt
1683 468 1772 508 huc
1816 470 1897 509 ali-

255 539 441 590 quando
464 539 523 579 ad
545 551 632 579 nos
654 539 918 579 Cardinalis
941 551 997 578 ac
1018 538 1288 579 Ludouicus
1317 538 1579 591 Principes,
1605 551 1684 590 ac,
1709 552 1897 592 praece-

254 611 467 662 ptoribus
487 610 764 661 legentibus,
790 622 952 650 omnes
970 611 1147 650 classes
1164 609 1427 662 audierunt,
1447 611 1493 650 in
1511 611 1708 662 singulis
1726 612 1895 662 paulis-

254 693 339 734 per
393 688 741 721 commorantes
791 681 1012 722 audiendi
1063 693 1222 721 causa.
1279 681 1587 722 Delectantur
1641 682 1706 722 illi
1753 693 1896 733 supra

255 752 446 793 modum
465 752 555 793 hoc
577 764 742 804 opere,
768 752 925 792 omnia
948 752 1005 793 ad
1034 753 1261 793 maiorem
1289 753 1375 793 Dei
1405 753 1589 793 laudem
1620 753 1903 804 dirigentes,

256 835 394 875 quem
413 835 556 863 unum
577 823 624 862 in
646 824 787 863 rebus
808 824 1025 864 omnibus
1047 830 1292 875 quaerunt.

332 894 383 935 In
397 895 486 934 hoc
499 894 709 946 Collegio
724 893 888 934 Patres
899 894 1183 946 Fratresque
1199 895 1246 935 21
1264 895 1309 935 in
1324 895 1590 946 praesentia
1605 907 1894 936 commoran-

252 972 341 1016 tur,
367 971 568 1017 quatuor
591 966 875 1017 sacerdotes,
900 967 1090 1017 caeteri,
1115 967 1288 1018 partim
1310 966 1548 1018 Magistri,
1573 968 1744 1018 partim
1762 968 1893 1007 scho-

253 1037 432 1088 lastici,
455 1037 628 1089 partim
649 1038 938 1088 administri,
962 1049 1125 1078 omnes
1147 1038 1270 1078 bona
1292 1038 1576 1089 ualetudine,
1599 1038 1699 1078 Deo
1721 1038 1892 1090 gratia.

332 1107 437 1159 Sed,
455 1114 503 1148 ut
517 1109 575 1149 ad
589 1109 742 1160 ipsum
755 1108 953 1160 Collegii
965 1109 1230 1149 aedificium
1241 1110 1503 1159 veniamus,
1518 1109 1564 1149 id
1577 1109 1676 1158 tibi,
1695 1109 1794 1150 R.de
1811 1109 1895 1149 Pa-

254 1185 345 1231 ter,
370 1180 527 1220 dicere
547 1180 719 1231 habeo,
744 1192 846 1220 esse
869 1181 972 1221 loco
1000 1186 1350 1233 peropportuno
1380 1181 1545 1231 situm,
1576 1188 1673 1220 tum
1695 1180 1896 1221 fratrum

251 1251 395 1302 quieti
416 1251 623 1303 spiritus,
649 1252 772 1304 quod
794 1252 912 1292 haec
935 1252 1062 1292 urbis
1084 1263 1195 1303 pars
1224 1252 1439 1292 omnibus
1469 1252 1676 1292 externis
1705 1252 1895 1304 impedi-

252 1323 423 1363 mentis
445 1334 594 1373 caret,
625 1329 724 1363 tum
754 1323 1011 1364 commodis
1042 1323 1363 1375 spiritualibus
1393 1323 1737 1374 proximorum,
1772 1323 1895 1374 quod

253 1394 347 1434 huc
370 1394 507 1435 facile
529 1396 657 1435 ciues
680 1395 811 1435 adire
833 1402 1044 1446 possunt.

332 1465 460 1518 Opus
482 1466 635 1518 ipsum
657 1466 867 1518 procedit
889 1466 1095 1517 egregie,
1119 1466 1226 1518 quia
1248 1465 1474 1518 Princeps
1504 1465 1768 1506 Cardinalis
1790 1478 1892 1518 pro-

250 1538 406 1589 perari
428 1538 576 1589 iussit;
600 1537 797 1589 percipit
819 1537 941 1577 enim
960 1549 1017 1577 ex
1035 1549 1088 1577 eo
1106 1548 1330 1588 magnam
1347 1538 1651 1588 uoluptatem,
1673 1537 1902 1589 cupitque·

255 1609 468 1650 absoluta
505 1609 661 1649 omnia
700 1609 860 1649 uidere
895 1615 1035 1660 atque
1069 1608 1294 1660 perfecta,
1319 1616 1369 1648 ut
1397 1608 1568 1648 fratres
1599 1610 1704 1658 sint,
1736 1620 1892 1660 quem-

251 1680 503 1721 admodum
521 1686 699 1732 optant,
721 1680 947 1732 quietiore
963 1680 1118 1720 animo
1142 1680 1245 1731 (etsi
1267 1680 1382 1719 satis
1400 1679 1554 1730 quieto
1572 1679 1710 1730 sunt),
1735 1680 1892 1731 itaque

250 1752 474 1793 lectiones
509 1764 568 1792 ex
597 1752 934 1803 magistrorum
969 1751 1456 1803 scholasticorumque
1490 1751 1723 1792 sententia
1754 1763 1893 1803 expo-

251 1829 438 1864 nantur.

330 1895 576 1948 Templum
605 1907 774 1946 parum
807 1895 1060 1936 admodum
1096 1894 1227 1935 abest
1261 1894 1372 1945 quin
1408 1894 1466 1934 sit
1496 1893 1770 1945 perfectum;
1804 1893 1893 1933 hac

252 1972 446 2018 aestate,
481 1966 583 2007 Deo
611 1966 821 2016 fauente,
854 1978 960 2006 cum
990 1966 1260 2006 scholarum
1287 1965 1406 2005 aulis
1440 1965 1634 2016 aliisque
1662 1965 1894 2005 inchoatis

250 2037 473 2078 aedificiis
491 2038 775 2078 absoluetur.
794 2037 927 2078 Mitto
945 2036 1066 2089 quod
1084 2037 1406 2087 coenaculum,
1423 2036 1653 2086 cubicula,
1674 2036 1894 2076 dormito-

251 2109 334 2160 ria,
358 2110 696 2159 nosocomium,
721 2110 839 2150 cella
860 2109 1069 2160 penaria,
1103 2108 1282 2158 culina,
1313 2107 1598 2157 sacrarium,
1629 2107 1750 2147 aliae
1781 2107 1893 2147 item

252 2181 397 2221 cellae
418 2181 715 2221 necessariae
737 2187 844 2221 sunt
871 2180 965 2220 iam
990 2179 1330 2232 perfectissime
1359 2179 1614 2219 absolutae.
1646 2178 1776 2218 Deus
1800 2178 1892 2218 Do-

251 2252 404 2292 minus
425 2258 600 2303 noster,
625 2252 702 2304 qui
725 2253 842 2292 haec
863 2251 1020 2291 omnia
1043 2251 1154 2291 facit
1171 2256 1214 2290 et
1232 2251 1421 2290 molitur
1438 2262 1528 2302 quo
1548 2249 1817 2300 diligentius
1835 2249 1891 2289 ab

250 2324 465 2364 omnibus
486 2325 760 2375 colaturque
783 2335 838 2363 ac
860 2323 1089 2374 laudetur,
1115 2322 1249 2362 nobis
1267 2333 1399 2362 suam
1421 2321 1627 2372 gratiam
1644 2321 1888 2372 largiatur,

249 2401 298 2435 ut
318 2395 366 2435 in
388 2395 526 2435 rebus
548 2396 762 2435 omnibus
783 2394 829 2435 id
847 2407 930 2447 pro
948 2394 1069 2434 uirili
1085 2399 1219 2446 parte
1236 2398 1545 2445 praestemus,
1565 2392 1690 2444 quod
1706 2392 1770 2432 1111
1786 2403 1891 2443 gra-

251 2474 351 2507 tum
371 2467 430 2507 sit
452 2479 507 2507 ac
528 2467 791 2519 probatum.
812 2466 980 2507 Amen.

328 2538 574 2590 Tanquam
596 2537 676 2578 filii
697 2538 764 2578 tui
784 2538 908 2589 iique
930 2537 1266 2588 indignissimi,
1290 2535 1393 2576 Rssle
1413 2535 1574 2586 Pater,
1598 2535 1683 2575 abs
1704 2541 1749 2575 te
1780 2535 1891 2587 peti-

249 2621 365 2661 mus,
390 2616 439 2650 ut
455 2622 541 2650 nos
559 2610 650 2649 tuis
666 2609 885 2661 precibus
901 2608 1003 2648 Deo
1021 2608 1334 2657 commendes,
1356 2619 1447 2659 quo
1466 2607 1741 2647 beneficium
1757 2606 1892 2647 nobis

249 2687 494 2732 tantopere
515 2681 836 2721 necessarium
859 2681 1196 2732 adipiscamur,
1230 2679 1430 2731 indeque
1457 2679 1592 2718 nobis
1618 2677 1886 2718 benedicas.

329 2752 401 2792 Ex
440 2752 530 2792 hoc
568 2752 798 2792 Eborensi
848 2751 1058 2802 Collegio
1097 2750 1349 2792 Societatis
1383 2750 1517 2803 Jesu,
1560 2756 1693 2789 sexto
1741 2759 1897 2789 nonas«

248 2822 414 2873 Maias,
439 2835 562 2863 anno
584 2834 611 2862 a
634 2822 807 2863 Christi
830 2830 937 2863 ortu
964 2823 1077 2862 1555.

542 2894 613 2934 Ex
635 2894 963 2934 commissione
984 2894 1138 2934 Patris
1159 2893 1307 2934 Marci
1328 2892 1536 2943 Georgii,

1231 2964 1504 3004 Faucruoso
1537 2962 1720 3002 ANDRE.
