2047 3179
215 172 286 210 522
730 172 958 210 LITTERAE
978 182 1339 215 QUADRIMESTRES

216 268 534 308 enderezados
557 267 616 320 [a]
640 269 776 320 aquel
805 267 968 319 Senor,
993 271 1020 307 a
1051 268 1189 319 quien
1210 267 1320 307 todo
1344 279 1393 307 se
1415 267 1545 317 deue,
1575 267 1630 306 de
1653 267 1792 318 quien
1812 268 1852 307 el

214 338 381 378 mismo
405 346 546 387 tenga
570 351 654 390 por
676 339 783 379 bien
804 351 958 379 nunca
980 350 1065 378 nos
1087 344 1371 389 apartemos.
1396 337 1563 378 Amen.

293 408 364 449 De
386 409 603 450 Cordoua
625 423 655 461 y
677 410 733 450 de
753 410 891 463 Junio
917 410 978 457 17,
1003 413 1094 449 ano
1122 409 1236 449 1555.

292 480 405 520 Esta
429 493 477 520 se
501 481 609 521 auia
631 481 686 521 de
707 481 885 520 embiar
906 481 1136 532 principio
1159 479 1214 520 de
1247 479 1403 532 May03
1436 492 1520 532 por
1551 479 1772 520 descuido
1800 490 1850 518 se

211 553 272 593 ha
295 553 516 601 dilatado,
541 556 566 592 o
587 564 647 592 no
669 555 719 592 se
740 553 780 592 si
801 564 886 603 por
908 564 969 592 no
991 552 1128 592 saber
1150 552 1191 591 el
1212 552 1386 603 tiempo
1412 550 1438 591 ¹.

372 623 443 664 De
465 624 523 664 V.
547 623 601 664 R.
626 622 718 674 hijo
742 623 935 674 indigno
959 635 1016 663 en
1037 624 1078 662 61
1099 622 1263 663 Sefior.

531 695 622 736 Por
644 695 897 735 comission
919 694 992 735 del
1013 694 1165 734 Padre
1186 694 1381 745 Doctor,

1217 839 1244 884 †
1267 837 1490 878 AZEUEDO
1511 838 1553 885 †.

287 1053 640 1105 Superscmptm
661 1053 710 1092 sn
742 1056 916 1104 quarta
940 1053 1147 1104 pagina:
1177 1052 1290 1094 IHS.
1329 1052 1388 1093 Al
1421 1065 1533 1103 muy
1564 1051 1666 1091 R.d0
1694 1050 1847 1091 Padre

204 1133 395 1166 nuestro
418 1138 474 1165 en
497 1125 684 1165 Christo
706 1125 843 1177 Jesus
865 1126 907 1164 61
927 1124 976 1164 Ρ.
1001 1124 1138 1165 Mtro.
1163 1125 1347 1176 Ignatio
1370 1123 1611 1175 Preposito
1643 1121 1847 1162 General

203 1199 321 1238 dela
344 1198 603 1249 Compania
624 1196 680 1236 de
701 1197 852 1250 Jesus,
877 1208 934 1236 en
956 1196 1119 1237 Roma.

286 1269 397 1309 Alia
425 1279 596 1308 mann:
635 1269 750 1309 1555.
784 1267 1018 1308 Cordoua.
1054 1267 1400 1318 Quadrimestri
1426 1265 1472 1305 di
1496 1265 1542 1305 17
1565 1265 1610 1304 (11
1641 1264 1844 1316 Giugno.

202 1340 261 1381 Et
282 1340 371 1381 An.
398 1340 451 1391 Q.
477 1339 522 1380 S.

283 1412 446 1452 Manet
468 1411 730 1462 vestigimn
751 1410 913 1462 sigilli
930 1414 973 1451 et
994 1421 1126 1450 cerae
1146 1410 1334 1450 rubrae.

384 1857 664 1889 Praecedentium
681 1857 797 1884 Patris
812 1857 906 1884 Petri
922 1857 962 1883 de
978 1857 1141 1884 Azevedo
1158 1856 1353 1883 litterarum
1369 1854 1478 1882 latina
1493 1853 1606 1880 versio
1621 1852 1647 1880 ⁴2.

1009 2000 1030 2033 ff<

975 2036 1074 2077 IHS

497 2198 766 2238 Admodum
786 2197 888 2238 R.de
914 2196 1054 2238 Pater
1075 2203 1235 2237 noster
1257 2196 1305 2236 in
1327 2195 1532 2236 Christo.

275 2270 375 2310 Pax
392 2270 566 2311 Christi
588 2276 675 2310 etc.

272 2341 577 2382 Paucissimis
598 2341 946 2381 elaborabimus
968 2351 1146 2390 eorum,
1172 2351 1291 2390 quae
1313 2338 1389 2378 hic
1420 2343 1665 2388 geruntur,
1690 2335 1834 2376 ratio-

193 2424 300 2453 nem
321 2413 533 2464 reddere,
557 2419 655 2452 tum
676 2425 734 2452 ne
755 2423 929 2463 graues
946 2424 1002 2452 ac
1021 2411 1169 2452 serias
1187 2409 1536 2461 occupationes,
1561 2419 1679 2459 quas
1696 2407 1835 2447 isthic

192 2496 287 2524 non
307 2484 469 2524 deesse
493 2484 712 2532 arbitror,
732 2483 1096 2535 interpellemus,
1116 2494 1224 2523 cum
1246 2481 1368 2533 quod
1384 2481 1529 2520 multa
1547 2492 1605 2519 ex
1623 2479 1694 2529 iis,
1714 2489 1835 2529 quae

195 2555 347 2596 denuo
370 2556 618 2596 scribenda
649 2568 699 2596 se
721 2555 938 2604 offerunt,
972 2566 1054 2606 per
1091 2554 1460 2606 quadrimestres
1488 2551 1606 2591 alias
1637 2549 1836 2601 repetita

194 2634 334 2678 atque
356 2627 532 2678 scripta
553 2627 716 2676 fusius,
741 2627 891 2667 obiter
912 2626 1051 2666 modo
1074 2630 1297 2676 poterunt
1319 2623 1548 2664 enarrari.

272 2697 382 2750 Jesu
406 2699 554 2739 nostri
576 2699 881 2750 benignitate,
905 2698 983 2750 qui
1000 2697 1169 2749 pusillo
1191 2696 1301 2736 huic
1329 2706 1415 2735 suo
1437 2693 1573 2746 gregi
1594 2703 1835 2743 nunquam

193 2768 353 2809 fauere
377 2770 572 2821 desistit,
597 2771 643 2810 in
666 2770 765 2810 dies
797 2769 857 2810 ad
885 2768 1232 2810 confessionem
1262 2772 1307 2807 et
1330 2777 1516 2806 sacram
1550 2763 1835 2804 communio-

246 2953 254 2972 ¹
297 2953 390 2980 Haec
406 2958 481 2988 post
498 2954 664 2987 scriptam
682 2955 865 2988 epistolam
881 2953 1012 2981 inserta
1028 2953 1200 2981 videntur.

245 3001 258 3019 ²⁸
296 3001 561 3036 Autographum
584 3001 615 3027 in
633 3002 712 3029 solio
728 3002 864 3035 duplici,
881 3009 911 3028 n.
927 3001 991 3029 549.
