2047 3179
267 140 318 177 dtl
786 141 1014 178 L1TTERAE
1043 152 1402 185 QUADRlMEsTREs

265 237 358 283 duo
393 249 450 278 ex
482 237 705 278 fratribus
738 243 845 277 sunt
874 238 1105 289 accersiti,
1137 245 1188 279 vt
1216 241 1433 291 precibus
1455 242 1589 293 (quas
1610 241 1833 282 horarum
1855 243 1915 283 40

264 309 554 361 nuncupant)
577 309 873 357 interessent,
895 320 1014 361 quae
1035 316 1146 351 tunc
1167 313 1390 364 temporis
1407 312 1506 352 fieri
1528 313 1692 363 solent,
1716 314 1794 354 vbi
1816 314 1906 354 sin·

263 381 387 431 gulis
408 380 538 420 horis
559 380 702 420 semel
734 386 872 431 atque
903 381 1071 422 iterum
1099 381 1184 422 fuit
1211 384 1598 433 concionandum,
1633 385 1737 425 aliis
1769 386 1905 425 vicis-

261 451 745 491 simsuccedentibus.
771 450 958 501 Quanto
979 458 1134 493 autem
1164 453 1209 493 id
1236 461 1467 505 prouentu
1495 455 1626 494 nouit
1654 454 1905 497 Dominus„

261 522 398 564 Certe
434 524 492 563 ad
528 522 798 572 lachrimaS,
837 524 1107 575 amplexus,
1144 526 1439 577 gemitusque
1466 527 1685 576 permulti
1712 528 1902 579 saepius

258 594 496 644 commoti,
519 594 676 645 palam
693 599 871 644 mutUO,
890 594 1029 634 venia
1050 602 1234 646 rogata,
1255 608 1371 647 pace
1395 597 1670 647 composita,
1704 597 1751 638 in
1768 598 1902 638 Chri—

261 665 320 705 sti
341 665 547 716 gratiam
567 665 765 705 rediere.

338 736 448 776 Post
483 748 647 777 sacros
676 736 955 777 Dominicae
990 737 1368 778 Resurrectionis
1398 739 1497 778 dies
1517 737 1639 779 Rflus
1661 740 1904 791 VicariuS,

256 808 343 857 vir,
369 814 417 848 vt
439 807 646 859 quotidie
667 808 821 859 magis
843 819 897 848 ac
920 808 1073 859 magis
1095 810 1379 861 experimur,
1403 815 1448 849 et
1470 809 1656 860 pietatis
1681 818 1726 852 et
1748 811 1901 852 Socie-

255 879 381 928 tatis‚
409 891 549 931 quam
580 878 907 931 vndecurnque
935 880 1195 931 pervehere
1216 880 1392 930 nititur,
1423 880 1807 933 studiosissimus,
1834 884 1900 923 iu-

253 950 456 997 bilaeum
473 951 519 990 in
536 951 709 1002 templo
727 956 888 991 nostro
906 951 1295 1001 constituit‚vnde
1312 963 1435 991 noua
1453 950 1685 993 dominico
1703 964 1819 1005 agro
1837 954 1906 994 in-

254 1028 492 1062 crementa
516 1033 699 1073 semper
722 1028 1023 1062 accesserunt
1044 1023 1248 1074 nouique
1265 1034 1318 1063 ac
1341 1023 1573 1063 salutares
1593 1023 1775 1065 fructus
1795 1037 1901 1076 per-

254 1093 379 1145 cepti
401 1099 522 1133 sunt.
546 1092 668 1132 Rdus
688 1092 828 1133 Pater
850 1093 1121 1134 Euerardus
1151 1094 1304 1145 pergit
1340 1093 1502 1133 diebus
1523 1093 1653 1135 festis
1675 1096 1722 1135 in
1744 1097 1900 1147 expla-

253 1164 442 1205 natione
459 1164 766 1215 epistolarum
789 1165 848 1205 ad
866 1164 1180 1214 Timotheum,
1205 1165 1468 1216 frequentia
1485 1177 1578 1205 non
1600 1172 1902 1207 contemnen-

252 1237 326 1287 da,
359 1236 493 1276 cuius
527 1242 571 1275 et
600 1235 866 1276 doctrinam
902 1236 1034 1276 multi
1069 1236 1378 1287 admirantur,
1410 1243 1455 1276 et
1486 1237 1703 1288 spiritum
1735 1249 1902 1278 omnes

251 1298 608 1359 amplectuntur.
660 1307 773 1347 Eius
819 1318 963 1359 opera
999 1308 1287 1359 consilioque
1324 1307 1446 1347 Rdus
1478 1308 1699 1349 Vicarius
1734 1309 1898 1359 vtitur,

249 1379 518 1420 haereticae
550 1390 733 1431 quoque
763 1379 1013 1431 prauitatis
1042 1379 1287 1430 inquisitor
1318 1379 1573 1421 maximam
1604 1380 1650 1420 in
1672 1380 1901 1421 librorum

250 1463 450 1492 censura
471 1451 535 1491 illi
556 1451 705 1491 defert
725 1457 921 1502 partem.
944 1450 1066 1490 R.dus
1088 1450 1226 1491 Pater
1251 1450 1459 1503 Joannes
1486 1450 1630 1502 Niger
1659 1452 1896 1492 concioni-

249 1524 348 1573 bus,
374 1534 491 1574 quas
520 1522 568 1562 in
598 1522 891 1562 hebdomade
921 1522 1110 1573 saepius
1137 1522 1290 1571 habet,
1316 1522 1427 1562 totis
1448 1522 1629 1562 viribus
1652 1523 1891 1571 incumbit,

250 1595 327 1646 qui
358 1606 412 1634 eo
442 1594 623 1635 cunctis
653 1601 722 1634 est
765 1593 1019 1645 acceptior,
1053 1605 1144 1645 quo
1177 1593 1329 1644 magis
1358 1593 1546 1633 diuinae
1588 1594 1767 1645 gloriae
1797 1596 1903 1635 zelo

249 1666 448 1706 excellit.
473 1665 600 1706 Idem
621 1665 681 1705 ad
701 1664 1015 1715 xenodochia,
1040 1676 1295 1715 carcerem,
1320 1670 1542 1715 aegrotos
1572 1676 1894 1717 quoscumque

249 1738 528 1787 aduocatur,
552 1737 813 1788 mirumque
842 1748 982 1788 quam
1009 1737 1144 1787 plene
1173 1736 1388 1775 omnibus
1410 1735 1685 1776 satisfaciat.
1710 1736 1892 1776 Praele-

248 1810 316 1861 git
339 1816 383 1850 et
413 1810 575 1850 diebus
597 1809 786 1850 veneris
809 1809 1115 1849 christianam
1147 1808 1410 1848 doctrinam
1430 1808 1661 1860 frequenti
1682 1809 1896 1849 virorum

241 1882 589 1933 ,mulierumque
617 1892 865 1921 concursu.
899 1880 989 1931 Qui
1016 1891 1178 1920 omnes
1206 1881 1370 1920 eodem
1401 1880 1489 1931 die,
1514 1880 1677 1920 diebus
1708 1892 1893 1932 quoquc

249 1953 510 2003 dominicis,
544 1964 639 1992 non
670 1964 818 2004 paruo
853 1963 961 1992 cum
997 1951 1261 1991 animarum
1304 1951 1483 2001 fructu,
1527 1951 1896 1991 communicant„

250 2023 337 2075 Qui
368 2030 515 2064 restat
550 2024 717 2064 tertius
745 2023 1118 2063 confessionibus
1147 2022 1393 2063 audiendis
1425 2023 1694 2073 maximam,
1733 2034 1891 2074 quam-

250 2107 391 2147 quam
431 2102 475 2135 et
516 2095 822 2135 concionibus
862 2094 1003 2134 etiam
1044 2104 1294 2144 magnam,
1334 2093 1561 2145 temporis
1595 2099 1776 2145 partem
1811 2094 1890 2133 im-

250 2167 424 2219 pendit.

329 2238 398 2279 Ea
420 2249 666 2289 superesse
687 2237 922 2284 videntur,
941 2248 1060 2288 quae
1080 2236 1139 2276 ad
1154 2235 1256 2275 R.¹¹1i
1275 2236 1542 2276 Cardinalis
1560 2235 1773 2276 Perusini
1790 2235 1888 2277 Col-

247 2310 421 2361 legium
448 2315 677 2362 spectant.
701 2309 964 2349 Conciones
999 2308 1186 2347 habitae
1213 2314 1320 2347 sunt
1347 2308 1546 2358 singulis
1574 2306 1738 2347 diebus
1758 2307 1895 2347 sestis

248 2382 399 2422 binae.
437 2381 512 2421 Ad
549 2380 858 2421 consessionis
893 2379 1299 2430 eucharistiaeque
1327 2385 1626 2419 sacramenta
1656 2391 1750 2418 non
1777 2390 1887 2418 rara

246 2465 332 2494 nec
368 2453 540 2503 exigua
572 2451 811 2492 concurrit
845 2450 1106 2499 multitudo,
1143 2450 1349 2503 Juuenes
1380 2457 1561 2501 autem,
1592 2461 1709 2501 quos
1735 2450 1797 2489 ibi
1825 2450 1890 2489 in-

244 2525 494 2565 struendos
516 2524 798 2575 accepimus,
823 2528 872 2562 vt
890 2522 1036 2562 literis
1064 2521 1131 2561 sic
1152 2521 1359 2562 moribus
1390 2521 1597 2572 insignes
1620 2527 1887 2561 euaserunt.

325 2596 409 2636 His
431 2603 474 2636 et
495 2595 760 2635 huiusmodi
782 2593 1020 2645 obsequiis
1048 2600 1188 2644 atque
1219 2593 1265 2633 in
1296 2593 1564 2644 proximum
1585 2592 1774 2644 pietatis
1795 2591 1885 2631 offi-

245 2668 329 2708 ciis
351 2673 491 2707 aucta
511 2672 581 2707 est
602 2665 707 2706 R.¹¹²i
728 2665 966 2716 Prolegati
990 2677 1045 2704 ac
1075 2663 1276 2704 Senatus
1298 2675 1414 2715 erga
1435 2676 1520 2704 nos
1541 2663 1887 2713 beneuolentia,

243 2751 335 2790 qua
361 2738 559 2778 instituti
595 2737 745 2777 nostri
780 2736 918 2776 fidem
949 2737 1092 2776 multo
1123 2735 1378 2776 firmiorem
1406 2734 1531 2787 apud
1561 2734 1688 2775 ciues
1723 2746 1887 2774 omnes

241 2809 558 2858 reddiderunt.
597 2808 682 2848 His
725 2808 926 2848 accessit
960 2808 1110 2847 oratio
1152 2808 1311 2847 habita
1346 2814 1452 2858 post
1492 2805 1771 2846 Dominicae
1801 2805 1885 2845 Re-

241 2881 547 2929 surrectionis
569 2879 795 2920 solemnia
817 2891 978 2919 coram
1000 2879 1164 2919 eodem
1186 2878 1452 2930 Prolegato‚
1478 2876 1669 2928 Senatu,
1688 2877 1881 2917 celebri-

242 2964 331 3004 que
350 2952 727 2993 doctissimorum
759 2950 1249 3002 nobilissimorumque
1272 2950 1445 2990 ciuium
1468 2960 1658 2990 corona.
1694 2947 1765 2988 Ac.
1787 2948 1885 2988 dia-
