2047 3179
256 173 328 211 630
776 174 1003 212 LITTERAE
1022 185 1380 219 QUADRIMESTRES

256 273 483 325 religione
514 273 791 326 praestanti;
824 273 991 325 quibus
1016 273 1103 313 rite
1130 273 1336 324 peractis
1365 273 1594 324 omnibus,
1621 273 1816 325 quisque
1846 275 1894 314 in

256 355 341 384 sua
362 351 554 386 remeat.

336 415 528 457 Manent
550 418 778 457 conuiuae
799 423 957 458 tamen
978 416 1206 466 Religiosi
1227 417 1492 467 complures
1515 427 1620 456 cum
1643 416 1819 467 aliquot
1834 428 1894 457 ex

261 487 543 538 primoribus
570 489 813 541 Vtriusque
840 494 1046 539 senatus3
1076 493 1331 539 parauerat
1361 487 1483 527 enim
1512 486 1570 526 D.
1600 486 1658 527 D.
1687 487 1906 540 Joannes,

258 558 570 599 lautissimum
594 560 876 609 conuiuium,
900 559 947 599 in
969 570 1060 610 quo
1082 558 1247 598 Patres
1268 558 1608 598 ministrarunt.

340 629 538 682 Excepit
562 630 684 671 istud
706 630 967 671 literarium
987 630 1111 670 aliud
1141 630 1425 675 conviuium3
1451 629 1750 670 commodum
1772 631 1894 671 enim

260 701 442 741 fuerant
464 702 676 742 sublatae
706 713 910 752 mensae,
942 713 1084 753 quum
1111 701 1344 752 ingenuus
1370 702 1576 752 assurgit
1604 701 1892 753 adolescens,

259 778 400 824 atque
431 785 454 813 e
485 780 711 824 suggestu
739 773 894 824 coepit
929 771 1158 812 Sanctiss.
1194 771 1390 824 Joannis
1426 771 1589 812 laudes
1624 772 1894 821 decantare;

259 844 455 884 aderant
477 851 520 884 et
543 844 619 884 alii
641 850 856 896 quatuor,
889 855 1089 895 quorum
1119 843 1295 894 primus
1324 843 1712 884 declamatorium
1739 844 1895 884 thema

258 916 518 967 proposuit;
544 927 600 955 ex
623 915 725 955 aliis
751 915 857 965 duo,
882 915 1078 967 quisque
1099 926 1233 954 suam
1253 920 1431 955 tutatus
1453 920 1522 954 est
1543 920 1737 965 partem.
1762 914 1896 955 Dice-

258 998 334 1027 res
355 999 453 1027 rem
476 988 523 1027 in
544 986 769 1028 Senatum
790 998 892 1027 esse
915 987 1132 1037 delatam3
1156 997 1266 1026 nam
1287 986 1447 1026 sedulo
1464 986 1658 1037 quisque
1676 986 1734 1026 ad
1750 986 1896 1026 victo-

258 1059 378 1098 riam
399 1058 711 1099 contendebat
732 1058 905 1099 validis
926 1058 1201 1098 rationibus.
1227 1057 1448 1109 Quartus,
1475 1057 1548 1097 cui
1564 1057 1803 1098 iudicandi
1820 1069 1895 1098 ne-

257 1131 436 1181 gotium
459 1131 611 1171 fuerat
632 1130 982 1179 demandatum,
1008 1135 1052 1169 et
1073 1140 1244 1179 graece
1267 1136 1311 1169 et
1332 1129 1474 1169 latine
1493 1129 1772 1168 sententiam
1793 1140 1894 1180 pro-

257 1202 515 1242 nunciauit.
540 1201 654 1253 Quis
677 1202 839 1242 credat
862 1213 887 1240 a
916 1201 1113 1253 prandio
1136 1202 1262 1240 lauto
1285 1207 1329 1240 et
1351 1200 1545 1252 opiparo
1569 1200 1894 1240 accomodatu—

257 1286 362 1314 rum
384 1274 586 1325 aliquem
607 1273 838 1325 patientes
860 1284 1000 1313 aures
1020 1271 1373 1312 declamaturis?
1395 1277 1438 1312 et
1460 1279 1617 1312 tamen
1645 1271 1895 1312 attentissi—

258 1357 332 1386 me
363 1345 627 1395 audierunt,
658 1345 746 1385 sibi
776 1345 900 1385 enim
934 1343 1221 1384 audientiam
1249 1342 1447 1384 dicendo
1474 1342 1711 1383 faciebant
1745 1343 1897 1383 adole-

259 1422 459 1457 scentes.

337 1488 559 1540 Superest
582 1488 772 1528 Vltimus
794 1494 929 1528 actus
950 1493 1002 1527 vt
1022 1499 1142 1538 quae
1164 1487 1254 1527 hoc
1276 1486 1349 1526 die
1365 1493 1501 1538 gesta
1519 1492 1627 1526 sunt
1642 1492 1897 1538 Vtcumque

256 1567 521 1602 narrentur.
542 1560 698 1601 Finito
720 1560 936 1611 prandiO,
961 1559 1206 1600 discedunt
1228 1571 1287 1599 ex
1308 1558 1525 1599 conuiuis
1547 1558 1693 1606 multi,
1713 1558 1895 1609 religio-

256 1634 295 1673 si
330 1632 633 1684 praesertim3
668 1637 858 1671 manent
892 1631 1025 1671 multi
1058 1631 1254 1671 latinam
1290 1629 1582 1670 comoediam
1623 1630 1895 1681 spectaturi,

257 1715 378 1756 quae
411 1703 598 1754 vesperi
630 1710 733 1743 erat
762 1714 844 1754 per
871 1702 1108 1743 studiosos
1138 1701 1458 1742 adolescentes
1489 1701 1688 1751 agenda.
1718 1700 1819 1752 Qua
1842 1701 1898 1741 de

255 1786 306 1815 re
324 1787 431 1815 cum
453 1775 545 1815 iam
567 1774 901 1815 disseminatus
924 1774 1256 1825 dispersusque
1274 1784 1434 1813 rumor
1453 1778 1590 1823 esset,
1611 1772 1816 1812 accurrit
1832 1772 1897 1812 in-

255 1858 452 1887 numera
488 1847 639 1897 turba;
679 1846 756 1898 qui
792 1846 934 1885 latine
970 1845 1196 1895 sciebant,
1233 1844 1347 1884 nihil
1382 1856 1431 1884 se
1466 1843 1643 1884 vidisse
1672 1855 1895 1895 vnquam,

257 1918 380 1970 quod
401 1918 659 1970 placuisset
682 1917 849 1968 magis,
876 1917 1231 1957 asseuerabant.
1256 1916 1381 1956 Tulit
1412 1916 1534 1956 enim
1559 1927 1696 1955 omne
1718 1927 1898 1955 comoe-

258 1990 333 2031 dia
356 1996 597 2042 punctum,
624 1989 698 2029 cui
719 1988 981 2029 Acolastus
998 1988 1159 2028 titulus
1176 1994 1260 2038 est,
1280 1988 1455 2039 aliquot
1472 1987 1676 2027 exsectis
1697 1987 1896 2036 scaenis,

256 2073 376 2114 quae
398 2067 614 2114 poterant
635 2067 955 2112 spectatorum
979 2071 1118 2100 aures
1140 2066 1184 2100 et
1208 2060 1369 2100 oculos
1400 2058 1650 2099 offendere.
1674 2057 1899 2109 Singulos

257 2140 391 2174 actus
410 2133 712 2185 explicabant
733 2131 964 2184 hispanici
983 2131 1157 2180 rithmi,
1182 2130 1365 2171 adiecta
1394 2130 1526 2170 breui
1549 2136 1689 2180 atque
1717 2142 1774 2169 ex
1795 2129 1898 2180 ipsa

258 2217 307 2246 re
329 2211 440 2246 nata
462 2203 806 2253 exhortatione,
831 2214 951 2255 quae
973 2203 1032 2243 ad
1053 2214 1208 2243 mores
1236 2208 1487 2254 spectaret.

337 2276 512 2317 Triduo
548 2282 654 2327 post
688 2275 957 2316 intermissa
994 2281 1281 2314 reuocantur
1309 2273 1477 2323 studia,
1509 2273 1554 2312 in
1585 2284 1704 2324 quae
1727 2272 1782 2322 (si
1815 2283 1898 2312 vn—

256 2360 398 2401 quam
420 2348 552 2398 alias)
575 2347 814 2387 auditores
831 2345 1191 2397 diligentissime
1205 2345 1533 2385 incubuerunt.
1555 2344 1791 2385 Prouehat
1807 2342 1899 2383 Do—

256 2421 410 2462 minus
433 2419 659 2460 foeliciter
680 2424 862 2470 coepta,
888 2417 1146 2468 cedereque
1167 2415 1313 2456 faciat
1334 2416 1378 2456 in
1398 2427 1531 2456 suam
1544 2416 1683 2455 Vnius
1699 2415 1900 2466 gloriam

257 2499 303 2533 et
321 2492 564 2532 honorem.

337 2563 468 2615 Quae
500 2562 560 2603 ad
594 2561 914 2602 consessiones
949 2560 1147 2600 attinent
1179 2560 1225 2600 in
1261 2559 1361 2600 dies
1397 2559 1628 2599 accrescit
1662 2569 1898 2606 numerus3

258 2646 367 2676 nam
387 2635 465 2675 alii
487 2635 605 2675 alios
627 2633 842 2673 inuitant.
861 2630 978 2672 Sunt
998 2632 1247 2683 generales
1263 2629 1583 2670 confessiones
1602 2642 1692 2670 non
1714 2629 1901 2681 quidem

258 2718 453 2758 paucae.
480 2705 550 2746 De
573 2703 851 2745 iuramentis
876 2714 990 2743 cura
1013 2703 1088 2742 vel
1109 2702 1364 2754 praecipua
1393 2707 1484 2753 est;
1513 2713 1626 2742 nam
1650 2700 1834 2752 publice
1852 2700 1901 2740 in

261 2778 338 2818 uia
360 2778 672 2818 admonentur
694 2775 773 2827 qui
796 2775 971 2815 iurant.
1000 2772 1060 2814 Et
1087 2784 1237 2825 aequo
1268 2773 1425 2813 animo
1454 2784 1503 2813 se
1524 2772 1700 2823 corrigi
1720 2770 1901 2823 patiun-

258 2856 349 2895 tur,
383 2848 499 2888 adeo
529 2854 580 2888 vt
609 2847 743 2888 flexis
769 2845 973 2897 genibus
999 2844 1321 2896 precationem
1356 2843 1641 2885 dominicam
1667 2842 1902 2894 supplices

261 2920 575 2971 pronunciare
597 2930 689 2959 non
711 2917 937 2965 dubitent3
963 2921 1104 2967 atque
1124 2915 1188 2956 ita
1211 2915 1456 2956 discedunt
1477 2922 1528 2955 vt
1549 2915 1708 2955 dicant
1735 2926 1785 2954 se
1806 2924 1900 2953 am-

261 2992 381 3042 plius
404 3003 554 3043 neque
577 2992 678 3030 leue
707 2987 1030 3029 iusiurandum
1062 2987 1355 3027 sermonibus
1385 2986 1690 3027 admixturos.
1722 2985 1907 3036 Aegro->
