2047 3179
803 165 836 195 A
847 170 883 195 N.
916 158 1006 194 1555
1655 159 1721 195 611

100 273 156 300 na
179 258 468 299 enarrandas
489 258 707 308 suscepit,
731 266 847 307 quas
866 255 1072 308 Joannes
1099 255 1155 294 de
1181 253 1327 294 Sacro
1350 255 1484 293 busto
1515 255 1644 294 breui
1666 254 1718 294 li-

99 332 217 371 bello
238 331 293 370 de
312 329 518 381 sphaera
539 326 816 377 conscripsit
840 325 849 343 ¹
868 331 912 365 et
934 336 1040 364 cum
1061 335 1241 364 summo
1264 325 1471 364 omniurn
1495 325 1723 375 applausu

102 402 160 442 ad
182 408 441 442 extremum
463 410 607 450 usque
625 396 854 449 perduxit.

181 472 282 512 Rex
303 470 492 511 interim
517 475 620 520 post
650 470 839 517 longam
866 476 909 506 et
937 466 1164 506 diutinam
1194 465 1576 505 deliberationem
1609 466 1727 506 Aca-

103 544 283 584 demiae
303 539 686 582 conimbricensis
708 537 955 588 collegium
972 535 1194 577 Societati
1210 542 1398 576 nostrae
1421 537 1668 576 committit
1684 544 1729 577 et

104 614 245 654 tradit
267 613 294 650 ².
317 612 456 652 Pater
476 610 627 650 Miron
649 609 870 661 plurimos
891 607 950 648 ad
970 619 1020 647 se
1041 619 1100 646 ex
1120 619 1175 646 ea
1203 606 1462 647 Academia
1492 614 1537 647 et
1558 607 1729 648 fratres

106 692 150 725 et
170 690 328 736 patres
355 687 538 729 euocat,
569 693 682 732 quos
713 679 1023 731 Ulyssiponae
1061 678 1314 717 instructos
1349 683 1394 717 et
1429 678 1727 729 exercitatos,

106 757 151 796 in
172 753 385 795 eamdem
406 759 568 804 postea
588 751 896 792 Academiam
912 749 1181 799 remitteret,
1202 759 1308 788 cum
1325 748 1447 788 enirn
1463 749 1731 789 liberalibus

108 825 285 866 artibus
296 831 341 864 et
358 823 620 873 theologiae
638 833 693 861 eo
712 829 918 872 tempore
936 830 1128 871 operam
1143 825 1387 869 nauarent,
1408 831 1501 859 non
1514 819 1581 868 ita
1599 826 1732 860 erant

108 895 459 937 humanioribus
481 894 627 933 literis
647 892 824 940 imbuti,
848 898 897 931 ut
917 890 1229 930 instituendae
1250 890 1481 930 iuuentuti
1498 890 1652 930 idonei
1669 891 1732 931 ui-

108 969 341 1008 derentur.
367 965 493 1006 Vicit
515 972 670 1004 autem
691 965 880 1013 longam
901 961 1276 1002 dessuetudinem
1296 962 1623 1002 nonnullorum
1644 963 1734 1002 die—

110 1050 213 1079 rum
234 1036 523 1077 exercitatio.
549 1034 796 1075 Caeterum
824 1033 975 1073 minor
1002 1038 1102 1072 erat
1124 1039 1484 1084 praeceptorum
1513 1044 1735 1073 numerus

110 1120 250 1161 quam
271 1113 320 1148 ut
341 1108 528 1158 explere
546 1117 707 1145 omnes
724 1106 898 1144 classes
915 1109 1086 1154 posset.
1107 1103 1182 1143 Ad
1197 1109 1380 1154 patrem
1396 1102 1704 1144 Franciscum
1722 1103 1736 1123 ⁵

112 1181 250 1221 Pater
278 1178 466 1231 quidam
495 1177 704 1225 mittitur,
735 1177 813 1227 qui
841 1186 937 1214 rem
966 1186 1149 1214 omnem
1179 1186 1206 1214 a
1231 1174 1460 1225 principio
1481 1182 1657 1225 narret,
1689 1181 1739 1215 ut

113 1252 222 1304 quid
244 1256 366 1291 esset
387 1249 433 1288 in
455 1255 585 1288 tanta
607 1247 801 1299 penuria
822 1244 1165 1286 decernendum
1185 1245 1461 1285 breuissime
1489 1247 1738 1287 constitue-

114 1330 197 1373 ret3
221 1333 340 1374 quae
361 1320 471 1359 dum
492 1319 802 1370 Ulyssiponae
823 1322 1070 1368 geruntur,
1095 1315 1283 1367 quidam
1309 1322 1443 1367 pater
1463 1328 1522 1356 ex
1545 1317 1616 1357 his
1644 1318 1738 1369 qui-

114 1396 199 1434 bus
220 1393 266 1433 id
287 1391 491 1432 muneris
513 1394 614 1429 erat
634 1389 906 1437 iniunctum,
937 1387 1099 1427 morbo
1127 1393 1431 1438 consumptus
1460 1388 1742 1429 obdormiuit

116 1467 161 1505 in
182 1463 399 1512 Domino,
423 1472 558 1512 quem
580 1460 670 1499 tuis
692 1459 980 1498 orationibus
1008 1458 1123 1498 satis
1151 1458 1352 1498 arbitror
1381 1470 1483 1498 esse
1511 1470 1742 1500 commen-

117 1537 291 1577 datum.

197 1606 411 1646 Iamuero
433 1605 513 1644 uix
535 1604 625 1644 dici
646 1609 797 1655 potest
819 1607 930 1653 quot
951 1601 1203 1653 quantique
1225 1602 1266 1641 ei
1287 1603 1493 1642 illiterati
1509 1609 1554 1643 et
1572 1604 1746 1644 literati

121 1678 442 1718 adolescentes
464 1675 522 1715 ad
544 1674 826 1715 Societatem
854 1673 1075 1723 aspirent,
1107 1673 1273 1724 quibus
1300 1673 1340 1713 si
1370 1673 1524 1713 aditus
1545 1680 1744 1725 pateret,

122 1750 256 1800 plena
284 1753 329 1787 et
356 1746 526 1787 referta
554 1751 709 1785 essent
735 1744 872 1783 huius
899 1744 1171 1793 prouinciae
1197 1744 1410 1794 collegia,
1442 1751 1748 1797 caeterasque

122 1819 391 1872 prouincias
407 1816 700 1858 multitudine
712 1817 1023 1855 uinceremus.
1038 1815 1120 1854 Est
1132 1826 1245 1855 sane
1263 1815 1386 1866 quod
1398 1815 1498 1855 Deo
1513 1822 1604 1867 opt.
1621 1828 1747 1857 max.

124 1890 408 1931 immortales
443 1888 623 1939 gratias
654 1898 867 1938 agamUS,
910 1885 1137 1937 siquidem
1173 1886 1328 1925 omnia
1368 1886 1521 1926 Patris
1555 1887 1750 1928 Mironis

122 1961 370 2014 prudentia
391 1960 455 2000 ita
475 1959 811 2009 gubernantur,
837 1963 884 1997 ut
906 1957 937 1996 ii
957 1957 1044 1996 soli
1064 1957 1111 1996 in
1132 1963 1345 1997 nostrum
1373 1968 1617 1998 numerum
1637 1960 1751 2000 refe-

124 2039 301 2082 rantur,
325 2041 523 2083 quorum
545 2030 689 2069 multo
712 2040 795 2068 usu
818 2028 1007 2079 cognita
1027 2027 1175 2067 uirtus
1197 2033 1241 2067 et
1261 2034 1506 2080 perspecta
1530 2031 1645 2070 satis
1665 2036 1750 2081 est,

125 2115 332 2156 quosque
366 2108 523 2153 sperat
554 2100 763 2140 instituto
796 2106 955 2138 nostro
983 2098 1097 2138 satis
1129 2099 1321 2139 idoneos
1349 2099 1545 2140 futuros.
1579 2101 1754 2143 Eorum

128 2180 297 2223 autem,
331 2173 409 2224 qui
436 2171 610 2212 nostris
637 2170 811 2210 scholis
840 2170 986 2209 literis
1012 2170 1358 2220 incumbebant,
1390 2182 1474 2211 sex
1500 2172 1688 2222 ingenio
1710 2180 1755 2214 et

129 2246 300 2286 uirtute
320 2248 615 2296 praestantes
636 2242 828 2281 iuuenes
850 2253 941 2281 non
954 2241 1082 2292 prius
1104 2247 1210 2281 sunt
1227 2241 1420 2282 admissi
1436 2254 1577 2294 quam
1594 2256 1756 2285 eorum

130 2323 348 2368 parentes
372 2315 597 2355 certiores
619 2312 729 2352 facti
750 2320 793 2352 et
814 2312 950 2352 nobis
978 2318 1021 2352 et
1047 2312 1194 2352 literis
1214 2312 1447 2363 integram
1477 2320 1755 2366 potestatem

134 2389 356 2437 fecerunt3
380 2386 511 2426 multi
532 2390 776 2437 praeterea
798 2390 1114 2434 externorum,
1139 2395 1255 2434 quos
1272 2390 1400 2424 certo
1422 2396 1618 2426 numero
1635 2398 1755 2427 com-

133 2458 420 2510 prehendere
441 2468 635 2508 nequeo,
655 2455 901 2505 diligenter
918 2455 1187 2505 examinati,
1207 2455 1377 2506 partim
1395 2455 1756 2509 Conimbricam,

132 2531 304 2583 partim
342 2530 564 2574 Rumam,
608 2526 740 2577 jussu
781 2525 932 2566 Patris
971 2525 1180 2576 Mironis,
1223 2526 1354 2566 missi
1392 2533 1515 2578 sunt,
1549 2540 1668 2580 quae
1703 2542 1762 2569 ex

184 2691 195 2712 ¹
238 2690 400 2724 sphaera
432 2688 635 2716 materialis
664 2694 683 2714 a
715 2686 844 2720 Joanne
874 2685 1014 2713 Halifax
1038 2686 1077 2713 de
1110 2686 1216 2714 Sacro
1246 2686 1353 2714 Bosco
1379 2687 1411 2720 (†
1443 2687 1524 2717 1256)
1555 2689 1766 2724 conscripta.

134 2740 184 2767 Cf.
199 2739 482 2769 BRAUNSBERGER,
498 2737 522 2764 1,
536 2743 552 2762 e
571 2757 575 2762 .
593 2742 671 2769 pag.
686 2734 748 2767 415,
765 2738 797 2761 et
818 2733 969 2767 HANsEN,
985 2734 1007 2760 l.
1023 2741 1062 2766 c.,
1084 2741 1163 2768 pag.
1183 2734 1247 2768 321,
1262 2734 1330 2768 ubi,
1353 2738 1458 2762 annot
1474 2735 1500 2769 2,
1523 2736 1688 2764 lectorem
1710 2745 1763 2764 re-

130 2787 236 2815 mittit
251 2786 294 2814 ad
311 2784 485 2813 GUNTHER,
503 2781 707 2810 Gesclzsclzte
722 2781 784 2808 dec
799 2780 1120 2808 Mathematisclzen
1151 2780 1384 2814 Unterrichts,
1399 2790 1477 2816 pag.
1493 2783 1663 2811 isa—Illis
1686 2789 1768 2812 tem-

131 2835 270 2871 poribus
284 2833 406 2867 ubique
422 2832 492 2859 fere
512 2831 618 2858 Sacro
632 2831 744 2862 husto,
758 2832 795 2856 ut
810 2829 875 2861 hic,
892 2829 1104 2863 appellatum
1119 2829 1324 2864 reperimuS.

187 2882 201 2901 2
240 2881 326 2908 Vide
341 2880 482 2911 TELLEZ,
498 2878 666 2906 Chronica
688 2877 732 2904 da
760 2876 976 2910 Companln·a
1000 2876 1043 2903 de
1065 2876 1153 2912 Jesu
1177 2884 1231 2904 em
1258 2877 1438 2911 Portugal,
1460 2883 1560 2913 parte
1583 2886 1617 2912 ιι,
1641 2880 1698 2908 lib.
1724 2887 1770 2915 νῐ,

128 2937 210 2965 cap.
227 2929 269 2957 18.

192 2977 206 2997 ⁵
244 2978 281 3005 P.
302 2977 522 3006 Franciscum
538 2976 575 3004 de
592 2977 707 3011 Boi-ja,
731 2975 1001 3003 Commisarium.
