2047 3179
895 151 980 188 Ax.
1011 152 1102 189 1555
1131 157 1133 160 ⁴
1744 156 1814 193 253

176 254 344 288 nostra
372 248 658 299 negligentia
689 248 863 298 corrigi
891 255 935 288 et
964 249 1203 288 emendari
1231 250 1441 299 valeant,
1474 251 1636 290 lubens
1667 253 1812 291 mani-

182 318 382 359 festabo.

265 390 315 430 In
335 390 498 441 primis
519 390 656 429 Pater
676 395 834 430 noster
850 389 910 429 Μ.
935 389 1184 440 Quintinus
1210 390 1217 409 ¹
1242 391 1541 443 prosequitur
1576 403 1686 432 suas
1709 406 1815 433 con-

187 461 344 500 ciones
365 467 409 501 et
428 461 652 501 lectiones
674 460 913 501 doctrinae
941 461 1225 501 christianae
1247 462 1293 501 in
1314 462 1606 513 Beghinagio
1622 462 1636 481 ²
1658 463 1815 514 singu-

188 531 244 571 lis
266 532 427 572 diebus
463 532 708 572 dominicis
743 539 786 571 et
819 531 973 572 festis:
1012 532 1278 573 auditorum
1308 545 1529 573 numerus
1551 540 1750 585 augetur
1773 535 1818 574 in

191 602 303 653 dies,
328 608 372 642 et
393 602 459 642 eis
487 603 651 643 satisfit
686 603 949 654 plurimum,
986 615 1072 643 nec
1095 605 1281 644 omnino
1308 606 1483 656 absque
1505 605 1675 645 fructu.
1700 605 1818 645 Nam

190 680 296 725 post
319 673 591 713 concionem
613 674 765 725 (quam
796 674 907 713 facit
933 673 946 691 ⁵
968 675 1125 714 statim
1148 687 1173 714 a
1210 675 1422 726 prandio)
1458 687 1604 727 usque
1631 676 1677 715 in
1705 679 1798 716 mul

189 751 285 784 tam
309 751 508 792 noctem,
534 745 624 785 duo
641 757 700 785 ex
719 745 912 792 nostris,
937 754 981 785 et
1011 747 1197 796 quando
1226 758 1488 798 possumus,
1514 759 1676 787 omnes
1708 754 1821 797 tres,

191 815 466 855 satisfacere
486 827 579 855 non
601 817 812 856 valemus
834 816 1153 857 confitentium
1175 818 1480 868 multitudini;
1504 830 1590 858 nec
1618 825 1728 858 tune
1749 830 1822 858 so-

190 887 299 935 lum,
324 898 489 926 verum
507 887 647 926 etiam
676 893 720 926 et
737 887 844 927 totis
876 886 1144 938 frequenter
1178 888 1406 939 operariis
1426 887 1442 907 ‘⁴
1463 889 1624 929 diebus
1646 890 1692 929 id
1717 901 1824 930 con-

201 956 353 1007 tingit,
379 958 628 1008 praecipue
650 957 732 997 sub
754 957 1072 998 solemnitates
1095 959 1391 999 celebriores.

274 1027 475 1068 Fructus
507 1034 662 1068 autem
684 1041 742 1069 ex
770 1029 841 1069 his
878 1029 1251 1070 confessionibus
1286 1031 1486 1071 refertur
1520 1044 1612 1071 non
1638 1033 1826 1072 omnino

199 1099 413 1150 exiguus,
435 1111 541 1139 cum
561 1099 657 1140 fere
680 1100 739 1140 ad
759 1112 844 1140 nos
867 1100 1108 1152 accedant,
1132 1102 1209 1152 qui
1231 1102 1279 1142 in
1301 1103 1456 1142 animo
1479 1102 1651 1143 habent
1682 1104 1827 1144 vitam

199 1176 466 1210 anteactam
487 1170 534 1210 in
555 1171 794 1211 meliorem
815 1178 1118 1212 commutare.
1143 1172 1341 1213 Factum
1362 1174 1519 1225 itaque
1547 1181 1615 1214 est
1647 1180 1695 1214 ut
1718 1186 1829 1214 non-

196 1241 311 1281 nulli
332 1252 391 1280 eX
407 1241 473 1280 eis
490 1241 547 1280 ab
565 1241 749 1282 haeresi
769 1241 1048 1293 resipuerint
1068 1241 1097 1283 ⁵.
1120 1243 1246 1283 Inter
1267 1250 1479 1284 caeteros
1508 1245 1714 1296 quidam,
1752 1246 1832 1297 qui

201 1323 228 1351 a
248 1312 457 1363 pluribus
480 1312 614 1352 annis
646 1324 883 1364 nunquam
909 1314 1187 1355 interfuerat
1222 1316 1393 1356 missae
1425 1316 1675 1366 sacrificio,
1708 1317 1832 1368 quod

202 1383 393 1423 omnino
414 1384 652 1434 irridebat,
677 1385 1018 1436 contemnebat,
1046 1391 1091 1426 et
1112 1387 1254 1427 etiam
1276 1386 1290 1405 ⁶
1311 1387 1557 1439 vituperiis
1585 1387 1831 1438 afficiebat,

202 1455 282 1506 qui
302 1460 461 1494 tamen
482 1455 723 1495 confessus
744 1456 939 1507 resipuit
960 1457 988 1497 ⁷.

282 1525 524 1576 Quaedam
543 1526 684 1566 etiam
707 1527 857 1578 virgo,
883 1539 909 1567 a
930 1539 1014 1568 sex
1048 1529 1183 1568 annis
1211 1531 1598 1580 sacramentaria,
1637 1531 1832 1581 scilicet,

200 1607 384 1647 negans
406 1597 490 1636 sub
512 1598 756 1648 speciebus
777 1599 910 1649 panis
932 1605 976 1639 et
997 1599 1097 1639 vini
1119 1601 1348 1640 contineri
1371 1612 1543 1653 corpus
1575 1608 1619 1641 et
1647 1603 1837 1653 sangui-

202 1679 310 1707 nem
330 1668 519 1708 Domini
548 1668 697 1708 nostri
715 1669 825 1721 Jesu
849 1668 1035 1721 Christi,
1074 1678 1268 1722 peracta
1296 1673 1591 1712 confessione
1625 1673 1839 1724 generali

203 1739 283 1779 vni
305 1751 363 1779 ex
383 1739 610 1790 patribus,
633 1740 699 1779 sic
720 1740 927 1792 resipuit,
951 1748 1001 1781 vt
1021 1753 1114 1782 non
1135 1743 1286 1783 solum
1307 1743 1533 1793 crederet,
1558 1744 1640 1784 sed
1662 1750 1707 1784 et
1730 1744 1840 1783 ado-

205 1816 333 1850 raret
362 1817 406 1850 et
429 1811 596 1851 devote
618 1817 821 1851 sumeret
841 1818 1057 1852 sanctum
1087 1825 1257 1864 corpus
1286 1814 1612 1865 Dominicum‚
1643 1821 1688 1854 et
1714 1814 1859 1854 dein-¹

204 1893 316 1933 ceps
337 1893 386 1922 se
407 1882 514 1922 fidei
534 1882 795 1922 catholicae
816 1882 1127 1924 adhaesuram
1148 1886 1456 1936 promitteret.

286 1952 420 1993 Multi
437 1964 636 2004 quoque,
655 1953 820 2004 quibus
835 1953 928 1993 iam
952 1966 1069 2005 pene
1091 1963 1424 2007 persuaserant
1460 1957 1685 1997 haeretici
1717 1956 1842 2008 quod

208 2024 370 2064 audire
389 2024 582 2064 missam
603 2030 725 2064 esset
751 2031 997 2076 peccatum
1024 2028 1221 2067 mortale
1250 2029 1438 2079 (nempe
1468 2027 1760 2068 idololatriae
1783 2028 1841 2067 ob

208 2095 532 2135 adorationem
552 2102 886 2136 sacrosanctae
906 2096 1271 2148 Eucharistiae),
1308 2099 1640 2139 monitionibus
1669 2099 1844 2139 nostris

213 2166 273 2206 ad
292 2173 494 2206 mentem
515 2167 767 2206 redierunt.
790 2166 983 2207 Plurimi
1012 2180 1211 2220 quoque,
1235 2175 1454 2209 nutantes
1475 2169 1522 2209 in
1542 2168 1646 2220 fide,
1674 2169 1840 2209 confir-

208 2237 323 2277 mati
344 2244 465 2277 sunt.
488 2237 650 2277 Plures
671 2249 866 2288 quoque,
891 2239 970 2290 qui
991 2251 1017 2279 a
1052 2240 1210 2279 multis
1231 2240 1366 2280 annis
1388 2246 1467 2280 aut
1501 2240 1845 2280 confessionem

209 2320 306 2348 non
325 2308 549 2359 fecerant,
570 2314 649 2348 aut
666 2320 760 2348 non
776 2309 1024 2361 integram,
1044 2311 1182 2361 serio,
1200 2311 1382 2362 integre
1399 2317 1445 2351 et
1460 2312 1746 2362 generaliter
1767 2324 1846 2352 no-

214 2379 283 2419 bis
300 2386 407 2420 sunt
429 2379 644 2420 confessi.
669 2379 793 2420 Inter
815 2380 900 2421 hos
922 2382 1153 2432 quaedam
1186 2394 1213 2422 a
1234 2382 1404 2433 viginti
1441 2383 1578 2422 annis
1599 2383 1646 2423 in
1670 2384 1847 2423 confes-

210 2451 341 2491 sione
363 2451 552 2491 annuali
573 2450 750 2490 crimen
770 2450 1035 2502 nefandum,
1067 2453 1296 2492 incestum
1323 2453 1540 2493 videlicet
1573 2465 1680 2493 curn
1700 2453 1847 2494 fratre

269 2635 279 2655 ¹
317 2636 496 2670 Quintinus
513 2635 687 2663 Charlart.

270 2690 283 2708 2
321 2687 410 2714 Vide
426 2690 505 2713 tom.
521 2692 542 2717 1,
558 2691 640 2718 pag.
657 2684 720 2717 550,
733 2688 848 2711 annot.
865 2685 889 2711 1.

269 2736 284 2755 ⁵
320 2735 437 2762 Verba
452 2740 556 2768 quam
567 2732 663 2767 saczt
678 2732 884 2759 cancellavit
900 2732 1078 2759 Polancus.

270 2785 284 2804 4
318 2783 503 2818 profeslz's.
520 2781 698 2807 Polancus,

269 2832 284 2852 ⁵
321 2831 452 2858 Deletis
470 2829 582 2856 verbis
598 2828 746 2855 Factum
763 2829 882 2862 itaque
900 2830 952 2854 est
967 2830 1016 2860 ut,
1031 2828 1078 2855 ita
1094 2829 1179 2855 haec
1195 2827 1392 2854 emendavit
1413 2826 1595 2855 Polancus:
1618 2826 1793 2854 Nonnulli
1809 2835 1851 2854 ex

216 2880 271 2907 eis
286 2880 328 2906 ab
344 2879 486 2905 haeresi
503 2877 744 2911 resipuerunt.

272 2925 287 2946 6
321 2926 468 2953 Verbum
481 2925 724 2952 contemnebat
741 2927 773 2950 et
789 2924 995 2958 particulam
1011 2925 1120 2951 etiam
1135 2923 1327 2958 suppressit
1344 2922 1524 2951 Polancus.

272 2974 285 2992 ⁷
323 2974 415 3001 Loco
430 2973 526 3000 verbi
543 2972 707 3006 resipuit,
727 2971 773 2999 ad
788 2979 846 2999 cor
861 2973 969 2999 rediit
984 2971 1121 3007 scripsit
1140 2972 1319 3000 Polancus.
