2047 3179
866 174 950 208 ΑΝ.
982 170 1072 207 1555
1711 168 1781 207 439

150 273 247 323 ipse
265 272 596 323 praecepisset.
617 269 843 311 Existimo
860 269 953 308 iam
969 268 1157 308 Patrem
1174 268 1393 307 maritum
1411 268 1524 317 eius,
1544 268 1642 307 iure
1666 267 1777 318 opti-

151 355 226 383 mo
266 343 311 383 in
347 355 450 382 eain
484 353 782 392 succensum,
816 340 1078 390 mitigasse,
1116 347 1159 378 et
1187 338 1495 389 proculdubio
1537 346 1644 377 ante
1684 338 1782 377 dies

152 415 322 454 multos
341 413 675 454 dexterrimum
691 412 828 452 finem
849 411 939 450 hoc
957 410 1198 461 negotium
1221 409 1423 459 habebit,
1448 407 1551 448 Deo
1580 409 1778 447 uolente.

233 484 366 524 Alius
389 496 570 536 quoqne
593 484 730 523 homo
751 483 903 522 fuerat
934 493 961 521 a
982 480 1197 531 coniugis
1232 491 1344 519 suae
1376 479 1682 519 contubernio
1716 490 1780 517 sc-

153 565 347 606 paratus
369 555 534 605 uiginti
555 560 756 606 quatuor
784 564 946 601 annOS,
977 551 1098 591 vnde
1121 551 1301 600 mulier,
1332 550 1630 590 occasionem
1665 548 1783 588 acci-

154 626 302 676 piens,
327 625 462 665 alteri
479 625 655 665 homini
672 624 916 664 inhonesto
936 622 1091 662 animo
1109 622 1404 661 adhaeserat:
1424 632 1530 660 cum
1548 619 1783 659 hominem

154 696 278 735 hunc
301 696 490 747 quidam
516 695 833 735 confessarius
865 706 888 733 e
909 693 1085 733 nostris
1116 692 1298 732 audiret
1325 691 1637 741 confitentem,
1668 697 1717 730 ut
1738 690 1783 729 in

156 767 401 818 pristinam
432 767 686 806 amicitiam
713 777 818 806 curn
851 776 934 804 sua
966 764 1166 814 coniuge
1196 763 1370 802 rediret
1398 774 1504 802 eum
1526 761 1782 811 admonuit,

155 838 247 889 qui,
273 844 321 877 ut
343 839 515 877 coniux
537 849 621 877 sua
644 837 703 877 ad
731 849 779 877 se
808 836 964 876 animo
986 847 1153 875 securo
1177 834 1365 884 rediret,
1389 833 1623 885 pollicitus
1645 838 1715 872 est
1737 843 1786 871 se

154 920 477 960 quaecumque
500 908 637 948 Pater
659 908 853 948 dixisset
874 912 1198 946 executurum:
1216 905 1371 945 multis
1387 916 1500 955 ergo
1517 903 1668 944 modis
1690 909 1784 943 ten-

154 987 303 1020 tatum
325 985 393 1019 est
414 986 462 1019 ut
483 980 648 1019 mulier
671 978 730 1019 ad
751 978 970 1019 maritum
991 977 1184 1027 rediret;
1206 976 1301 1026 sed,
1326 975 1518 1015 nimium
1540 975 1595 1015 de
1614 986 1698 1014 sua
1717 986 1785 1014 sa-

156 1053 248 1090 lute
283 1057 515 1101 suspecta,
548 1050 798 1090 uerebatur
825 1049 871 1089 id
892 1047 1088 1098 efficere3
1120 1046 1201 1087 sed
1230 1047 1388 1087 statim
1410 1053 1458 1086 ut
1480 1046 1611 1085 nouit
1634 1045 1788 1085 uirum

155 1134 291 1162 suum
325 1121 510 1161 cuidam
547 1120 781 1161 sacerdoti
810 1125 1000 1159 nostrae
1032 1117 1282 1158 Societatis
1316 1117 1459 1157 fuisse
1501 1116 1786 1166 confessum,

156 1194 354 1234 multum
380 1193 468 1232 hoc
492 1204 583 1232 uno
615 1190 807 1242 confisa,
841 1202 889 1230 se
919 1191 966 1230 in
995 1189 1151 1230 mariti
1180 1189 1367 1229 domum
1399 1189 1498 1228 sola
1530 1187 1720 1238 recepit,
1745 1193 1788 1226 et

147 1264 217 1317 ,ad
250 1264 391 1316 pedes
422 1264 520 1303 eius
552 1263 749 1313 abiecit,
781 1262 1024 1313 postulans
1053 1260 1246 1301 conscia
1286 1260 1359 1300 sui
1389 1259 1614 1305 criminis,
1648 1258 1787 1310 quod-

159 1347 356 1387 cumque
391 1336 544 1383 uellet,
581 1334 637 1374 de
665 1346 714 1374 se
743 1333 1023 1385 supplicium
1053 1332 1303 1382 acciperet3
1337 1331 1418 1370 sed
1443 1331 1528 1379 uir,
1563 1329 1789 1370 ardentis-

158 1407 276 1447 simo
299 1407 434 1446 simul
457 1418 511 1446 ac
533 1407 728 1446 honesto
751 1406 850 1445 eius
871 1415 1032 1444 amore
1054 1411 1234 1455 captuS‚
1260 1403 1469 1442 criminis
1487 1402 1586 1442 eius
1604 1402 1787 1449 oblitus,

160 1488 334 1528 magna
356 1477 600 1517 alacritate
629 1476 772 1516 animi
799 1487 903 1515 eam
920 1475 1132 1526 excepit,
1158 1485 1264 1514 cum
1293 1485 1384 1525 qua
1405 1473 1707 1525 tranquillam
1727 1472 1789 1511 ui-

161 1555 259 1589 tam
279 1548 391 1599 agst,
426 1554 469 1587 et
491 1548 537 1587 in
559 1547 723 1587 eadem
744 1546 1080 1598 tranquillitate
1108 1551 1494 1596 perseueraturos
1525 1544 1662 1584 ambo
1685 1555 1789 1584 con-

161 1619 358 1660 fidimus.

241 1690 376 1731 Alius
397 1690 538 1730 homo
576 1690 817 1730 mulierem
844 1689 1096 1741 quamdam
1127 1700 1150 1728 e
1187 1688 1324 1729 domo
1361 1687 1432 1727 sui
1467 1686 1615 1738 patris
1651 1685 1791 1725 abdu-

160 1768 310 1811 xerat,
349 1773 543 1813 eamque
572 1762 801 1801 detulerat
831 1760 878 1800 in
908 1760 1029 1800 hanc
1050 1760 1304 1809 ciuitatem,
1328 1770 1434 1798 cum
1462 1769 1568 1810 qua,
1600 1756 1792 1808 perinde

160 1839 299 1884 atque
333 1833 371 1872 si
398 1833 594 1872 maritus
617 1832 714 1871 eius
736 1838 874 1879 esset,
897 1843 990 1871 una
1011 1831 1058 1871 in
1079 1830 1216 1871 domo
1237 1830 1496 1870 habitabat:
1525 1828 1793 1879 compulsus

159 1910 230 1944 est
256 1903 330 1944 hic
360 1904 498 1944 homo
526 1904 744 1955 precibus
772 1902 1015 1943 cuiusdam
1042 1902 1201 1953 amici,
1236 1909 1285 1941 ut
1315 1901 1361 1941 in
1398 1906 1611 1940 nostrum
1646 1898 1792 1939 Colle-

159 1975 290 2026 gium
320 1976 515 2023 ueniret,
548 1975 705 2026 ibique
736 1974 923 2015 cuidam
957 1986 981 2014 e
1014 1974 1190 2014 nostris
1223 1972 1440 2012 Patribus
1475 1970 1790 2012 confiteretur:

162 2046 429 2086 admonitus
452 2054 520 2086 est
542 2047 588 2086 in
613 2045 920 2095 confessione,
945 2051 994 2085 ut
1015 2051 1275 2096 peccatum,
1301 2044 1346 2083 in
1368 2055 1457 2095 quo
1481 2041 1794 2094 tranquillime

160 2117 444 2168 perstiterat,
471 2118 605 2168 quasi
639 2129 665 2156 a
697 2117 816 2156 facie
847 2116 1041 2166 colubri,
1081 2115 1316 2167 Sapientis
1352 2114 1569 2164 consilio,
1593 2112 1792 2164 fugeret3

161 2200 311 2240 neque
342 2190 679 2240 supellectilem
715 2188 966 2240 quamdam
992 2199 1086 2227 non
1114 2187 1368 2236 modicam,
1401 2197 1541 2236 quam
1576 2185 1623 2224 in
1657 2184 1794 2224 domo

161 2260 283 2300 illius
304 2260 537 2300 foeminae
558 2260 776 2310 habebat,
799 2259 976 2299 ueritus
997 2266 1066 2299 est
1088 2259 1304 2298 amittere
1325 2269 1397 2306 ne,
1423 2257 1531 2296 dum
1554 2256 1676 2295 hanc
1704 2255 1793 2294 uel-

161 2331 224 2370 let
243 2342 541 2382 recuperare,
570 2330 659 2370 Dei
686 2330 1018 2381 grauissimam
1046 2330 1277 2370 iacturam
1299 2328 1451 2368 denuo
1478 2327 1669 2376 faceret;
1696 2324 1791 2375 sed,

160 2413 311 2453 neque
332 2403 419 2442 hoc
442 2408 704 2451 contentUS,
731 2412 836 2440 eam
856 2401 1067 2441 adhibuit
1091 2411 1297 2451 operam,
1320 2406 1370 2438 ut
1390 2398 1633 2438 mulierem
1654 2396 1795 2436 etiam

161 2473 209 2512 in
231 2474 333 2513 loco
358 2473 561 2524 quodam
591 2473 787 2513 honesto
818 2473 1087 2523 collocaret,
1118 2479 1167 2511 ut
1189 2478 1231 2511 et
1253 2471 1355 2521 ipsa
1384 2482 1434 2510 se
1466 2475 1615 2509 totam
1636 2467 1795 2508 diuino

162 2544 356 2583 seruitio
379 2543 598 2594 traderet,
624 2544 749 2583 uelut
779 2549 823 2583 et
856 2543 954 2594 ipse
975 2543 1147 2592 facere,
1180 2542 1338 2582 diuina
1366 2540 1521 2592 gratia
1550 2538 1793 2587 adiutrice,

163 2621 489 2665 proposuerat.

242 2684 349 2724 Fuit
369 2691 414 2724 et
436 2685 554 2724 alius
577 2685 734 2735 homo,
759 2685 837 2736 qui
858 2684 968 2736 iugo
989 2684 1275 2725 matrimonii
1293 2683 1526 2723 ceruicem
1542 2691 1793 2733 supposue-

163 2761 252 2805 rat,
277 2756 482 2806 quicum
503 2755 655 2795 aliena
685 2755 878 2795 muliere
905 2755 1149 2795 inhoneste
1184 2755 1328 2795 multo
1356 2761 1566 2804 tempore
1593 2753 1792 2799 uixerat,

164 2827 287 2866 vnde
308 2827 472 2866 mulier
494 2827 591 2867 eius
613 2838 842 2878 germana
865 2827 998 2867 alteri
1019 2827 1160 2867 etiam
1186 2826 1364 2866 homini
1385 2837 1435 2865 se
1467 2823 1720 2876 copulauit‚
1747 2830 1794 2862 ut

164 2897 288 2937 idem
309 2903 518 2948 patraret
540 2898 706 2946 scelus,
732 2897 855 2949 quod
876 2903 920 2937 et
939 2897 1160 2938 maritum
1186 2908 1322 2937 suum
1343 2895 1570 2936 aduersus
1591 2906 1641 2935 se
1662 2894 1793 2935 fecis-

161 2979 215 3008 se
244 2968 630 3020 conquerebatur,
661 2979 767 3008 cum
788 2979 878 3019 quo
899 2968 1085 3008 homine
1107 2968 1153 3007 in
1185 2968 1325 3008 aliam
1354 2967 1594 3017 regionem
1614 2965 1793 3015 longin-
