2047 3179
895 99 925 134 A
939 109 975 135 Ν.
1013 98 1104 135 1555
1749 98 1819 135 287

885 546 1129 601 GGGLV

261 777 307 814 Ρ.
337 777 495 814 Petrus
515 776 717 814 Navarro

310 841 433 878 Patri
452 841 622 888 Ignatio
642 840 695 878 de
714 839 899 887 Loyola.

356 906 566 952 Granata,
587 907 610 943 5
626 904 856 943 Februarii
877 903 968 942 1555
988 903 1011 939 ¹.

961 1092 1058 1170 niis

270 1326 542 1368 Reuerende
561 1326 811 1366 admodum
833 1326 879 1365 in
901 1325 1085 1366 Christo
1108 1324 1260 1365 Pater.

273 1399 437 1440 Gratia
473 1405 515 1438 et
543 1410 636 1449 pax
662 1397 771 1450 Jesu
799 1396 971 1437 Christi
997 1396 1255 1436 seruatoris
1290 1396 1437 1435 nostri
1473 1396 1531 1435 sit
1562 1406 1746 1446 semper
1777 1395 1823 1436 in

190 1471 416 1512 cordibus
432 1469 620 1509 nostris.
646 1468 812 1508 Amen.

273 1540 426 1592 Quum
458 1540 574 1580 haec
606 1540 824 1591 epistola,
858 1550 976 1590 quae
1006 1538 1064 1578 ad
1090 1544 1156 1588 te,
1186 1549 1413 1589 perquam
1449 1537 1641 1577 colende
1670 1537 1823 1588 Pater,

197 1612 397 1652 mittitur
419 1624 476 1651 ex
498 1611 634 1650 huius
669 1609 872 1650 ciuitatis
893 1609 1118 1660 Collegio‚
1144 1608 1300 1648 diuina
1331 1608 1631 1648 miseratione
1661 1619 1826 1648 recens

191 1689 368 1733 erecto,
392 1681 635 1722 exordium
660 1681 740 1720 tibi
761 1680 992 1720 scribendi
1027 1685 1194 1729 sumat,
1222 1691 1392 1731 operae
1414 1680 1614 1730 pretium
1637 1678 1747 1718 duxi
1771 1679 1828 1718 ab

198 1754 346 1804 initio,
369 1764 488 1805 quae
510 1753 736 1792 hactenus
756 1757 890 1802 gesta
912 1757 1032 1801 sunt,
1058 1751 1220 1790 ordine
1242 1750 1324 1790 tibi
1343 1761 1552 1790 narrare.

274 1825 323 1865 In
347 1824 468 1865 hanc
491 1823 649 1875 appuli
671 1822 909 1862 ciuitatem
930 1828 978 1861 vt
1003 1822 1047 1861 in
1070 1833 1124 1861 ea
1148 1832 1338 1872 agerem
1372 1821 1433 1872 id,
1458 1833 1548 1872 quo
1570 1821 1829 1871 Collegium

198 1897 286 1936 hoc
308 1895 532 1936 Societati
560 1894 827 1942 donaretur,
858 1893 1124 1944 factumque
1155 1892 1219 1932 ita
1255 1898 1324 1932 est
1344 1898 1395 1932 vt
1430 1892 1826 1939 desiderabamus,

197 1974 336 2020 atque
371 1967 519 2018 pridie
556 1972 686 2005 ortus
717 1963 951 2015 Deiparae
979 1963 1196 2014 Virginis,
1221 1963 1398 2003 Mariae
1433 1963 1544 2003 illud
1580 1962 1825 2014 occupaui-

194 2050 313 2079 mus.
337 2038 441 2090 Ipso
465 2043 617 2077 autem
641 2036 712 2076 die
733 2035 932 2087 primum
954 2047 1142 2074 sacrum
1163 2035 1210 2074 in
1232 2047 1285 2074 eo
1306 2034 1519 2074 fecimus.
1543 2033 1693 2074 Situm
1714 2045 1829 2073 Vero

193 2117 264 2150 est
299 2109 388 2149 hoc
425 2108 685 2158 Collegium
719 2107 766 2146 in
800 2106 974 2157 optimo
1010 2106 1214 2145 ciuitatis
1251 2108 1371 2155 loco,
1409 2105 1540 2145 iuxta
1580 2104 1829 2145 ecclesiam

196 2191 362 2231 nempe
399 2178 658 2228 matricem,
693 2177 823 2217 iuxta
852 2177 1222 2226 vniuersitatem‚
1260 2176 1391 2216 iuxta
1425 2176 1579 2216 forum
1613 2176 1830 2216 iudiciale

198 2251 395 2301 regium.
422 2249 602 2290 Domus
623 2249 724 2300 ipsa
747 2254 815 2288 est
837 2248 1049 2298 salubris,
1071 2259 1209 2299 quam
1228 2248 1296 2287 sol
1319 2247 1375 2287 ab
1394 2253 1498 2287 ortu
1527 2247 1587 2287 ad
1609 2258 1829 2287 occasum

195 2333 343 2373 usque
373 2321 573 2361 hiemem
605 2330 790 2369 semper
816 2317 936 2358 ferit.
961 2318 1191 2369 Tempore
1225 2330 1339 2358 Vero
1374 2330 1521 2358 verno
1558 2318 1698 2358 habet
1734 2318 1830 2369 qui-

193 2393 302 2433 dem
323 2391 558 2432 domicilia
589 2389 739 2430 aestui
775 2389 888 2429 satis
911 2389 1171 2429 commoda.
1203 2388 1428 2429 Cubicula
1456 2396 1612 2428 autem
1635 2396 1829 2440 possunt

195 2464 254 2504 ad
278 2463 446 2514 viginti
468 2473 612 2512 usque
634 2460 834 2511 dilatari;
859 2467 927 2500 est
961 2460 1085 2512 quod
1116 2472 1188 2500 me
1216 2472 1308 2499 non
1340 2460 1638 2500 mediocriter
1666 2471 1829 2500 conso-

194 2536 329 2584 letur,
354 2534 399 2574 id
421 2533 612 2581 scilicet,
637 2531 760 2583 quod
794 2538 1125 2582 praeterquam
1153 2531 1277 2582 quod
1310 2531 1357 2570 in
1378 2530 1532 2570 medio
1557 2531 1762 2570 ciuitatis
1785 2538 1828 2571 et

196 2606 443 2646 domorum
474 2604 613 2644 situm
640 2603 713 2653 sit,
743 2608 932 2642 nactum
962 2608 1031 2642 est
1062 2602 1274 2653 profecto
1299 2612 1520 2653 magnam
1546 2602 1822 2641 libertatem.

196 2676 355 2717 Potest
376 2676 499 2716 enim
520 2675 566 2714 in
587 2673 768 2713 duobus
790 2672 1185 2723 deambulatoriis,
1216 2684 1334 2724 quae
1365 2672 1519 2717 habet.
1545 2674 1667 2713 ultro
1691 2673 1827 2712 citro—

194 2759 285 2799 que
307 2748 425 2787 citra
461 2746 606 2785 Vllum
635 2743 1017 2795 impedimentum
1052 2743 1356 2783 deambulari.
1382 2743 1671 2784 Concessum
1702 2755 1834 2795 prae-

253 2906 263 2927 ¹
309 2906 558 2940 Autographae
575 2904 698 2938 duplici
722 2903 813 2937 folio,
834 2903 942 2938 primo
958 2911 988 2930 n.
1003 2903 1066 2937 563,
1083 2904 1193 2931 altero
1211 2911 1290 2930 vero
1306 2911 1370 2930 non
1386 2907 1575 2933 numerato.
