2047 3179
128 138 197 175 150
641 137 869 175 LITTERAE
898 147 1258 181 QUADRIMESTRES

125 235 365 286 inuiseret,
399 234 604 275 nondum
638 235 791 275 rediit.
820 235 1111 286 Expectatur
1141 240 1298 274 tamen
1319 233 1365 272 in
1387 231 1501 282 dies,
1536 236 1580 271 et
1606 242 1768 271 morae

128 318 323 347 causam
343 306 579 347 credimus
600 317 703 346 esse
726 306 849 358 quod
870 305 1121 357 Syracusis
1142 312 1186 345 et
1217 304 1440 352 Catanae,
1472 302 1529 342 ob
1551 303 1766 353 collegia,

127 389 248 429 quae
270 377 332 418 ibi
353 378 613 418 extruenda
636 384 757 427 sunt,
782 377 1054 429 aliquandiu
1085 376 1212 415 illum
1243 373 1441 414 detineri
1469 384 1661 413 necesse
1683 379 1767 413 est.

210 447 351 488 Plura
386 448 474 499 his,
510 460 629 500 quae
664 448 884 499 scribam,
922 459 1015 488 non
1051 451 1323 492 occurrunt,
1364 443 1693 484 colendissime
1724 444 1770 483 in

129 519 318 560 Christo
334 520 488 571 Pater3
508 526 552 560 et
567 520 786 572 quoniam
803 519 1091 571 paucissima
1109 523 1233 568 sunt,
1253 527 1479 567 rogamus
1497 514 1553 556 R.
1578 514 1626 555 P.
1646 515 1699 556 T.
1722 521 1771 555 ut

128 591 253 642 apud
274 590 441 643 Deum,
465 592 542 642 qui
562 597 726 643 potens
748 598 818 631 est
838 590 994 631 facere
1017 596 1065 630 ut
1083 590 1128 629 in
1147 600 1282 629 omne
1301 598 1417 639 opus
1434 587 1607 627 bonum
1629 586 1771 627 abun-

128 662 292 702 demus
308 663 407 703 eius
427 663 597 714 gratia,
614 674 698 714 pro
720 662 854 702 nobis
876 660 1167 702 intercedere
1189 659 1423 710 dignetur,
1447 670 1539 710 quo
1562 657 1774 699 utiliores

131 734 331 785 posthac
353 734 477 774 serui
499 746 601 774 esse
623 734 871 785 possimus.
897 732 1063 774 Amen.

211 804 473 856 Messanae,
502 804 548 844 13
572 804 808 856 Septemb.
824 804 960 844 1554.

538 876 590 915 R.
615 875 665 916 P.
689 875 740 916 T.
762 876 939 916 inutilis
960 886 1125 915 seruus
1148 874 1193 913 in
1215 872 1299 913 X.0
1319 872 1445 925 Jesu,

1012 1018 1232 1058 ANNIBAL
1262 1030 1293 1056 A
1325 1016 1561 1058 CooRETo.

213 1236 274 1276 In
302 1239 475 1287 quarta
498 1235 689 1286 pagina
718 1234 830 1273 llaec
857 1237 1045 1273 lantum
1072 1232 1322 1283 leguntur.
1353 1234 1379 1280 †
1400 1232 1564 1272 Mess.a
1585 1231 1778 1273 Settem-

132 1308 213 1348 bre
239 1307 352 1348 1554.

620 1662 825 1696 Exemplum
843 1663 992 1688 alterum
1009 1662 1089 1688 item
1104 1661 1370 1695 autographum.

913 1769 1012 1846 RES

215 1950 382 1992 Gratia
406 1950 595 1991 Domini
615 1949 726 2002 Jesu
748 1949 822 1990 X.i
853 1950 912 1989 sit
934 1961 1039 1989 cum
1062 1949 1229 2000 spiritu
1251 1954 1429 1989 nostro.
1456 1948 1624 1988 Amen.

214 2021 458 2062 Profectus
481 2022 754 2073 spiritualis,
779 2021 918 2061 Pater
941 2021 1116 2072 optime
1139 2021 1186 2061 in
1208 2020 1395 2061 Christo
1425 2020 1552 2073 Jesu,
1578 2025 1782 2071 quatuor

134 2094 205 2133 his
228 2093 464 2133 mensibus
485 2093 574 2133 hac
596 2093 642 2133 in
665 2092 778 2133 urbe
801 2092 1056 2144 quaesitus,
1081 2092 1169 2132 etsi
1190 2104 1284 2132 non
1305 2098 1376 2132 est
1396 2091 1585 2132 omnino
1606 2091 1778 2138 nullus,

134 2172 292 2205 tamen
326 2177 419 2205 non
451 2170 610 2204 tantus
643 2170 728 2214 est,
761 2170 810 2204 ut
841 2175 1066 2215 magnum
1097 2164 1272 2215 aliquid
1299 2163 1514 2215 proferre
1541 2162 1704 2215 possit,
1738 2169 1783 2202 et

136 2248 241 2277 cum
264 2236 334 2286 iis,
360 2249 479 2288 quae
501 2235 600 2276 fieri
621 2236 726 2276 aliis
747 2236 794 2276 in
816 2235 931 2276 locis
955 2235 1186 2286 audimus,
1211 2235 1563 2276 conferendum.
1589 2234 1783 2275 Praeter

136 2308 419 2348 domesticas
449 2308 702 2347 conciones
735 2307 872 2359 (quae
903 2317 1075 2357 magna
1106 2306 1295 2358 quidem
1325 2306 1590 2358 frequentia
1612 2306 1784 2346 haben-

136 2379 241 2429 tur),
261 2379 351 2418 duo
370 2392 426 2419 ex
444 2379 662 2419 Patribus
683 2378 882 2429 singulis
904 2377 1276 2419 hebdomadibus
1290 2379 1337 2418 in
1354 2377 1655 2419 monasteriis
1677 2389 1784 2417 con-

138 2451 402 2490 cionantur.
436 2451 561 2491 Idem
591 2457 635 2490 et
659 2450 737 2490 alii
763 2463 822 2490 ex
849 2450 1024 2490 nostris
1051 2450 1229 2490 faciunt
1258 2450 1545 2500 sacerdotes,
1579 2449 1661 2489 sed
1690 2460 1785 2488 non

138 2528 312 2562 statuto
340 2528 549 2573 tempore
578 2528 657 2561 aut
685 2523 803 2562 loco.
834 2521 997 2562 Lectio
1022 2520 1168 2571 Pauli,
1194 2521 1468 2573 aliquandiu
1498 2520 1782 2569 intermissa,

140 2593 354 2644 proximo
377 2604 534 2633 mense
557 2599 794 2644 resumpta
819 2599 902 2643 est,
929 2605 1216 2645 quamquam
1237 2605 1331 2633 non
1358 2593 1416 2633 ab
1437 2592 1617 2643 eodem,
1644 2603 1670 2631 a
1693 2603 1785 2643 quo

141 2670 249 2704 ante
284 2664 543 2715 legebatur,
567 2663 719 2704 Patre.
754 2664 849 2704 Nec
880 2664 1051 2704 habent
1080 2665 1204 2716 quod
1235 2665 1291 2705 de
1318 2664 1449 2705 uerbi
1470 2663 1560 2704 Dei
1587 2663 1786 2715 penuria

144 2736 350 2775 Messani
383 2742 662 2787 querantu1·;
699 2742 795 2775 tres
823 2736 946 2775 enim
974 2735 1107 2776 Pauli
1142 2736 1364 2788 epistolas
1398 2735 1784 2787 interpretantur,

144 2808 301 2857 plures
332 2807 690 2857 concionantur,
728 2807 805 2846 alii
834 2807 976 2847 etiam
1006 2807 1098 2847 alia
1126 2808 1302 2858 legunt.
1331 2807 1493 2859 Neque
1520 2806 1566 2846 id
1596 2806 1786 2846 omnino

144 2877 384 2918 inutiliter.
404 2877 598 2918 Praeter
619 2878 743 2917 enim
764 2889 859 2926 eos,
883 2878 960 2929 qui
981 2879 1106 2929 apud
1136 2890 1222 2919 nos
1252 2878 1547 2927 confitentur,
1571 2877 1650 2929 qui
1671 2888 1786 2917 sane

143 2950 278 2989 multi
304 2955 425 2998 sunt,
449 2949 552 2988 aliis
587 2960 770 3000 quoque
806 2949 851 2988 in
886 2949 1071 3000 templis
1105 2950 1324 3001 permulti
1359 2949 1627 2999 audiuntur,
1666 2954 1711 2988 et
1740 2948 1790 2988 in
