2047 3179
876 140 959 176 ΑΝ.
990 139 1081 176 1555
1725 139 1795 176 455

752 589 1196 645 CCCLXXXIV

226 818 491 856 Franciscus
510 817 656 866 Scipio
676 829 755 855 seu
774 818 947 856 Bordon

276 883 396 920 Patri
415 883 585 930 Ignatio
605 883 657 920 de
677 883 859 930 Loyola.

317 948 527 993 Bononia.
555 949 569 985 1
592 949 696 997 Maji
718 949 808 987 1555
827 949 851 984 ².

911 1114 1026 1194 Jhssus

234 1301 517 1342 Franciscus
539 1300 694 1353 Scipio
727 1302 908 1353 Ignatio
936 1301 991 1341 de
1018 1300 1200 1352 Loyola
1227 1299 1500 1350 Praeposito
1533 1297 1781 1338 Societatis

154 1371 264 1424 Jesu
286 1383 338 1412 ac
360 1372 489 1412 Patri
510 1373 556 1412 in
577 1372 780 1412 Domino
802 1372 1079 1412 charissimo
1100 1370 1145 1412 S.
1169 1370 1217 1411 P.

233 1442 386 1483 Instar
406 1443 668 1483 villicorum
690 1443 746 1483 de
767 1443 999 1495 perceptis
1020 1442 1233 1493 frugibus
1264 1453 1318 1481 ac
1340 1440 1592 1481 reconditis
1622 1439 1778 1479 fructi-

152 1514 237 1554 bus
257 1514 305 1554 in
325 1513 515 1554 Domini
533 1515 753 1554 horreum
770 1514 1012 1564 rationem,
1034 1525 1174 1565 quam
1189 1513 1464 1553 breuissime
1480 1518 1660 1563 potero,
1680 1511 1779 1550 red-

152 1585 257 1626 dam
276 1585 373 1632 tibi,
397 1585 548 1625 Pater.
575 1585 708 1636 Quod
730 1586 767 1625 si
790 1585 924 1637 copia
945 1590 989 1625 et
1010 1584 1296 1625 abundantia
1317 1583 1484 1624 messis
1512 1583 1665 1623 minor
1685 1582 1777 1622 fue-

150 1656 212 1696 rit
241 1668 379 1708 quam
401 1668 487 1708 pro
509 1669 605 1708 spe,
630 1668 768 1708 quam
791 1657 847 1696 de
867 1656 1001 1696 nobis
1028 1667 1329 1707 conceperas,
1359 1654 1404 1694 id
1432 1654 1642 1694 ascribas
1669 1654 1777 1693 veli-

150 1739 253 1768 mus
273 1734 372 1768 tum
392 1728 625 1779 ignauiae,
656 1735 754 1768 tum
781 1727 1025 1768 charitatis
1055 1733 1243 1767 nostrae
1270 1726 1429 1778 hyemi
1456 1725 1655 1773 cuidam,
1685 1737 1777 1776 qua

150 1798 401 1839 admodum
422 1806 583 1839 nostra
605 1805 876 1850 premuntur
899 1805 1106 1849 pectora.
1129 1797 1233 1838 Non
1254 1798 1376 1837 enim
1397 1798 1472 1837 uel
1492 1808 1577 1849 pro
1599 1796 1776 1837 Viribus

149 1869 346 1921 exiguis,
370 1882 489 1922 quae
519 1870 651 1910 nobis
679 1882 705 1910 a
734 1869 1094 1910 clementissimo
1114 1869 1225 1921 Jesu
1246 1874 1352 1909 sunt
1373 1868 1695 1919 suppeditatae
1717 1867 1775 1907 ad

148 1941 413 1991 augendam
434 1941 631 1981 fratrum
653 1941 900 1981 Vtilitatem
921 1946 965 1980 et
986 1941 1184 1980 salutem
1209 1939 1454 1980 tutandam
1481 1939 1776 1979 exercuimus

147 2017 245 2051 tum
271 2012 452 2052 animos
478 2018 680 2062 nostros,
711 2018 808 2052 tum
838 2012 884 2052 in
915 2018 1210 2052 caeterorum
1236 2011 1524 2051 institutione
1552 2016 1596 2049 et
1627 2010 1774 2049 salute

146 2082 506 2123 elaborauimus.
538 2082 763 2133 Quamuis
792 2083 934 2134 igitur
962 2093 1138 2134 paruae
1166 2081 1439 2131 disciplinae
1467 2081 1558 2121 sint
1584 2087 1774 2121 nostrae

147 2153 369 2204 actiones,
395 2166 474 2193 eas
494 2161 651 2194 tamen
682 2154 826 2194 literis
848 2153 1095 2203 mandabo,
1125 2159 1174 2193 ut
1202 2158 1533 2192 sacrosanctae
1561 2150 1773 2192 obedien-

145 2223 237 2264 tiae
258 2225 305 2264 in
325 2225 487 2276 primis
509 2236 686 2265 morem
707 2235 942 2275 geramus.
968 2224 1038 2264 Ac
1059 2223 1288 2275 principio
1311 2223 1471 2274 accipe
1499 2223 1554 2262 de
1580 2221 1772 2262 Patrum

145 2306 200 2334 ac
226 2294 424 2335 fratrum
457 2296 644 2336 uiuendi
670 2296 866 2346 ratione,
904 2295 1069 2335 deinde
1103 2294 1159 2335 de
1184 2294 1436 2334 iuuentutis
1465 2293 1769 2343 institutione,

144 2372 242 2405 tum
262 2378 374 2406 uero
397 2367 452 2407 de
470 2367 646 2413 officiis,
667 2378 786 2418 quae
802 2367 1036 2417 pertinent
1053 2366 1111 2406 ad
1127 2365 1491 2406 christianorum
1506 2365 1767 2414 Vtilitatem,

133 2447 235 2488 -qua
257 2437 373 2477 nihil
393 2437 529 2477 debet
551 2449 653 2477 esse
675 2436 809 2476 nobis
831 2437 1082 2488 antiquius.

224 2506 397 2547 Omnes
415 2519 562 2560 aeque
583 2507 852 2548 sacerdotes
873 2520 928 2548 ac
948 2508 1117 2548 fratres
1138 2507 1327 2548 Rectori
1348 2506 1361 2525 ²
1384 2507 1617 2556 obediunt,
1641 2507 1769 2546 illum

142 2578 306 2618 timent
331 2579 398 2618 uti
426 2579 678 2630 dominum,
714 2578 911 2629 diligunt
943 2585 992 2619 ut
1019 2584 1275 2630 parentem,
1299 2589 1392 2618 non
1413 2578 1641 2629 corporis,
1672 2578 1766 2625 sed,

142 2648 267 2699 quod
292 2650 608 2700 praestantius
638 2655 723 2697 est,
755 2650 954 2689 animae.
991 2649 1197 2690 Credunt
1219 2649 1305 2689 sibi
1326 2648 1618 2690 salutiferum
1647 2649 1769 2700 quic-

131 2719 250 2770 quid
284 2719 358 2760 ille
394 2721 684 2771 praescribit.
724 2720 955 2760 Praebent
985 2731 1183 2772 corpora
1215 2731 1300 2760 sua
1335 2720 1539 2772 quotidie
1568 2720 1769 2760 hostiam

193 2902 203 2923 ¹
243 2903 493 2938 Autographae
509 2904 722 2939 quadruplici
736 2904 828 2938 folio,
845 2912 898 2933 nn.
913 2904 1040 2937 140-1222,
1055 2909 1177 2939 quarto
1193 2912 1255 2932 non
1271 2909 1461 2932 numerato.

191 2949 205 2969 Ξ
243 2951 278 2979 Ρ.
294 2950 480 2979 Francisco
496 2952 639 2980 Palmio.
