2047 3179
855 154 936 188 AN.
968 153 1059 188 1555
1711 154 1777 190 491

152 251 197 289 v'
222 254 246 290 e
268 256 389 290 stato
410 256 640 302 presente,
665 262 713 290 se
734 251 777 289 n’
802 253 826 288 'e
842 248 1188 297 marauigliato.
1207 247 1333 287 Tutti
1355 248 1383 286 li
1407 248 1554 287 nostri
1573 247 1711 288 Padri
1734 256 1779 289 et

153 320 322 361 fratelli
345 321 389 360 di
411 332 521 360 casa
544 328 710 360 stanno
732 320 848 359 bene
876 330 958 370 per
989 317 1144 368 gratia
1167 318 1238 357 del
1261 316 1448 368 Signior
1476 324 1519 358 et
1551 330 1638 358 con
1660 330 1780 368 gran

154 402 285 442 pace.
323 391 555 431 Hauiamo
578 391 654 442 qui
681 391 726 430 in
753 401 864 430 casa
898 390 976 428 vn‘
1008 388 1181 428 hebreo
1216 400 1297 440 pei·
1326 388 1610 428 battezzarlo
1640 388 1778 439 dapoi

157 462 243 501 che
259 463 338 501 noi
354 464 382 501 1’
404 463 640 502 hauerem'
658 463 875 502 instrutto
897 460 1000 499 ben'
1021 460 1141 499 nella
1163 459 1365 499 dott1·ina
1385 466 1430 499 et
1448 459 1545 499 vita
1567 459 1778 499 christia-

153 544 228 572 na.
255 532 439 584 Quanto
462 533 631 573 habbia
663 531 943 583 profittatosi
973 531 1019 570 in
1048 530 1199 581 questi
1221 530 1358 581 pochi
1393 530 1561 580 giorni,
1586 541 1680 570 non
1702 542 1779 581 po-

152 604 240 643 trei
260 603 345 643 dir’
363 603 650 643 ‘facilmentet
676 607 699 643 e
720 608 850 643 tanto
869 602 1072 641 humano
1096 612 1120 640 e
1142 602 1256 640 tant'
1277 612 1301 639 a
1322 599 1427 650 (sic)
1449 606 1777 651 costummato,

151 679 195 713 et
216 674 271 714 de
293 674 447 714 buona
468 674 581 725 vita,
606 680 650 714 et
672 674 855 714 sincero
877 673 951 712 nel
973 672 1174 723 parlare,
1208 677 1251 711 et
1281 678 1413 711 tanto
1436 678 1682 711 constante
1705 672 1779 711 nel

150 756 234 784 suo
255 736 511 796 proposito,
536 745 607 784 ch'
633 749 656 785 e
677 755 788 785 cosa
809 743 1161 793 marauigliosa.

230 815 317 855 Del
343 822 502 855 nostro
527 815 627 855 R.d0
652 814 799 855 Prior’
827 814 947 854 della
967 813 1150 853 Trinita
1181 812 1188 831 ¹
1220 825 1313 853 non
1344 813 1445 853 diro
1477 815 1596 853 altro
1624 813 1660 853 s'
1686 826 1780 854 non

151 885 224 925 ch’
249 886 439 936 ogniun’
464 890 516 926 sa
538 892 710 938 quanto
733 887 804 925 ch'
829 887 868 924 c'
893 896 1000 924 ama
1022 884 1143 924 tutti.

229 956 285 996 Et
307 959 405 996 cosi
427 959 538 1007 ogni
560 964 720 996 nostra
742 968 852 996 cosa
874 967 957 1007 per
976 955 1133 1005 gratia
1156 955 1229 995 del
1251 953 1451 1006 Signore
1472 967 1532 995 va
1552 956 1681 995 bene.

234 1027 319 1067 ΑΠ’
345 1028 545 1067 orationi
567 1027 612 1068 di
634 1027 691 1068 V.
716 1027 769 1067 R.
794 1028 899 1066 tutti
921 1028 958 1066 c’
983 1026 1445 1077 racchomandiamo‚
1476 1032 1564 1066 etc.

230 1098 286 1137 D’
312 1098 500 1139 Vinetia
524 1099 601 1138 alli
619 1100 672 1139 25
693 1099 734 1139 d'
760 1097 951 1149 Maggio
977 1097 1090 1137 1555.

309 1170 380 1210 Ex
402 1170 531 1210 iussu
552 1170 606 1210 R.
630 1170 680 1211 P.
703 1169 932 1209 Rectoris.

388 1241 534 1281 Filius
555 1242 796 1292 indignus,

1223 1381 1510 1423 ARNOLDUUS
1532 1381 1559 1420 ².

227 1596 664 1648 Superscm‘ptz‘om's
684 1596 784 1637 loco
807 1597 855 1636 ln
890 1596 1042 1636 altera
1068 1596 1283 1647 pagina:
1306 1595 1484 1636 Littere
1516 1595 1776 1646 quadrime-

148 1667 232 1707 stri
254 1668 326 1707 del
348 1667 554 1718 Collegio
584 1668 639 1708 de
661 1668 890 1718 Venegia.

227 1739 338 1779 Alsa
360 1751 523 1779 mann:
542 1740 607 1779 55.

228 1811 291 1850 Et
312 1810 426 1850 alia:
448 1810 665 1861 Vinegia.
688 1811 753 1850 55.
778 1810 830 1849 25
851 1809 896 1850 di
917 1809 1121 1860 maggio.

416 2198 698 2226 Praecedentium
715 2199 858 2226 Arnoldi
876 2198 1005 2227 Conchi
1021 2199 1218 2226 litterarum
1234 2197 1341 2225 latina
1354 2198 1467 2225 versio
1482 2197 1506 2225 ³.

915 2342 1014 2418 ulis

226 2520 326 2560 Pax
348 2519 522 2560 Christi
542 2520 602 2560 sit
622 2519 882 2559 nobiscum.
907 2518 1076 2560 Amen.

227 2591 289 2631 Vt
311 2591 594 2630 laudabilem
615 2596 806 2630 nostrae
829 2589 1078 2630 Societatis
1101 2590 1344 2630 obseruem
1372 2590 1772 2640 consuetudinem,

146 2661 530 2713 obedientiaeque
564 2661 831 2713 praeceptis
865 2672 1073 2713 paream,
1106 2660 1206 2701 R.‘²le
1230 2660 1390 2712 Pater,
1423 2672 1542 2712 quae
1578 2667 1778 2712 quatuor

199 2823 206 2842 ¹
248 2822 408 2850 Andreas
423 2822 614 2857 Lipomani,
632 2823 787 2850 Antistes
803 2829 903 2856 saepe
920 2829 1076 2850 vocatus.

198 2870 212 2890 2
252 2869 316 2898 sic.
347 2902 349 2904 ,

197 2919 211 2938 5
251 2918 514 2953 Autographum
529 2918 719 2952 exemplum
734 2917 833 2945 unico
847 2918 880 2945 in
896 2917 986 2948 folio.
1000 2924 1032 2944 n.
1049 2917 1110 2951 118,
1125 2917 1158 2944 in
1171 2925 1234 2951 quo
1248 2920 1380 2945 tantum
1394 2917 1609 2952 subscriptio,
1625 2925 1644 2945 a
1660 2917 1778 2945 verbis

146 2966 202 2993 Ex
216 2967 328 2998 iussu,
343 2971 393 2994 est
407 2973 508 2994 manu
522 2965 677 2994 Arnoldi.
