2047 3179
267 147 337 185 716
783 148 1010 186 LITTERAE
1039 158 1399 192 QUADRIMESTRES

268 251 547 296 peruentum
586 251 655 286 est
676 278 683 296 ,
729 253 975 297 acceptum
1012 258 1039 285 a
1079 244 1281 285 Domino
1315 244 1592 285 beneficium
1626 245 1907 295 intelligunt,

269 316 511 368 eidemque
532 317 713 368 gratias
735 328 877 368 agere
899 329 1139 369 nunquam
1174 316 1419 357 desistunt.
1456 315 1621 356 Patres
1650 315 1838 365 deinde,
1864 316 1910 356 in

271 399 386 439 quos
408 388 610 428 fortasse
632 388 862 440 principio
896 388 1107 428 nonnihil
1137 387 1352 428 acerbius
1388 386 1733 437 excogitarant‚
1770 387 1909 426 vehe—

270 459 413 499 menti
439 459 533 499 iam
567 471 727 500 amore
761 466 1123 512 prosequuntur.
1149 457 1196 499 Si
1219 459 1276 499 ab
1304 458 1409 498 aliis
1434 457 1626 508 (dicunt)
1658 463 1754 498 tam
1790 458 1913 498 serio

267 542 344 571 res
365 537 600 582 ageretur,
624 531 747 571 bona
769 542 880 582 pars
901 530 1269 571 adolescentium
1290 541 1385 570 non
1406 530 1452 569 in
1471 534 1538 569 tot
1558 529 1675 569 vitia
1698 529 1908 580 prolabe-

269 608 443 642 rentur.
468 602 630 654 Itaque
647 602 926 654 posthabitis
947 601 1069 642 ludis
1103 607 1242 653 atque
1278 601 1396 651 aliis,
1435 601 1483 641 in
1513 600 1680 652 quibus
1715 600 1915 651 turpiter

269 678 454 726 tempus
475 674 795 724 conterebant,
820 674 934 714 nihil
955 673 1049 713 iam
1070 673 1361 713 arbitrantur
1378 671 1642 722 iucundius,
1662 682 1811 723 neque
1830 671 1916 711 vti-

269 746 373 797 lius,
399 758 539 798 quam
559 746 754 786 feriatos
773 745 871 786 dies
896 744 1268 785 confessionibus
1296 750 1341 784 et
1362 744 1512 784 sacris
1540 750 1584 783 et
1610 743 1917 783 concionibus

272 817 517 858 audiendis
534 817 784 857 insumere.
808 816 911 856 Hoc
933 828 1006 856 me
1038 822 1163 857 certe
1195 815 1311 856 adeo
1348 821 1520 865 mouet,
1557 821 1607 855 vt
1643 814 1802 854 nescio
1828 826 1919 865 quo

272 894 413 941 pacto
435 888 686 940 aliquando
710 888 922 928 inuidere
953 888 1146 937 soleam,
1180 894 1229 927 ut
1255 887 1322 926 sic
1355 886 1570 937 dixerim,
1600 891 1781 926 tantam
1810 885 1918 925 isto-

272 973 377 1001 rum
398 961 446 1001 in
466 960 670 1000 Domino
692 959 982 1000 felicitatem.
1015 959 1207 1000 Utinam
1227 959 1303 999 vel
1324 958 1432 998 hinc
1450 957 1548 1009 ipse
1572 958 1828 1008 compellar
1845 956 1919 996 de-

274 1034 461 1085 plorare
492 1032 640 1083 elapsi
674 1032 899 1083 temporis
934 1031 1182 1081 iacturam,
1225 1041 1280 1070 ac
1321 1029 1434 1070 mihi
1474 1030 1563 1081 ipsi
1603 1029 1649 1069 in
1681 1034 1920 1080 posterum

275 1115 461 1145 cauere.

356 1174 508 1215 Venio
522 1175 581 1215 ad
603 1175 869 1223 conciones,
894 1185 1013 1226 quae
1030 1180 1074 1214 et
1096 1174 1222 1214 domi
1244 1174 1310 1225 (ut
1326 1185 1425 1214 mos
1447 1172 1532 1222 est)
1555 1178 1600 1212 et
1616 1171 1730 1212 foris
1749 1170 1920 1211 haben-

275 1254 364 1288 tur.
389 1246 492 1298 Qua
513 1247 559 1287 in
582 1259 633 1287 re
649 1247 819 1287 mirum
839 1253 908 1287 est
930 1253 1155 1298 quantum
1177 1246 1350 1287 virium
1366 1243 1630 1296 suppeditet
1649 1242 1809 1282 diuina
1832 1243 1921 1281 lar-

275 1319 399 1369 gitas
420 1319 467 1358 in
488 1324 687 1370 Vtroque
708 1318 894 1358 homine
917 1317 964 1358 P.
990 1317 1275 1358 Prouinciali
1299 1315 1323 1367 ¹,
1349 1316 1428 1368 qui
1449 1316 1627 1356 nullum
1658 1314 1755 1354 fere
1777 1313 1923 1353 inter-

278 1390 417 1431 mittit
440 1389 660 1430 feriatum
681 1390 817 1440 diem,
842 1402 934 1442 quo
965 1396 1010 1429 et
1045 1401 1181 1429 mane
1217 1395 1261 1429 et
1293 1387 1480 1439 vesperi
1517 1386 1795 1433 concionem
1826 1395 1921 1424 non

277 1462 463 1512 habeat,
497 1473 593 1502 non
628 1462 729 1502 sine
751 1461 1040 1502 audientium
1070 1460 1301 1512 frequenti
1331 1470 1566 1500 concursu
1602 1463 1646 1497 et
1681 1455 1914 1508 profectu.

279 1533 395 1574 Illud
430 1533 636 1574 occurrit
672 1533 812 1585 (quod
846 1533 1050 1573 fortasse
1085 1530 1421 1584 praecipuum).
1460 1529 1584 1570 Inter
1606 1528 1862 1569 canonicos
1879 1532 1924 1566 et

279 1604 611 1656 portionarios,
636 1616 753 1657 quos
775 1611 963 1655 uocant,
987 1604 1125 1644 huius
1147 1604 1298 1643 almae
1328 1601 1555 1643 ecclesiae
1585 1598 1922 1648 Cordubensis,

280 1676 438 1716 multis
459 1675 628 1716 abhinc
665 1676 800 1716 annis
823 1676 1066 1716 dissidium
1087 1681 1172 1725 est,
1192 1681 1236 1714 et
1254 1674 1407 1714 adhuc
1425 1673 1509 1713 sub
1542 1672 1694 1712 iudice
1711 1670 1783 1721 lis,
1803 1681 1924 1722 quae

281 1759 357 1787 res
376 1748 629 1788 multorum
651 1748 882 1788 malorum
902 1754 972 1787 est
994 1746 1311 1787 seminarium.
1336 1745 1404 1785 Eo
1426 1755 1502 1784 res
1520 1743 1649 1784 venit
1667 1749 1717 1782 vt
1735 1754 1761 1782 a
1782 1741 1924 1782 Patre

279 1818 564 1860 prouinciali
586 1819 793 1859 studiose
816 1831 912 1859 vna
947 1830 1108 1858 omnes
1144 1816 1495 1865 contenderent,
1533 1813 1756 1866 priuatim
1791 1824 1846 1853 ea
1869 1812 1925 1852 de

280 1902 330 1931 re
352 1891 399 1931 in
421 1891 641 1942 capitulo,
665 1890 743 1931 vbi
765 1891 914 1931 solent
931 1889 1201 1936 convenire,
1220 1888 1367 1928 Verba
1384 1887 1576 1927 faceret.
1599 1884 1764 1936 Coepit
1787 1890 1926 1935 atque

281 1962 328 2002 id
349 1962 518 2003 iterum
541 1974 596 2003 ac
616 1962 804 2014 saepius
821 1969 872 2002 vt
892 1961 972 2001 fiat
993 1963 1248 2013 postulant.
1274 1958 1390 2011 Spes
1412 1964 1482 1998 est
1503 1958 1713 1997 futurum
1733 1961 1784 1995 vt
1807 1955 1928 1995 inter

283 2035 410 2085 ipsos
432 2033 684 2074 conueniat
706 2033 1074 2086 compositisque
1096 2032 1235 2072 rebus
1263 2029 1615 2083 pacificatorem
1643 2027 1929 2078 amplectan-

283 2110 358 2145 tur
377 2105 553 2159 Jesum,
578 2105 656 2157 qui
673 2104 802 2145 venit
825 2104 1066 2155 dispersos
1087 2113 1383 2154 congregare
1405 2099 1434 2138 ².

365 2176 437 2217 De
458 2176 721 2217 studiorum
742 2176 927 2216 ratione
950 2176 1095 2215 multo
1126 2185 1266 2226 quam
1289 2172 1490 2213 antehac
1512 2170 1796 2221 diligentius,
1821 2168 1929 2220 quia

285 2247 447 2288 sedulo
471 2254 663 2288 curatur
692 2254 741 2288 vt
769 2248 962 2299 regulae
998 2247 1322 2294 obseruentur,
1360 2244 1424 2283 ita
1454 2242 1504 2282 fit
1538 2248 1587 2282 vt
1623 2240 1862 2281 auditores
1883 2239 1930 2278 in

288 2319 386 2360 dies
425 2325 748 2372 promoueant.
790 2319 986 2360 Lucalia
1024 2317 1038 2336 ³
1078 2329 1171 2357 non
1211 2316 1311 2356 sine
1351 2313 1647 2355 solemnitate
1688 2316 1930 2351 transacta

288 2397 410 2431 sunt.
434 2391 517 2431 Est
538 2392 662 2431 enim
684 2402 738 2431 eo
760 2390 834 2431 die
856 2390 913 2430 ab
934 2402 1028 2430 vno
1050 2401 1108 2429 ex
1127 2387 1418 2428 auditoribus
1440 2386 1486 2425 in
1507 2383 1693 2424 laudem
1714 2381 1930 2422 scientia-

290 2473 393 2502 rum
413 2462 575 2502 habita
596 2462 777 2512 concio,
802 2473 943 2513 quam
965 2468 1213 2512 sequutum
1244 2465 1313 2498 est
1345 2456 1629 2508 colloquium
1650 2465 1734 2505 per
1755 2463 1927 2505 pueros

291 2533 540 2573 actitatum
562 2545 655 2573 non
677 2533 776 2573 sine
798 2539 1063 2573 venustate:
1086 2530 1261 2583 placuit
1297 2535 1340 2569 et
1376 2533 1544 2568 ornatu
1580 2532 1623 2566 et
1645 2524 1930 2565 inuentione.

293 2603 407 2644 Dies
448 2604 590 2644 etiam
630 2604 940 2644 Beatissimae
980 2601 1265 2643 Catharinae
1303 2598 1318 2617 ‘²
1357 2597 1628 2639 solemniter
1670 2595 1936 2635 celebratus

350 2789 358 2808 ¹
402 2789 499 2816 Patri
516 2789 783 2816 Bartholomaeo
799 2787 1036 2815 Bustamante.

349 2837 362 2855 ‘2
400 2836 487 2863 Vide
505 2836 654 2864 PoLANm
670 2836 874 2871 chronicon,
890 2839 912 2863 t.
926 2842 974 2869 1V,
992 2842 1068 2869 pag.
1083 2834 1145 2867 453,
1162 2837 1278 2861 annot.
1294 2833 1318 2859 1.

348 2882 363 2902 ⁵
400 2883 564 2915 Lucalia,
577 2884 665 2911 festa
680 2890 799 2917 nempe
815 2883 895 2910 Divi
907 2882 1036 2910 Lucae.

348 2931 363 2950 ⁴
401 2931 674 2958 Annivm-sarius
690 2930 717 2958 is
730 2936 805 2958 erat
821 2931 892 2958 dies
908 2928 1173 2957 instaurationis
1188 2927 1385 2955 scholarum
1402 2923 1684 2952 Cordubensium.
1703 2921 1788 2948 Vide
1808 2920 1937 2947 Pomm-

297 2985 328 3005 cx
347 2977 550 3011 Chrom'con,
566 2982 588 3005 t.
605 2984 654 3011 111,
670 2985 749 3012 pag.
765 2978 827 3009 3621,
844 2985 879 3004 n.
893 2977 945 3004 797
