2047 3179
906 131 988 168 AN.
1020 131 1112 169 1554
1754 133 1821 168 137

182 228 296 269 R.m0
318 228 565 270 Cardinale
582 228 816 278 interrege
831 226 838 246 ¹
855 226 1103 278 designati,
1120 238 1341 278 magnam
1355 238 1585 266 summam
1602 229 1819 278 pecunia-

185 299 304 340 riam
327 301 702 351 elemosynarum
723 309 808 350 pro
839 297 1098 337 extruenda
1129 298 1314 348 collegii
1345 297 1482 337 domo
1512 298 1817 348 collegerunt.

187 370 323 421 Huic,
357 382 448 422 quo
474 369 764 410 commodius
794 368 1108 419 aedificemus,
1139 374 1339 419 quatuor
1370 368 1494 407 mille
1529 380 1670 418 supra
1693 369 1821 419 quin·

185 447 354 492 gentos
377 440 668 491 ducatorum,
692 439 969 480 liberalitate
997 439 1299 490 Imperatoris
1320 438 1361 488 (a
1384 450 1475 490 quo
1503 444 1547 478 et
1583 439 1699 478 alios
1720 451 1821 478 sex-

183 518 349 552 centos
371 513 512 552 annui
535 512 743 552 redditus
765 510 1078 561 obtinuimus),
1100 516 1415 550 accesserunt.
1443 509 1641 560 Collegii
1662 510 1819 549 funda-

186 588 341 622 menta
378 583 472 622 iam
506 583 704 633 demum,
742 588 992 632 utcumque
1028 581 1173 631 iacta,
1216 581 1275 621 ad
1302 580 1542 631 fastigium
1582 580 1820 630 anhelant,

182 654 561 705 quandoquidem
575 665 755 694 summo
769 652 871 692 ΚΜ
900 652 1163 693 Cardinalis
1176 652 1222 691 in
1235 663 1322 691 nos
1337 651 1490 691 studio
1505 651 1673 691 ciuitas
1686 652 1819 700 haec,

182 736 244 763 cx
267 725 452 764 aerario
474 726 659 775 publico
682 725 752 764 bis
773 725 896 764 mille
919 730 1252 764 coronatorum
1274 723 1488 773 elargita,
1508 723 1599 762 alia
1621 728 1822 774 quatuor

183 795 362 835 donare
386 796 556 836 obnixe
575 796 836 836 contendit:
861 806 1044 847 quoque
1065 794 1250 834 facilius
1280 794 1324 834 id
1346 793 1447 843 fiat,
1481 793 1677 833 consilio
1699 805 1819 833 com-

184 866 424 906 municato
459 867 761 918 Imperatori,
799 866 958 906 literas
994 865 1133 915 misit,
1173 865 1340 917 quibus
1373 866 1510 916 pleno
1545 876 1625 904 ore
1660 864 1823 904 laudes

186 943 374 977 nostras
394 937 747 989 depraedicans,
768 938 973 989 postulat
991 949 1108 987 eam,
1129 937 1185 976 de
1202 948 1294 988 qua
1316 936 1492 976 dictum
1509 942 1594 986 est,
1613 936 1822 987 largitio-

183 1019 292 1048 nem
312 1008 469 1048 facere
492 1009 578 1048 sibi
598 1010 754 1049 licere.
778 1008 899 1049 Sena
921 1008 1038 1048 haec
1059 1008 1204 1048 millia
1233 1007 1446 1047 aedificio
1476 1006 1661 1058 collegii
1685 1007 1820 1047 desti-

187 1084 375 1130 nantur,
396 1080 526 1119 cuius
544 1079 861 1129 fundamenta,
881 1080 972 1120 iam
992 1079 1178 1119 demum
1196 1085 1447 1129 utcumque
1463 1079 1604 1129 iacta,
1620 1078 1678 1118 ad
1696 1078 1822 1118 fasti-

185 1150 315 1200 gium
337 1151 572 1191 anhelant.
596 1150 686 1191 Sed
707 1151 830 1202 quia,
855 1151 1047 1201 aedibus
1069 1149 1369 1201 comparatis,
1394 1149 1433 1189 si
1454 1156 1642 1189 caetera
1665 1161 1821 1189 neces-

184 1221 312 1261 saria
334 1220 506 1272 desint,
540 1222 668 1272 nihil,
694 1228 772 1262 aut
796 1227 922 1261 certe
953 1213 1193 1261 modicum
1217 1220 1327 1271 quid
1356 1231 1538 1270 eorum,
1563 1231 1682 1271 quae
1704 1219 1821 1260 haec

186 1292 276 1332 sibi
293 1292 349 1332 de
366 1293 501 1332 nobis
518 1293 761 1344 pollicetur
779 1304 834 1333 ac
856 1293 1031 1344 passim
1047 1292 1301 1343 experitur,
1323 1291 1488 1331 confici
1504 1302 1641 1342 posse
1659 1290 1821 1331 aduer-

187 1364 262 1413 tit,
287 1374 369 1414 per
391 1364 579 1403 easdem
602 1364 753 1415 poscit
775 1369 1023 1403 sexcentos
1040 1374 1209 1403 aureos
1231 1363 1373 1402 annui
1391 1373 1559 1402 census
1576 1362 1822 1413 assignare

188 1445 341 1486 posse.
366 1434 456 1474 Hic
479 1435 717 1486 popularis
738 1435 784 1474 in
804 1446 890 1474 nos
913 1434 1062 1474 fauor.
1084 1434 1218 1485 Quod
1235 1434 1273 1474 si
1290 1433 1583 1485 priuatorum
1599 1433 1819 1483 studium,

187 1505 564 1557 pollicitationes,
584 1517 829 1546 recensere
850 1517 1085 1557 paremus,
1105 1506 1302 1557 epistola
1325 1506 1372 1544 in
1395 1505 1564 1544 librum
1581 1516 1821 1544 excresce-

188 1584 276 1617 ret.
295 1575 402 1616 Dici
423 1576 633 1628 profecto
654 1589 748 1617 non
769 1582 922 1628 potest
945 1589 1084 1629 quam
1106 1584 1304 1628 paterno
1327 1575 1497 1616 affectu
1519 1576 1740 1616 uniuersa
1763 1576 1822 1615 ci-

188 1648 325 1698 uitas,
350 1653 394 1687 et
410 1647 662 1699 praecipue
679 1647 822 1688 uicini
837 1648 1001 1698 nostri,
1026 1658 1140 1699 erga
1157 1659 1243 1687 nos
1265 1647 1421 1687 affecti
1437 1647 1544 1687 sint.
1564 1646 1822 1687 Conciona-

187 1725 285 1758 tum
301 1724 371 1758 est
391 1729 483 1758 non
501 1719 599 1758 sine
615 1718 769 1759 fructu
786 1719 845 1759 ad
863 1718 1083 1759 calendas
1099 1730 1247 1770 usque
1264 1718 1489 1769 Augusti;
1505 1718 1616 1770 quin
1633 1724 1677 1758 et
1695 1719 1822 1758 circa

188 1790 311 1829 idem
332 1795 515 1841 tempus
538 1802 563 1829 a
586 1790 786 1830 caeteris
807 1790 1019 1830 omnibus
1039 1790 1282 1830 literarum
1304 1790 1699 1840 exercitamentis,
1725 1796 1822 1829 tum

185 1861 245 1901 ob
267 1866 424 1901 aestus
445 1872 563 1912 pene
584 1861 917 1912 intolerandos,
940 1867 1039 1902 tum
1060 1862 1118 1901 ob
1140 1861 1439 1912 ingruentem
1469 1861 1656 1901 aedium
1678 1866 1823 1901 muta-

186 1932 383 1983 tionem,
413 1943 738 1983 supersessum
758 1932 857 1973 fuit.

267 2002 359 2044 Sed
386 2003 607 2055 quoniam
635 2004 711 2043 hie
739 2011 998 2056 opportune
1028 2004 1075 2044 in
1105 2010 1392 2044 mutatarum
1422 2003 1602 2043 sedium
1634 2004 1825 2043 mentio-

186 2087 292 2114 nem
328 2075 596 2124 incidimus,
635 2087 727 2115 non
763 2076 952 2116 omnino
981 2076 1065 2116 abs
1094 2088 1143 2116 re
1171 2075 1309 2115 fuerit
1344 2081 1388 2115 et
1424 2075 1480 2114 de
1515 2075 1587 2114 his
1624 2075 1825 2125 paucula

188 2146 434 2186 subiicere.
467 2146 621 2186 Pridie
648 2147 792 2197 igitur
823 2146 1173 2199 Assumptionis
1206 2147 1421 2197 Virginis
1452 2145 1632 2196 Matris,
1657 2146 1702 2185 in
1724 2158 1826 2186 nos-

189 2223 310 2257 tram
340 2217 543 2268 domum,
578 2218 864 2258 conductitia
893 2219 1080 2269 relicta,
1114 2218 1546 2269 commigrauimus.
1570 2216 1641 2257 De
1664 2229 1756 2269 qua
1782 2217 1828 2257 id

189 2299 332 2328 unum
354 2288 472 2339 dico,
498 2289 882 2340 opportuniorem
909 2289 1120 2329 instituto
1149 2295 1310 2329 nostro
1336 2288 1454 2338 dari,
1480 2289 1571 2328 imo
1592 2300 1650 2328 ne
1674 2289 1827 2339 optari

188 2359 392 2410 quidem,
415 2360 646 2411 potuisse:
672 2361 718 2400 in
739 2360 840 2412 ipso
862 2362 986 2401 enim
1008 2361 1214 2401 ciuitatis
1231 2360 1451 2400 umbilico
1474 2359 1564 2400 sita
1588 2366 1671 2400 est.
1696 2359 1827 2400 Tem-

190 2431 318 2481 plum
337 2430 478 2471 habet
506 2443 599 2471 non
621 2431 810 2471 omnino
833 2431 1128 2482 immensum,
1160 2431 1337 2471 nostris
1365 2437 1523 2471 tamen
1552 2431 1713 2471 usibus
1735 2442 1826 2470 non

189 2501 524 2553 importunum.
548 2502 798 2542 Praeterea
826 2503 1028 2554 spatium
1055 2502 1291 2554 quoddam
1321 2508 1524 2553 uastum,
1548 2513 1682 2542 muro
1705 2513 1828 2542 cras-

189 2572 376 2613 sissimo
412 2573 666 2625 eodemque
701 2585 968 2614 marmoreo
1008 2574 1237 2624 cinctum,
1282 2573 1442 2624 templi
1484 2573 1696 2613 aedificio
1737 2585 1829 2613 non

191 2645 335 2683 multo
359 2651 480 2696 post,
504 2645 800 2697 permittente
822 2645 939 2696 Deo,
963 2645 1308 2685 destinandum.
1333 2644 1527 2684 Fratres
1549 2656 1710 2684 omnes
1732 2650 1828 2684 tum

187 2726 387 2766 corpore
410 2723 506 2755 tum
528 2716 684 2756 animo
707 2716 964 2756 incolumes
986 2722 1113 2765 sunt,
1138 2722 1182 2755 et
1204 2727 1288 2767 pro
1311 2727 1360 2755 se
1383 2716 1580 2767 quisque
1601 2721 1828 2767 spartam,

187 2796 330 2836 quam
351 2793 519 2827 nactus
543 2793 626 2836 est,
651 2787 812 2828 sedulo
834 2787 1047 2828 adornat.
1071 2787 1244 2838 Magna
1268 2793 1313 2827 et
1335 2786 1609 2838 quotidiana
1638 2786 1833 2838 spiritus

250 2946 256 2965 ¹
297 2947 400 2976 Petro
417 2948 582 2982 Pacheco,
596 2949 825 2984 Neapolitano
840 2950 1005 2984 Prorege.
