2047 3179
224 124 247 134 ,-

229 130 272 159 so
743 123 971 162 LITTERAE
990 133 1350 167 QUADRmEsTREs

224 220 356 260 missi
389 219 696 270 Societatem,
735 220 932 262 studiosi
968 220 1147 271 logices
1184 230 1238 259 ac
1284 218 1488 270 optimae
1522 217 1872 268 expectationis

224 292 431 332 iuuenes.
457 291 686 332 Dominus
707 303 822 333 uero
844 292 1035 344 quidam
1054 289 1373 332 Bernardinus
1397 288 1423 339 ¹,
1449 300 1508 328 ex
1529 299 1691 328 sorore
1718 300 1871 340 nepo-s

224 363 426 403 Moscosi
447 362 475 414 ²,
499 364 707 412 toletani,
732 364 779 404 in
800 370 999 415 utroque
1018 363 1130 416 Jure
1150 362 1513 408 baccalaureus,
1538 364 1583 399 et
1604 358 1795 410 quidam
1817 360 1865 400 in

223 434 334 486 Jure
355 434 480 475 ciuili
501 434 775 475 licenciatus
805 434 997 486 Rasgon
1019 434 1221 482 nomine,
1253 444 1307 472 ac
1330 436 1574 483 praeterea
1595 430 1864 481 theologiae

225 517 391 546 sacrae
411 505 611 555 Doctor‚
636 512 679 546 et
701 506 891 557 quidam
912 505 1189 556 cognomine
1217 503 1421 544 Fuentes
1451 507 1633 542 tanturn
1659 501 1707 542 in
1731 513 1866 542 excr-

224 576 347 617 citiis
369 577 691 628 profecerunt,
716 585 764 618 ut
784 578 824 617 si
846 584 1055 628 possent,
1080 576 1216 616 facile
1239 574 1489 626 quasdam,
1514 573 1681 624 quibus
1705 573 1864 613 distin-

225 654 301 688 cte
323 647 336 666 ⁵
359 648 626 689 detinentur
648 649 793 689 tricas
815 648 1093 699 effugerent,
1126 646 1360 687 interdum
1390 644 1662 696 frequenter
1686 655 1872 684 asseue-

229 727 387 760 rantes
408 720 489 759 vix
511 731 560 759 se
588 731 725 771 posse
760 726 895 760 extra
929 718 1212 776 Societatem
1248 718 1424 757 uiuere.
1462 715 1750 756 Benedictus
1779 715 1872 754 Do-

227 789 388 830 minus
409 794 451 830 et
474 791 627 830 Pater
650 790 847 830 Domini
865 790 1024 830 nostre·
1038 790 1159 841 Jesu
1188 789 1221 828 C
1221 787 1382 833 lzm'stt'.
1405 786 1489 838 qm·
1507 786 1698 826 uocauit
1716 797 1803 826 nos
1824 786 1878 825 m

230 861 512 902 Societatem
534 861 655 902 Filii
671 862 751 902 sut
769 860 798 902 ⁴.
828 862 994 902 Amen.

307 932 530 974 Proximo
552 944 712 973 mense
727 933 837 987 Julii
858 932 980 973 R.<¹1¹⁵
1008 932 1145 973 Pater
1163 938 1322 972 noster
1344 929 1668 978 Prouincialis,
1689 929 1871 970 Doctor

231 1004 412 1055 Araoz,
451 1010 704 1056 antequam
738 1004 912 1045 Albani
942 1004 1159 1056 oppidum
1185 1002 1197 1021 ⁵
1221 1003 1393 1053 adiret,
1427 1007 1476 1041 ut
1511 1000 1776 1053 Principem
1814 1012 1872 1040 ac

230 1075 550 1127 Hispanorum
570 1075 749 1126 Regem
769 1074 783 1093 ⁰
800 1077 847 1115 in
868 1074 1093 1126 Angliam
1114 1074 1508 1126 proticiscentem,
1540 1071 1650 1124 [qui]
1678 1073 1725 1112 in
1746 1071 1880 1112 dicto

229 1146 402 1198 oppido
424 1147 731 1187 recreationis
749 1159 894 1187 causa
915 1153 1026 1187 tunc
1049 1146 1368 1195 detinebatur,
1407 1144 1650 1191 inuiseret,
1689 1144 1764 1184 hic
1787 1154 1875 1183 suo

231 1229 318 1258 nos
339 1218 484 1258 verbo
507 1224 551 1258 et
573 1219 787 1270 exemplo
810 1204 1063 1270 plurimum
1085 1218 1131 1259 in
1149 1217 1334 1259 Christo
1357 1215 1604 1257 recreauit.
1640 1215 1737 1255 Illic
1758 1226 1875 1255 uero

233 1290 546 1341 quarumdam
567 1290 857 1341 monialium,
882 1301 1001 1342 quae
1023 1290 1169 1341 ipsius
1182 1288 1327 1329 Ducis
1349 1286 1523 1328 Albani
1544 1286 1556 1304 ⁷
1580 1286 1741 1327 affines
1762 1297 1869 1326 con-

232 1362 616 1413 sanguineaeque
638 1368 787 1412 erant,
807 1367 1002 1412 rogatu,
1028 1360 1173 1401 uerba
1201 1371 1339 1400 sacra
1360 1364 1491 1399 tanta
1513 1369 1672 1399 rerum
1694 1357 1872 1398 diuina-

234 1444 339 1472 rum
360 1433 498 1484 copia
522 1439 745 1484 tantaque
767 1432 952 1473 dicendi
972 1432 1020 1472 vi
1037 1443 1093 1472 ac
1115 1431 1274 1471 diuino
1296 1430 1465 1482 spiritu
1481 1429 1612 1479 fecit,
1635 1436 1685 1470 ut
1711 1440 1878 1470 omnes

235 1504 282 1544 in
303 1503 462 1544 fletum
484 1503 752 1554 concitarit‚
777 1510 826 1544 ut
848 1503 941 1543 iam
957 1502 1066 1543 uiua
1085 1501 1417 1542 confiterentur
1433 1512 1551 1541 uoce
1567 1512 1617 1541 se
1634 1511 1877 1552 nunquam

235 1582 375 1616 antea
411 1575 521 1628 quid
554 1581 678 1616 esset
713 1575 933 1626 religiose
967 1575 1130 1615 viuere
1162 1573 1459 1625 cognouisse.
1493 1571 1705 1624 Quarum
1726 1583 1877 1623 usque

236 1647 353 1687 adeo
375 1648 450 1687 uel
472 1647 610 1688 unica
632 1646 786 1687 Patris
807 1646 1034 1687 concione
1056 1645 1263 1686 excitata
1289 1644 1374 1685 fuit
1395 1644 1584 1685 deuotio
1617 1650 1755 1695 atque
1778 1655 1879 1684 cor-

234 1719 307 1759 dis
328 1719 649 1771 compunctiO,
670 1725 720 1759 ut
754 1718 956 1768 socium,
994 1729 1132 1769 quem
1167 1728 1325 1757 secum
1347 1716 1550 1756 habebat
1572 1714 1602 1766 ⁸,
1625 1714 1798 1755 ibidem
1819 1714 1879 1755 ad

236 1798 420 1843 tempus
441 1791 706 1842 relinquere
729 1796 922 1830 coactus
943 1789 1105 1839 fuerit,
1131 1789 1208 1840 qui
1230 1788 1375 1829 diuini
1398 1787 1528 1828 verbi
1556 1787 1736 1828 fructus
1766 1793 1886 1827 tam-

239 1874 383 1914 quam
403 1863 554 1903 bonus
577 1873 632 1902 ac
654 1861 773 1902 fidus
795 1861 970 1902 Christi
988 1871 1168 1901 messor
1190 1859 1449 1911 colligeret.

320 1933 424 1975 Non
440 1935 586 1975 multo
604 1940 709 1985 post
734 1933 820 1973 hos
842 1932 941 1973 dies
968 1932 1128 1972 diuina
1157 1943 1244 1983 ope
1265 1930 1481 1972 effectum
1499 1936 1584 1981 est,
1608 1941 1664 1971 ac
1687 1929 1882 1971 Patrum

241 2012 512 2047 nostrorum
534 2016 703 2057 opera,
728 2011 777 2045 ut
797 2005 956 2056 plures
978 2015 1034 2044 ac
1056 2003 1198 2052 uarii,
1222 2002 1300 2054 qui
1322 2002 1536 2043 diuersas
1552 2001 1611 2042 ob
1633 2012 1804 2042 causas
1821 2007 1885 2041 te·

241 2077 498 2118 nacissimo
521 2075 626 2117 odio
650 2076 770 2116 inter
793 2086 896 2115 sese
924 2074 1235 2124 dissidebant,
1270 2073 1415 2114 multo
1451 2078 1615 2125 postea
1648 2084 1702 2114 ac
1725 2072 1888 2113 diuino

239 2149 573 2201 copularentur
596 2158 779 2197 amore,
804 2146 924 2186 inter
946 2157 1064 2197 quos
1080 2145 1200 2186 duae
1218 2145 1501 2196 coniugatae
1526 2143 1767 2195 mulieres,
1790 2154 1887 2185 non

241 2221 341 2261 sine
364 2231 537 2272 magno
559 2220 742 2269 labore,
775 2217 993 2259 effectum
1027 2224 1096 2257 est
1120 2223 1168 2257 ut
1204 2217 1251 2257 in
1282 2216 1535 2267 coniugum
1563 2227 1756 2256 suorum
1781 2225 1887 2267 gra-

242 2293 357 2333 tiam
378 2292 599 2333 redirent.
619 2291 747 2331 Lites
765 2301 894 2337 uero,
915 2300 1035 2340 quae
1052 2288 1172 2328 inter
1191 2288 1319 2329 ciues
1336 2294 1459 2338 sunt,
1480 2292 1619 2339 atque
1637 2286 1885 2327 interdicta

243 2375 449 2415 quoque,
475 2374 594 2415 quae
616 2362 664 2402 in
685 2362 773 2402 hac
798 2360 988 2401 ciuitate
1011 2365 1203 2412 propter
1226 2357 1438 2410 judicum
1464 2357 1749 2399 secularium
1781 2367 1888 2397 cum

300 2523 308 2543 ἱ
351 2522 583 2550 Bernardinus
599 2522 639 2549 de
656 2521 842 2549 Sandoval.
858 2520 946 2548 Vide
961 2519 1109 2547 Potmcx
1126 2519 1331 2550 chronicon,
1345 2522 1368 2546 t.
1385 2525 1432 2551 1v,
1446 2525 1514 2553 pag
1538 2518 1602 2550 376,
1617 2525 1648 2545 n*
1664 2517 1727 2544 807.

299 2572 313 2591 ⁴2
352 2570 496 2605 Saepius
509 2571 540 2598 in
557 2570 759 2598 nobiliorum
770 2569 955 2604 Hispaniae
968 2568 1176 2595 familiarum
1185 2567 1422 2595 stemmatibus
1432 2566 1613 2597 coniuncta
1623 2569 1792 2600 apparent
1804 2564 1891 2592 haec

241 2620 447 2653 cognomina
463 2618 658 2646 Moscosoet
671 2617 867 2650 sandoval:
882 2616 956 2651 quis
971 2621 1086 2643 tamen
1101 2616 1156 2642 hic
1170 2616 1344 2642 toletanus
1360 2614 1515 2642 ,Most-oso
1529 2613 1631 2640 fuerit
1644 2613 1790 2640 nondum
1802 2613 1893 2640 scire

249 2667 420 2694 valuimus

301 2715 314 2734 5
354 2713 420 2747 Sic,
437 2715 564 2742 rectius
581 2713 739 2740 fortassis
751 2713 921 2740 districti.

353 2763 381 2789 2.
402 2761 491 2793 Cor..
506 2761 530 2793 Ι,
551 2768 582 2788 v.
598 2761 695 2788 3.-1.
716 2760 862 2793 Petr.,1,
879 2769 911 2787 v.
934 2761 966 2787 3.

353 2810 455 2841 Alba,
471 2809 630 2843 oppidum
645 2816 661 2835 e
678 2816 741 2843 quo
756 2816 877 2835 nomen
893 2816 1069 2841 sumpsere
1086 2807 1210 2835 Albani
1228 2808 1284 2841 (de
1300 2806 1402 2838 Albaj
1419 2804 1545 2832 Duces.

354 2858 532 2892 Philippus
550 2856 721 2890 Princeps,
737 2857 796 2883 sed
812 2856 959 2883 nondum
976 2856 1163 2890 Hispaniae
1183 2855 1265 2882 Rex.

357 2904 595 2932 Ferdinandus
611 2904 763 2931 Alvarez
778 2903 817 2931 de
833 2904 971 2931 Toledo.

301 2953 316 2972 δ’
354 2952 442 2980 Vide
460 2952 607 2979 ΡοιΑΝει
625 2949 829 2984 Chrom‘con,
845 2956 857 2978 t
886 2958 932 2985 1v,
950 2959 1028 2985 pag.
1043 2951 1106 2985 436,
1123 2958 1157 2978 n.
1174 2950 1239 2977 938.

300 2763 315 2876 :ab

305 2906 317 2924 q
