2047 3179
907 148 988 185 AN.
1015 149 1104 185 1555
1742 148 1813 184 653

180 257 253 296 eO,
279 251 329 286 vt
351 258 488 297 quem
504 246 643 286 rebus
660 245 786 286 hisce
803 245 1010 296 gaudere
1027 250 1237 292 nouerat,
1261 243 1316 283 de
1334 244 1514 283 ratione
1532 243 1811 284 inuenienda

182 317 290 367 egit,
333 329 424 368 qua
464 317 600 357 rebus
632 316 950 368 spiritualibus
985 315 1279 366 maximeque
1316 314 1559 354 charitatis
1595 314 1812 366 operibus

182 389 363 428 consuli
386 394 556 439 posset.
579 388 650 428 Ac
673 387 871 435 demum,
892 386 1050 426 diuino
1068 385 1253 425 afflante
1274 384 1466 436 Spiritu,
1491 385 1812 435 excogitatum

182 464 251 498 est
272 464 323 498 vt
345 459 736 510 quemadmodum
766 458 1026 498 institutum
1054 458 1100 496 in
1128 457 1217 496 hoc
1244 467 1390 507 regno
1414 463 1514 495 erat
1546 456 1808 506 concilium,

182 529 228 568 in
250 541 340 580 quo
362 541 482 581 quae
498 530 557 570 ad
573 530 789 570 bellicam
805 536 954 569 artem
970 528 1179 568 facerent
1196 527 1356 578 parari
1374 538 1692 578 quaecumque
1710 539 1812 578 pos-

182 607 300 650 sent,
326 601 389 640 ita
407 607 451 640 et
474 601 597 640 aliud
618 607 755 651 esset,
780 601 827 640 in
843 611 934 651 quo
958 599 1013 640 de
1035 599 1188 648 rebus,
1209 610 1327 650 quae
1345 598 1403 637 ad
1421 598 1698 637 charitatem
1716 609 1813 648 per-

181 671 343 720 tinent,
365 678 598 722 ageretur.
618 671 708 712 Sed
724 683 781 712 ne
798 671 886 711 hoc
903 670 1025 711 idem
1044 681 1150 710 cum
1167 669 1354 721 pietatis
1370 675 1526 708 monte
1543 680 1645 708 essc
1662 674 1810 719 putes.

180 741 278 782 Illic
300 743 422 782 enim
443 743 728 794 pauperibus
748 742 994 783 dumtaxat
1015 741 1304 790 subuenitur3
1328 740 1418 779 huc
1440 751 1568 789 uero,
1593 739 1812 791 quicquid

180 813 423 864 spirituale
445 820 529 862 est,
554 814 767 865 pe1·tir1et;
794 813 869 853 hic
890 812 1175 864 pauperibus
1196 811 1480 863 prospicitur
1497 817 1540 850 et
1562 811 1652 850 illis
1682 810 1812 850 resti-

181 889 373 924 tuuntur
391 885 563 936 ablata;
583 891 777 925 cauetur
793 897 850 924 ne
867 883 976 936 quid
993 883 1161 923 uiduae
1179 889 1223 922 et
1239 882 1399 934 pupilli
1417 882 1613 921 iniuriae
1635 881 1814 932 patian-

182 962 271 1006 tur3
295 957 483 1008 templa,
503 957 802 1004 monasteria,
823 955 1087 1007 hospitalia,
1118 960 1199 994 aut
1221 955 1353 1005 lapsa
1376 954 1469 993 iam
1490 953 1810 1001 restituuntur,

183 1033 262 1067 aut
280 1028 463 1067 ruinam
478 1028 704 1068 minantia
721 1026 1071 1076 confla-mantum
1087 1031 1227 1077 atque
1240 1024 1504 1065 huiusmodi
1520 1024 1678 1074 multa,
1694 1034 1814 1074 quae

184 1104 229 1138 et
251 1097 363 1138 fiunt
385 1104 429 1138 et
450 1105 700 1149 sperantur
723 1110 815 1138 non
837 1097 974 1149 parui
993 1096 1219 1137 momenti
1237 1095 1408 1135 futura.

263 1170 345 1209 Est
361 1181 540 1221 quoque
563 1170 714 1209 edicto
738 1169 921 1221 publico
943 1174 1169 1209 statutum
1190 1173 1241 1207 vt
1262 1167 1448 1217 notarii,
1468 1167 1507 1206 si
1528 1178 1646 1217 quae
1665 1166 1817 1205 sciant

183 1242 341 1291 legata
363 1241 419 1280 ab
451 1241 606 1292 aliquo
628 1241 805 1290 relicta,
836 1252 955 1292 quae
987 1240 1033 1279 in
1068 1239 1145 1291 pia
1181 1250 1325 1290 opera
1360 1238 1564 1289 impendi
1599 1237 1813 1287 voluerit,

183 1311 324 1352 etiam
345 1311 625 1351 haeredibus
647 1311 977 1351 recusantibus
999 1310 1228 1361 aperiant,
1253 1315 1297 1349 et
1318 1309 1390 1359 iis,
1419 1309 1497 1360 qui
1523 1309 1631 1348 huic
1665 1308 1816 1348 chari-

183 1383 292 1423 tatis
327 1383 477 1423 officio
515 1389 752 1434 praesunt,
789 1382 1132 1434 quamprimum
1154 1380 1375 1420 referant.
1405 1380 1507 1431 Qua
1529 1392 1587 1419 ex
1620 1391 1670 1419 re
1704 1378 1818 1420 illud

182 1453 396 1494 effectum
418 1460 501 1504 est,
526 1460 576 1493 vt
598 1454 691 1493 iam
712 1465 806 1493 non
828 1464 975 1504 parua
991 1452 1298 1504 pecuniarum
1320 1462 1503 1491 summa
1524 1450 1731 1490 indicata
1755 1450 1815 1490 sit

182 1526 227 1565 in
246 1537 476 1577 pauperes
494 1524 750 1575 eroganda,
771 1530 851 1564 aut
867 1524 955 1575 piis
977 1523 1195 1575 operibus
1210 1522 1501 1572 insumenda,
1523 1533 1640 1573 quae
1658 1522 1814 1561 hacte-

182 1608 269 1637 nus
290 1597 540 1636 latuerant.
564 1596 612 1635 In
635 1595 724 1635 hoc
748 1595 994 1636 concilium
1023 1599 1129 1633 sunt
1156 1604 1241 1633 sex
1262 1593 1411 1643 electi;
1435 1593 1481 1633 hi
1509 1598 1678 1633 octauo
1707 1604 1817 1644 quo-

182 1680 269 1720 que
291 1668 380 1717 die,
404 1668 541 1719 idque
563 1668 609 1707 in
632 1673 793 1708 nostro
815 1667 1029 1717 collegio,
1060 1667 1314 1708 conuenire
1342 1666 1479 1706 simul
1507 1666 1671 1706 solent.
1701 1663 1817 1705 Sunt

183 1747 339 1779 autem
362 1738 453 1778 duo
481 1739 701 1789 theologi,
735 1749 932 1790 quorum
953 1740 1071 1779 alter
1092 1746 1161 1779 est
1177 1738 1301 1779 R.dus
1330 1737 1379 1777 P.
1409 1736 1727 1788 Praepositus,
1757 1737 1817 1775 al-

182 1817 254 1851 ter
276 1822 388 1850 uero
425 1810 750 1850 dominicanus
772 1809 974 1861 quidam,
1015 1810 1211 1850 celebris
1245 1810 1293 1849 in
1327 1810 1416 1849 hac
1453 1810 1566 1848 vrbe
1601 1807 1816 1856 nominis,

181 1893 303 1921 Vnus
324 1893 383 1921 ex
404 1881 636 1920 iudicibus
654 1891 856 1931 magnae
878 1881 1053 1930 curiae;
1078 1881 1168 1921 duo
1190 1880 1531 1929 Messanenses,
1556 1881 1674 1918 alter
1693 1878 1820 1919 nobi-

181 1952 236 1992 lis
254 1959 297 1992 et
318 1953 439 1992 inter
457 1952 646 2003 primos,
674 1952 790 1991 alter
811 1952 928 1992 ciuis
949 1952 1050 2003 ipsa
1072 1952 1214 1992 etiam
1237 1957 1389 1991 aetate
1410 1950 1722 1999 uenerandus;
1748 1956 1818 1989 est

181 2030 343 2064 sextus
364 2035 422 2063 ex
442 2023 498 2062 iis
516 2034 650 2071 vnus,
676 2023 754 2074 qui
774 2022 892 2073 Regi
914 2029 1020 2063 sunt
1043 2035 1070 2063 a
1097 2023 1306 2063 secretis.
1337 2021 1427 2073 Qui
1449 2033 1610 2061 omnes
1637 2020 1817 2061 decimo

181 2095 342 2146 quinto
364 2105 550 2146 quoque
578 2093 651 2133 die
680 2093 887 2133 referunt
919 2093 977 2134 ad
1007 2094 1262 2145 Proregem
1289 2093 1398 2145 quid
1428 2092 1723 2133 decreuerint
1752 2091 1815 2131 fa-

181 2165 396 2205 ciendum
432 2164 630 2205 Accedit
653 2165 795 2204 etiam
815 2165 941 2213 illud,
966 2165 1089 2216 quod
1111 2171 1180 2205 est
1201 2165 1258 2204 ab
1287 2164 1451 2204 eodem
1486 2163 1691 2213 Prorege
1719 2162 1816 2203 dili-

181 2242 347 2287 genter
374 2241 601 2284 curatum,
642 2241 690 2274 vt
726 2235 772 2275 in
797 2236 1011 2275 omnibus
1041 2236 1177 2276 huius
1214 2235 1393 2275 insulae
1421 2234 1689 2274 ciuitatibus
1723 2233 1815 2274 duo

182 2307 481 2358 eligerentur,
509 2307 626 2346 alter
654 2306 785 2356 ciuis,
818 2307 936 2346 alter
971 2306 1334 2356 ecclesiasticus,
1368 2312 1564 2356 Vterque
1590 2305 1708 2356 pius,
1738 2305 1817 2356 qui

182 2378 380 2429 singulis
402 2378 662 2429 quibusque
684 2377 933 2427 mensibus,
957 2388 1039 2428 per
1074 2377 1248 2427 literas,
1286 2377 1422 2416 huius
1457 2376 1612 2427 operis
1638 2376 1816 2428 praefe-

181 2449 269 2489 ctis
313 2448 577 2500 significent
608 2449 762 2488 sintne
796 2449 976 2500 aliqua,
1014 2448 1180 2499 quibus
1219 2439 1400 2488 consuli
1431 2453 1660 2498 oporteat.
1697 2445 1817 2489 Cum

125 2556 127 2558 ,
181 2519 360 2560 Prorex
396 2520 604 2559 animum
640 2530 826 2570 semper
861 2530 975 2570 erga
1008 2525 1223 2559 nostrum
1258 2518 1506 2569 collegium
1539 2518 1817 2560 beneuolum

181 2590 451 2641 ostenderit,
492 2590 986 2630 beneuolentissimum
1020 2597 1146 2630 certe
1182 2590 1228 2630 in
1262 2590 1351 2629 hoc
1387 2589 1632 2630 charitatis
1667 2589 1816 2630 officio

181 2661 461 2712 declarauit,
496 2673 589 2701 non
624 2662 774 2701 solum
809 2661 933 2712 quod
967 2661 1066 2701 eius
1100 2661 1271 2701 bonam
1309 2666 1491 2712 partem
1532 2661 1818 2701 commiserit

181 2732 235 2772 R.
273 2732 321 2772 P.
365 2731 655 2783 Praeposito,
698 2737 742 2771 et
783 2732 907 2783 quod
941 2743 1037 2783 eos,
1080 2732 1158 2783 qui
1192 2732 1299 2772 huic
1339 2732 1467 2783 operi
1506 2737 1744 2783 praesunt,
1769 2732 1818 2773 in

179 2809 397 2844 nostrum
419 2803 667 2853 collegium
689 2803 941 2843 conuenire
972 2803 1187 2854 voluerit,
1224 2814 1387 2843 uerum
1422 2803 1561 2843 etiam
1595 2803 1719 2855 quod
1742 2803 1817 2844 de-

182 2875 303 2914 cimo
345 2873 505 2925 quinto
546 2873 632 2922 die,
675 2885 733 2913 ex
771 2885 861 2925 quo
901 2881 1001 2914 erat
1035 2874 1125 2914 hoc
1164 2874 1425 2914 institutum
1455 2874 1731 2925 Concilium,
1769 2874 1817 2915 in

181 2950 400 2985 nostrum
419 2944 665 2995 collegium
687 2956 791 2985 cum
812 2956 895 2985 sex
917 2945 1020 2995 illis,
1044 2957 1162 2997 quos
1182 2945 1289 2986 huic
1312 2945 1571 2986 destinatos
1598 2946 1728 2997 operi
1754 2946 1817 2985 di-
