2047 3179
866 173 898 209 A
911 183 948 209 N.
985 172 1076 209 1555
1719 172 1788 209 449

148 273 325 322 dicam,
349 270 466 311 adeo
489 270 634 311 creuit
662 269 750 309 hoc
772 280 894 309 anno
928 267 1247 308 confitentium
1281 279 1518 317 numerus,
1546 275 1594 308 ut
1627 268 1786 319 depre-

155 343 422 383 hendantur
441 342 597 393 plures
619 339 975 392 quadringentis
1003 350 1087 378 sua
1108 344 1303 390 peccata
1333 338 1678 389 manifestasse,
1711 339 1787 390 qui

160 413 262 453 aliis
284 413 418 452 annis
438 411 640 452 confessi
661 422 754 451 non
775 409 974 450 fuerant.
1012 408 1100 448 Die
1128 408 1333 460 quadam
1364 408 1600 448 dominica
1633 421 1786 449 acces—

160 489 320 524 serunt
343 484 401 523 ad
431 482 777 523 Eucharistiam
800 479 914 530 1500,
940 491 1046 520 curn
1068 486 1225 519 tamen
1248 479 1469 531 oppidum
1491 479 1583 519 hoc
1615 480 1674 519 sit
1698 481 1789 519 exi-

167 565 327 606 guum:
352 552 474 605 quod
497 553 534 592 si
555 552 782 601 omnibus,
807 551 884 602 qui
905 550 964 590 ad
994 561 1079 590 nos
1113 550 1306 590 ueniunt
1341 550 1615 600 confessuri,
1647 551 1789 601 possi-

160 636 262 665 mus
284 623 572 674 satisfacere,
596 623 772 663 nullum
792 621 1007 661 existimo
1030 621 1143 671 fore,
1168 621 1246 672 qui
1274 621 1364 660 alio
1390 621 1436 660 in
1465 621 1570 660 loco
1606 621 1791 661 confite-

159 701 301 735 retur:
336 706 389 734 ea
413 694 630 746 opinione
657 705 755 744 nos,
787 692 1005 742 indignos
1026 691 1234 731 cuiusuis
1257 691 1463 740 honoris,
1489 692 1692 743 populus
1716 692 1792 732 hic

160 765 473 817 prosequitur3
505 770 548 804 et
577 765 655 816 qui
688 769 827 804 antea
859 763 1008 803 nostri
1035 774 1201 814 parum
1236 763 1530 802 habebantur
1567 762 1787 813 studiosi,

160 847 298 885 nunc,
322 835 424 875 uice
446 840 639 884 mutata,
663 833 992 874 studiosissimi
1015 833 1333 884 perhibentur.

242 905 334 946 Diu
361 907 647 956 multumque
674 904 1002 945 studueramus
1031 904 1303 944 iuramentis
1339 904 1516 944 crebris
1550 904 1792 954 obsistere,

161 988 272 1017 nam
298 977 386 1017 hoc
415 976 463 1016 in
496 987 642 1027 regno
673 976 837 1016 uitium
865 975 969 1025 hoc,
1003 975 1042 1015 si
1071 974 1194 1025 quod
1229 975 1368 1025 aliud,
1407 975 1536 1026 uiget
1574 976 1792 1015 maxime.

162 1047 373 1089 Gandiae
395 1047 604 1087 sancitae
626 1046 856 1098 quaedam
876 1047 1005 1097 leges
1022 1052 1142 1096 sunt,
1162 1046 1288 1086 omni
1307 1047 1477 1097 populo
1502 1048 1793 1087 consentien-

162 1126 221 1168 te,
245 1118 410 1170 quibus
432 1129 525 1168 eos
551 1119 629 1169 qui
650 1105 872 1167 iurarent,
896 1129 989 1157 non
1010 1117 1102 1157 alia
1119 1128 1269 1168 poena
1291 1117 1562 1168 plectendos
1583 1129 1685 1157 esse
1702 1123 1790 1157 sta-

163 1190 356 1230 tuebant
377 1189 467 1229 nisi
489 1189 626 1240 quod,
646 1189 803 1228 statim
825 1195 962 1240 atque
980 1188 1227 1237 iurassent,
1247 1199 1487 1228 nummum
1508 1188 1792 1239 pauperibus

129 1303 132 1306 ,
162 1260 453 1312 erogandum
474 1261 810 1311 persoluerent.
835 1259 1110 1300 statuebant
1137 1259 1278 1299 etiam
1299 1266 1348 1298 ut
1376 1260 1453 1310 qui
1482 1260 1654 1299 vellent
1686 1260 1794 1300 huic

164 1330 539 1371 confraternitati
561 1331 640 1381 (ita
662 1331 874 1381 uocatur)
899 1330 1105 1381 adiungi,
1130 1336 1180 1370 ut
1199 1342 1306 1370 cum
1336 1330 1538 1381 primum
1561 1331 1709 1370 alium
1730 1331 1794 1370 iu-

164 1414 294 1442 rasse
315 1402 654 1453 conspicerent,
679 1413 785 1442 eum
814 1402 1118 1442 admonerent
1145 1413 1202 1441 ne
1230 1401 1421 1441 iuraret.
1447 1400 1581 1452 Quod
1609 1402 1648 1441 si
1682 1413 1795 1453 prae

163 1480 439 1525 paupertate
461 1484 700 1513 nummum
721 1474 989 1524 persoluere
1012 1484 1104 1512 non
1120 1478 1325 1524 possent,
1346 1479 1426 1512 aut
1450 1480 1575 1513 certe
1601 1474 1792 1524 nollent,

166 1555 355 1584 crucem
384 1544 431 1583 in
458 1550 585 1583 terra
621 1544 854 1595 depictam
881 1543 1282 1583 deoscularentur.
1320 1543 1491 1583 Mirum
1521 1550 1591 1583 est
1620 1550 1795 1595 quanta

163 1614 339 1654 laetitia
360 1615 446 1654 hae
469 1614 709 1654 cautiones
730 1613 901 1654 fuerint
923 1621 1164 1665 acceptae:
1197 1614 1365 1654 mirum
1387 1626 1528 1666 quam
1548 1614 1796 1665 diligenter

164 1685 455 1725 obse'ruatae:
482 1685 560 1724 uix
583 1696 702 1725 Vnus
723 1685 908 1735 iurauit,
934 1697 1040 1725 curn
1061 1691 1167 1725 ante
1193 1696 1243 1724 se
1264 1691 1359 1725 tres
1381 1692 1461 1725 aut
1489 1692 1692 1736 quatuor
1715 1686 1791 1726 ha-

164 1757 254 1807 bet,
279 1756 356 1808 qui
378 1767 482 1796 eum
504 1762 774 1796 reuerenter
795 1761 1017 1796 accusent
1039 1762 1082 1796 et
1104 1756 1273 1796 blande
1295 1756 1555 1807 corrigant.

245 1827 387 1868 Venit
418 1827 652 1868 Gandiam
679 1827 958 1868 Valentinus
987 1827 1262 1879 Episcopus,
1295 1828 1373 1878 qui
1405 1827 1663 1878 Segrianus
1689 1828 1797 1869 dici-

167 1905 256 1949 tur,
281 1906 330 1938 ut
353 1898 634 1938 christianos
657 1910 805 1938 nouos
827 1898 910 1949 (sic
931 1899 1101 1949 uulgus
1124 1897 1415 1938 Sarracenos
1438 1910 1586 1950 nuper
1608 1910 1796 1939 conuer-

167 1981 245 2010 sos
266 1970 483 2021 appellat)
508 1969 749 2020 inuiseret,
787 1975 831 2009 et
866 1980 945 2010 eos
973 1969 1020 2009 in
1047 1969 1187 2010 rebus
1220 1969 1390 2009 diuinis
1418 1969 1649 2010 erudiret:
1683 1970 1799 2010 adeo

168 2041 290 2081 enim
312 2040 519 2080 infideles
542 2040 667 2080 omni
687 2041 858 2091 populo
876 2040 1105 2080 habentur
1127 2052 1183 2080 ac
1203 2040 1243 2080 si
1265 2040 1311 2080 in
1341 2040 1493 2080 medio
1518 2039 1798 2081 Sarraceno-

168 2123 270 2151 rum
290 2111 570 2151 habitarent.
590 2110 706 2151 Cum
723 2111 801 2150 diu
818 2111 1079 2151 dubitatum
1096 2117 1219 2151 esset
1237 2111 1294 2150 ab
1314 2110 1549 2162 Episcopo
1567 2112 1800 2162 quomodo

168 2189 329 2233 posset
351 2183 549 2222 istorum
569 2181 809 2221 hominum
828 2182 1117 2233 pertinaciae
1140 2181 1333 2232 mederi,
1360 2181 1480 2221 inter
1502 2182 1593 2222 alla
1622 2182 1667 2222 id
1687 2182 1800 2223 iudi-

170 2253 296 2293 cauit
316 2253 610 2304 potissimum
627 2253 897 2303 remedium,
916 2258 966 2292 vt
982 2253 1147 2293 Patres
1164 2259 1353 2293 nostrae
1371 2251 1619 2293 Societatis
1640 2265 1803 2294 eorum

174 2324 388 2364 strictam
409 2335 572 2363 curam
599 2329 890 2363 assumerent
920 2330 964 2364 et
994 2324 1059 2363 eis
1090 2324 1359 2375 frequenter
1390 2324 1801 2376 concionarentur,

175 2407 229 2435 ac
264 2395 330 2435 sic
365 2406 526 2434 eorum
560 2395 778 2434 duritiem
806 2394 1019 2434 lenirent.
1057 2394 1218 2446 Itaque
1250 2395 1339 2434 hoc
1369 2395 1553 2445 magnis
1591 2396 1805 2446 precibus

173 2467 445 2517 Episcopus,
488 2478 571 2506 suo
611 2472 655 2506 et
695 2465 1054 2517 Archiepiscopi
1091 2466 1292 2516 nomine,
1335 2467 1614 2517 postulavit,
1657 2473 1702 2507 et
1742 2467 1805 2507 ita

174 2542 342 2576 octauo
364 2548 546 2588 quoque
564 2537 636 2576 die
658 2537 911 2577 conciones
933 2537 979 2576 in
1001 2537 1123 2576 hunc
1146 2548 1283 2577 usum
1304 2537 1549 2578 habentur.

256 2607 450 2657 Deniae‚
475 2608 597 2658 quod
619 2607 842 2659 oppidum
868 2613 938 2647 est
965 2607 1178 2648 Gandiae
1206 2608 1487 2659 proximum,
1518 2609 1609 2649 duo
1645 2609 1808 2649 Patres

176 2678 446 2718 concionati
473 2684 594 2728 sunt,
627 2689 825 2729 quorum
854 2678 971 2718 alter
1002 2689 1171 2729 pueros
1199 2678 1464 2719 doctrinam
1498 2670 1810 2720 christianam

176 2749 350 2798 docuit,
375 2754 419 2788 et
450 2755 498 2789 ut
529 2749 616 2789 hoc
646 2748 905 2789 efficeretur
926 2749 1091 2789 deinde
1113 2749 1390 2790 exercitium
1413 2750 1551 2801 quod,
1575 2756 1811 2801 perstaret

177 2831 259 2871 per
281 2820 452 2859 multos
473 2819 587 2871 dies,
612 2825 860 2860 suaserunt
880 2821 1051 2872 populo
1073 2825 1117 2860 et
1138 2820 1364 2871 patribus,
1387 2832 1503 2872 quos
1524 2821 1703 2861 iuratos
1732 2833 1812 2862 no·

178 2891 373 2940 minant,
395 2895 445 2930 ut
466 2889 700 2930 hominem
724 2890 782 2930 ad
803 2890 891 2931 hoc
912 2902 1080 2931 munus
1106 2878 1384 2932 'obeundum
1416 2891 1716 2932 commodum
1736 2893 1811 2933 eli-

176 2966 357 3012 gerent,
381 2961 503 3012 quod
525 2962 613 3012 ipsi
633 2961 936 3002 libentissime
953 2961 1179 3013 fecerunt,
1205 2974 1311 3002 cum
1332 2962 1646 3013 intelligerent
1670 2964 1814 3003 mani-

371 3035 424 3072 T.
446 3047 498 3072 m.
1583 3050 1627 3083 29
