2047 3179
256 143 329 182 380
774 144 1001 181 LITTERAE
1020 153 1383 186 QUADRIMESTRES

938 594 1241 648 CCCLXX

335 824 576 860 Marcellus
604 823 671 870 (de
691 822 908 870 Salazar?)

385 889 506 926 Patri
523 888 694 936 Ignatio
715 887 768 926 de
787 888 972 936 Loyola.

429 954 613 1002 Hispali,
633 954 680 991 23
699 954 868 1002 Aprilis
891 954 983 993 1555
1003 955 1028 991 ¹.

1032 1121 1132 1190 isis

345 1310 512 1352 Gratia
533 1316 578 1351 et
600 1323 693 1363 pax
714 1311 907 1351 Domini
927 1311 1077 1351 nostri
1110 1310 1222 1363 Jesu
1250 1311 1323 1352 X.i
1355 1311 1415 1352 sit
1436 1323 1621 1363 semper
1642 1311 1904 1351 nobiscum,

265 1383 432 1423 Amen.

343 1453 551 1495 Feruens
575 1466 722 1506 amor,
747 1467 836 1507 quo
867 1456 925 1496 ab
959 1456 1047 1495 isto
1069 1455 1269 1506 collegio
1296 1455 1457 1495 literas
1479 1455 1738 1506 recipiendi
1776 1460 1901 1495 tene-

265 1537 383 1576 mur,
407 1532 477 1566 est
498 1526 545 1566 in
568 1538 712 1566 causa
742 1526 869 1578 quod
896 1538 1002 1567 sero
1031 1527 1090 1567 ad
1123 1538 1210 1567 nos
1237 1527 1408 1567 deferri
1430 1538 1614 1579 semper
1634 1526 1900 1566 videantur.

262 1596 535 1638 Laudamus
556 1604 713 1638 tamen
736 1598 1005 1650 Dominum,
1028 1610 1187 1639 rerum
1214 1598 1481 1639 futurarum
1502 1597 1904 1650 opportunitatem

264 1675 586 1720 expectantes,
611 1682 717 1710 cum
739 1671 1058 1722 praesentium
1078 1682 1261 1710 moram
1282 1669 1541 1710 videamus.

344 1741 577 1782 Vndecim
598 1748 678 1782 aut
699 1741 960 1791 duodecim,
990 1753 1107 1794 quos
1128 1742 1351 1794 Hispalis,
1388 1742 1541 1794 gloria
1576 1742 1694 1792 Deo,
1732 1741 1907 1781 incolu-

265 1824 363 1852 mes
380 1813 534 1864 habet,
555 1813 818 1865 spiritualia
835 1825 1045 1864 munera,
1067 1825 1150 1865 per
1165 1813 1331 1854 Patres
1347 1819 1536 1854 nostros
1553 1813 1786 1864 incoepta,
1801 1824 1905 1864 pro-

264 1885 450 1936 sequuti
472 1896 648 1925 sumus.
673 1884 844 1936 Ingens
865 1886 1065 1937 populus
1095 1885 1156 1925 ad
1176 1885 1504 1937 percipiendas
1533 1885 1777 1925 contiones
1800 1895 1907 1923 con-

265 1956 393 1996 uenit
423 1956 540 1997 adeo
565 1963 615 1997 ut
645 1968 764 2009 opus
785 1958 844 1997 sit
873 1957 1045 2008 multis,
1070 1958 1147 2009 qui
1168 1958 1325 1997 locum
1357 1955 1655 1997 commodum
1679 1955 1906 1996 auditioni

265 2039 437 2079 parare
459 2028 547 2068 sibi
576 2029 753 2079 volunt,
780 2034 888 2068 ante
910 2029 1062 2069 lucem
1090 2040 1184 2068 vna
1205 2035 1285 2069 aut
1306 2028 1515 2080 pluribus
1538 2027 1667 2067 horis
1689 2038 1898 2078 surgere,

265 2100 402 2140 aliter
437 2100 657 2140 carituris
693 2100 825 2151 sede,
863 2100 987 2141 vnde
1024 2099 1208 2152 placide
1239 2099 1402 2140 audire
1437 2099 1632 2151 possint:
1671 2098 1805 2139 cuius
1839 2099 1908 2138 rei

265 2171 422 2222 gratia
438 2182 586 2223 nuper
607 2172 807 2222 contigit
829 2178 891 2221 ut,
918 2183 1024 2212 curn
1042 2171 1199 2223 januis
1220 2171 1527 2211 ecclesiarum
1550 2171 1793 2221 ingressus
1815 2181 1908 2209 non

266 2248 465 2293 pateret,
489 2255 573 2294 per
595 2243 800 2283 culmina
823 2243 1090 2283 vicinorum
1115 2242 1378 2294 aperiretur
1400 2242 1554 2282 aditus
1585 2247 1630 2281 et
1657 2240 1908 2281 sacerdoti—

265 2314 351 2355 bus
373 2321 418 2355 et
440 2314 543 2354 aliis
563 2315 723 2366 probis
746 2314 875 2365 viris;
899 2313 1157 2354 funduntur
1186 2314 1459 2364 lachrimae,
1491 2313 1614 2365 quod
1648 2312 1906 2353 nouitatem

264 2386 373 2426 huic
409 2386 589 2426 ciuitati
623 2398 707 2438 per
741 2398 790 2426 se
821 2385 943 2426 ferre
978 2385 1179 2436 videtur;
1217 2385 1340 2437 quod
1376 2385 1566 2425 auribus
1602 2383 1832 2435 accipitur
1862 2383 1909 2422 in

323 2537 334 2557 ¹
375 2536 627 2571 Autographae
644 2536 770 2571 duplici
798 2536 831 2563 in
847 2535 939 2569 folio,
956 2535 1065 2570 primo
1081 2543 1113 2562 n.
1137 2535 1200 2568 521,
1216 2535 1328 2562 altero
1350 2541 1414 2561 non
1430 2532 1701 2561 numerato.-1n
1716 2532 1757 2559 iis
1772 2536 1909 2559 tantum

267 2584 488 2619 subscriptio,
504 2585 677 2618 indignus
693 2586 725 2611 et
741 2583 1000 2619 inutilisfilz'us
1015 2584 1052 2610 in
1074 2583 1211 2610 Christo
1233 2583 1254 2616 †
1278 2581 1484 2614 Marcellus,
1497 2586 1549 2608 est
1564 2588 1667 2608 manu
1689 2580 1796 2615 ipsius
1817 2579 1903 2607 Mar—

268 2633 354 2665 celli;
371 2637 513 2660 caetera
528 2632 619 2660 illius
641 2636 730 2664 sunt,
753 2640 854 2667 quam
871 2634 981 2667 primo
1000 2633 1073 2659 loco
1095 2631 1338 2665 descripsimus
1361 2637 1478 2664 supra,
1500 2637 1579 2664 pag.
1609 2629 1672 2663 376,
1705 2632 1820 2656 annot.
1851 2629 1912 2654 1.—

268 2680 365 2708 Hunc
381 2684 496 2707 autem
521 2680 722 2708 Marcellum
747 2681 891 2708 fratrem
913 2687 987 2707 esse
1012 2679 1212 2706 Marcellum
1235 2679 1274 2706 de
1300 2678 1444 2706 Salazar
1458 2677 1675 2712 suspicamur
1690 2676 1835 2711 quidem,
1851 2676 1911 2702 sed

267 2727 441 2755 affirmare
458 2731 553 2755 certo
569 2735 635 2754 non
650 2728 825 2755 audemus.
842 2727 986 2755 Salazar
1001 2728 1091 2755 enim
1105 2735 1170 2755 non
1186 2726 1320 2761 Hispali
1334 2726 1393 2753 sed
1410 2725 1589 2753 Cordubae
1604 2732 1692 2752 anno
1706 2724 1912 2758 praeceden-

267 2777 291 2804 ti
308 2776 530 2810 versabatur;
546 2776 705 2810 quamvis
720 2783 740 2803 a
756 2776 897 2803 docendi
912 2783 1052 2803 munere
1074 2776 1131 2809 ibi,
1147 2775 1347 2803 valetudine
1364 2781 1430 2801 non
1445 2775 1534 2801 bona
1549 2773 1742 2807 impeditus,
1758 2770 1909 2798 cessavit

267 2823 325 2858 (cs.
341 2830 459 2858 supra,
475 2831 557 2858 pag.
580 2823 639 2858 58).
655 2827 688 2850 et
704 2824 792 2851 sorte
808 2822 968 2851 Corduba
984 2823 1154 2858 Hispalim
1175 2824 1299 2850 missus
1314 2826 1378 2849 est.

319 2871 472 2898 Tandem
487 2871 637 2898 fatemur
653 2871 716 2899 has
731 2871 870 2898 litteras
884 2879 967 2898 vere
983 2878 1049 2898 non
1064 2878 1138 2898 esse
1161 2870 1225 2898 nisi
1240 2871 1385 2898 latinam
1405 2868 1687 2904 praecedentium
1704 2867 1908 2901 versionem,

267 2918 331 2945 etsi
347 2919 434 2946 satis
448 2919 605 2946 liberam:
623 2926 681 2945 eas
706 2923 821 2946 tamen
837 2919 891 2946 hic
904 2918 1067 2946 distincto
1083 2926 1222 2945 numero
1234 2922 1267 2945 et
1282 2919 1356 2945 loco
1371 2917 1604 2944 transcribere
1618 2923 1685 2942 non
1701 2914 1911 2948 dubitamus,

267 2966 349 3000 quia
365 2967 398 2993 in
413 2967 544 3001 paucis,
560 2967 641 2994 licet
656 2967 817 3000 minimis,
832 2967 1003 3001 differunt,
1021 2970 1053 2994 et
1070 2966 1112 2993 ab
1129 2966 1195 2993 alio
1210 2965 1427 3000 subscriptae
1443 2970 1535 2992 sunt.
