2047 3179
928 152 1011 186 AN.
1043 149 1134 185 1555
1771 150 1843 185 ‘2137

204 248 384 288 Indiam
400 255 469 289 est
487 247 649 298 iturus)
667 247 914 299 plurimum
934 245 1034 285 Deo
1052 245 1271 284 seruitus.
1289 244 1495 284 Relictus
1513 251 1581 284 est
1599 245 1840 285 ibiFrater

204 319 412 369 Ignatius
433 319 650 370 Vogado,
680 317 739 357 ad
769 329 906 369 quem
934 317 1068 357 multi
1097 316 1205 355 hinc
1228 315 1415 355 mittunt
1437 316 1759 365 eleemosynas
1781 316 1841 355 ad

204 390 500 432 redimendos
514 390 740 441 captiuos.
757 388 914 439 Nuper
929 387 1034 426 inde
1048 387 1172 426 misit
1189 385 1412 426 tredecim
1428 385 1670 435 foeminas,
1686 386 1732 424 in
1747 387 1841 436 qui-

204 464 291 503 bus
312 468 446 501 erant
467 461 663 511 puellae,
687 472 745 499 ex
767 458 934 510 quibus
957 470 1049 497 una
1079 463 1309 497 statuerat
1332 456 1430 496 fieri
1461 456 1679 495 hebraea:
1705 468 1842 507 quae-

205 534 328 581 dam,
347 531 572 582 grandior
590 537 716 580 natu,
738 531 912 581 aliquot
931 540 1080 568 annos
1099 528 1369 579 turpissimo
1389 527 1644 566 Mahometi
1664 525 1840 578 [cultui]

206 615 254 644 se
276 602 555 646 tradiderat,
579 606 954 650 notauerantque
976 599 1230 649 stigmatis,
1257 605 1305 638 vt
1334 598 1398 638 illi
1429 598 1558 648 genti
1580 609 1680 637 mos
1720 604 1788 637 est
1815 598 1837 636 ¹.

286 673 420 714 Nunc
443 679 752 724 expectantur
772 671 926 718 multi,
951 679 1202 721 propterea
1225 669 1348 721 quod
1371 668 1500 708 missi
1527 675 1633 708 sunt
1653 667 1760 707 3000
1788 665 1839 711 ff.

206 744 402 795 Scripsit
423 744 520 795 ipse
542 743 688 782 frater
708 754 757 782 se
780 741 950 781 habere
981 747 1205 792 perpetuo
1226 739 1292 789 40,
1315 739 1502 779 interim
1522 739 1574 778 45
1602 745 1845 790 aegrotos,

207 815 372 867 quibus
394 814 616 854 curandis
636 812 831 865 grandis
853 812 1051 863 pecunia
1076 811 1370 862 expenditur,
1394 822 1513 862 quae
1534 821 1593 849 ex
1613 809 1843 860 Hispania

209 898 235 926 a
256 886 346 937 piis
373 886 639 925 hominibus
670 884 882 924 mittitur.

290 955 497 1007 Captiui,
522 956 599 1006 qui
630 955 735 994 inde
759 954 975 1001 veniunt,
999 965 1092 992 non
1121 958 1307 992 cessant
1330 952 1430 992 eius
1460 953 1725 1003 exemplum
1755 952 1846 991 vir-

209 1027 321 1067 tutis
343 1026 587 1075 admirari,
612 1026 657 1065 in
680 1025 895 1065 omnibus
918 1024 1040 1064 enim
1064 1035 1112 1063 se
1134 1023 1327 1074 praebet
1349 1022 1531 1063 fidelem
1560 1023 1842 1062 ministrum.

210 1098 361 1138 Mauri
385 1097 579 1137 credunt
608 1097 734 1136 illum
763 1107 863 1135 esse
892 1101 1129 1144 sanctum,
1154 1094 1291 1145 idque
1320 1106 1459 1145 saepe
1481 1093 1663 1143 dicunt,
1689 1093 1848 1133 viden-

213 1175 283 1208 tes
314 1169 457 1208 animi
488 1167 869 1218 aequabilitatem
899 1166 1341 1217 perpessionemque
1373 1166 1419 1204 in
1453 1165 1657 1204 serendis
1688 1171 1845 1204 contu-

214 1240 363 1279 meliis
385 1239 528 1278 illatis
550 1250 575 1277 a
598 1237 767 1290 pueris.
794 1236 993 1288 Quidam
1014 1236 1150 1276 fidem
1178 1243 1453 1286 negauerat;
1477 1243 1654 1287 postea,
1680 1235 1853 1275 ductus

212 1310 520 1361 poenitentia,
546 1309 734 1360 scripsit
755 1308 813 1347 ad
836 1307 884 1347 P.
906 1308 1136 1361 Joannem
1167 1307 1423 1347 secundum
1443 1307 1596 1347 Deum
1628 1319 1721 1346 non
1742 1318 1844 1346 esse

214 1382 379 1430 alium,
404 1392 486 1432 per
509 1391 646 1431 quem
676 1386 833 1430 posset
864 1378 1048 1428 redimi,
1072 1378 1333 1428 deprecans
1354 1385 1404 1417 vt
1435 1377 1481 1417 id
1502 1378 1641 1418 vellet
1672 1377 1845 1417 facere:

214 1458 484 1502 susceptum
519 1457 588 1490 est
618 1450 879 1501 negotium:
909 1449 1180 1501 propediem
1215 1448 1380 1488 aderit.
1405 1448 1627 1499 Quidam,
1659 1449 1848 1488 nomine

209 1522 568 1562 Misericordiae
607 1521 619 1539 ²
660 1521 796 1567 huius
833 1521 986 1571 vrbis,
1032 1520 1298 1571 petiuerunt
1350 1520 1578 1571 proximis
1617 1519 1780 1559 diebus
1819 1531 1846 1559 a

210 1593 260 1634 P.
279 1594 460 1646 Joanne
480 1593 647 1643 Nonio,
667 1599 717 1632 vt
733 1593 873 1632 vellet
894 1603 974 1632 eos
1005 1591 1231 1643 captiuos,
1253 1592 1331 1643 qui
1359 1591 1405 1631 in
1422 1590 1560 1631 Salae
1583 1591 1816 1631 coloniam
1834 1589 1851 1609 ³

212 1665 402 1705 deducti
437 1670 566 1714 sunt,
601 1663 851 1714 redimere,
884 1663 1263 1714 quandoquidem
1299 1663 1356 1702 ob
1392 1674 1496 1702 eam
1531 1674 1630 1703 rem
1665 1663 1755 1702 huc
1790 1674 1851 1702 ex

211 1736 377 1776 Africa
398 1735 626 1785 venisset,
651 1734 817 1785 quibus
838 1745 943 1773 cum
964 1733 1284 1784 respondisset
1306 1745 1355 1773 se
1377 1733 1493 1773 nihil
1514 1745 1651 1785 posse
1672 1733 1848 1783 facere,

212 1807 301 1847 nisi
337 1806 460 1858 qued
492 1805 758 1857 superiores
793 1805 1099 1855 iudicassent,
1125 1805 1350 1856 alloquuti
1381 1811 1489 1845 sunt
1522 1804 1703 1855 Regem
1724 1810 1775 1844 vt
1804 1804 1851 1844 id

213 1890 319 1918 curn
340 1877 389 1918 P.
414 1876 593 1917 Mirone
622 1881 808 1926 ageret,
833 1876 956 1926 quod
978 1875 1164 1927 quidem
1184 1875 1314 1926 fecit;
1339 1888 1503 1916 verum
1524 1888 1617 1916 non
1644 1876 1759 1916 satis
1781 1882 1849 1915 est

212 1949 436 2001 temporis
458 1955 507 1987 vt
535 1947 681 1998 possit
703 1959 757 1987 eo
778 1958 1053 1997 excurrere,
1078 1952 1122 1987 et
1143 1947 1282 1987 simul
1304 1947 1363 1987 ad
1390 1947 1569 1987 Indiam
1599 1947 1851 1999 proficisci:

213 2019 401 2060 tandem
422 2018 661 2069 respondit
682 2017 771 2057 illis
793 2016 894 2057 Rex
914 2017 1040 2057 nullo
1062 2017 1201 2057 modo
1223 2017 1322 2057 fieri
1342 2029 1496 2069 posse.

292 2091 365 2131 Ab
387 2090 517 2131 India
545 2101 637 2128 non
668 2094 775 2127 sunt
796 2089 966 2128 allatae
988 2089 1236 2139 epistolae,
1261 2089 1370 2140 quia
1392 2089 1600 2129 nondum
1619 2094 1857 2128 Venerunt

213 2173 379 2211 naues,
414 2161 460 2201 in
495 2160 660 2211 quibus
694 2159 945 2198 vehuntur.
968 2159 1163 2210 Appulit
1193 2160 1450 2210 quaedam,
1474 2160 1596 2199 vnde
1632 2159 1853 2210 cognoui-

213 2244 317 2272 mus
351 2231 610 2272 discessum
642 2229 824 2269 felicem
858 2228 1050 2270 Patrum
1092 2228 1121 2280 4,
1162 2241 1247 2281 pro
1283 2230 1450 2280 quibus
1490 2230 1761 2270 sacerdotes
1796 2230 1853 2270 de

213 2315 342 2344 more
377 2302 661 2343 sacrificium
696 2300 929 2351 fecerunt,
970 2312 1256 2352 quamquam
1292 2302 1478 2341 illorum
1512 2313 1737 2342 excessus
1771 2313 1855 2341 va·

217 2375 283 2414 rie
309 2380 497 2414 nostros
532 2373 712 2412 animos
745 2372 974 2421 affecerit,
1005 2378 1198 2423 propter
1228 2372 1551 2423 operariorum
1581 2372 1850 2424 penuriam,

218 2445 420 2485 maxime
443 2445 488 2484 in
520 2444 607 2483 illis
634 2443 769 2483 locis:
794 2449 952 2482 tamen
980 2453 1155 2491 01111165,
1181 2441 1390 2482 diuinam
1411 2444 1703 2484 voluntatem
1731 2455 1859 2483 60111ι

273 2629 284 2649 ¹
324 2629 421 2656 Hanc
445 2628 628 2662 indigitare
651 2627 788 2654 videtur
812 2626 998 2659 Pomxcus,
1018 2626 1095 2652 dum
1120 2625 1250 2652 scribit:
1265 2626 1425 2659 puellam
1441 2629 1750 2662 quamdam,quae
1767 2629 1849 2663 jam

217 2677 317 2710 ferro
331 2678 366 2704 z'n
383 2677 492 2704 barba
516 2676 636 2702 notata
651 2674 779 2710 fuerat
801 2681 897 2701 more
922 2673 1115 2700 mulierum
1138 2679 1406 2700 saracenorum.
1424 2674 1559 2710 Clzron.J
1574 2679 1598 2704 t.
1623 2683 1669 2710 1v,
1685 2684 1768 2711 pag.
1793 2676 1863 2708 571,

219 2733 250 2752 n.
270 2725 338 2752 1525

272 2772 286 2790 “2
326 2772 475 2804 Scilicet,
492 2769 800 2803 confraternitatis,
817 2769 859 2796 de
874 2767 1125 2795 Misericordia
1139 2766 1264 2793 dictae.

274 2821 288 2840 5
325 2819 423 2851 Sala,
437 2819 491 2846 vel
509 2818 601 2849 Sale,
615 2817 696 2844 urbs
717 2820 767 2844 est
784 2820 817 2843 et
840 2819 960 2850 portus
977 2815 1019 2842 ad
1041 2812 1210 2841 Atlantici
1235 2820 1330 2842 oram
1351 2815 1384 2843 in
1407 2816 1549 2852 imperio
1564 2817 1759 2853 Maroeano,
1777 2820 1859 2847 olim.

220 2867 472 2896 mercatoribus
487 2869 521 2893 et
535 2864 658 2899 piratis
669 2864 839 2898 frequens,
852 2871 938 2891 nune
952 2863 1022 2890 fere
1035 2862 1202 2889 desertus.
1215 2859 1265 2888 De
1277 2861 1341 2890 hac
1355 2865 1570 2899 captivorum
1581 2866 1726 2901 colonia,
1740 2866 1860 2894 Salam

222 2915 379 2944 deducta,
398 2913 475 2940 vide
490 2920 606 2947 supra,
624 2916 647 2939 t.
663 2919 697 2945 1¹,
710 2919 789 2946 pag.
804 2911 866 2939 677.

276 2963 289 2983 4
326 2961 414 2988 Vide
432 2961 580 2988 PoLAxffl
598 2960 800 2992 Clzronz‘con,
828 2963 851 2987 t.
868 2967 914 2994 1x·,
930 2967 1008 2994 pag.
1024 2959 1086 2993 553,
1104 2967 1137 2986 n.
1157 2953 1236 2982 1203·
