2047 3179
239 150 309 187 002
751 153 978 192 LITTERAE
1005 166 1365 199 QUADRnuESTREs

242 248 405 288 suisset
428 255 652 299 erectum,
678 251 918 302 nobisque,
943 252 1021 303 qui
1045 252 1089 292 in
1114 264 1168 292 eo
1191 253 1334 302 suere,
1361 255 1493 304 plene
1516 256 1734 306 cogniti„
1754 255 1878 297 Inter

240 319 360 358 alios
380 320 640 360 uberrimos
663 321 858 369 fructus,
884 323 962 374 qui
984 335 1040 362 ex
1064 324 1152 363 hac
1179 335 1230 364 re
1259 324 1556 376 colliguntur,
1586 332 1747 378 utpote
1770 339 1877 379 pue-

242 401 321 429 ros
344 402 370 430 a
392 391 555 442 primis
576 393 711 432 annis
734 393 860 444 piam
883 393 1146 434 doctrinam
1169 394 1407 446 imbibere,
1438 396 1649 449 aliosque
1675 398 1880 439 maiores

239 468 367 512 natu,
406 474 526 513 quae
560 464 790 504 hactenus
824 464 1182 516 ignorauerant,
1220 465 1449 517 ediscere,
1492 473 1562 508 est
1601 468 1720 509 inter
1761 469 1879 509 alios

241 544 374 583 unus,
409 534 624 574 omnibus
650 534 838 586 quidem
865 541 1131 586 pergratus,
1167 537 1292 588 quod
1319 537 1594 579 inhonestae
1626 540 1879 581 canciones

239 615 402 644 omnes
429 605 520 645 iarn
551 617 748 657 prorsus
776 606 957 646 deletae
986 607 1093 657 sint,
1127 619 1326 659 quarum
1361 610 1480 660 loco,
1514 609 1772 651 christiana
1803 611 1879 651 do-

240 676 409 727 ctrina,
435 688 556 727 quae
579 677 712 716 suaui
734 677 938 728 quodam
960 677 1100 718 modo
1122 690 1177 719 ac
1198 679 1396 720 honesto
1419 681 1620 732 canitur,
1651 682 1709 722 sit
1740 683 1879 723 intro-

240 746 397 786 ducta.
421 747 517 787 Nec
541 749 690 787 solum
712 750 847 799 pueri
870 756 913 788 et
934 750 1116 800 puellae
1138 761 1220 801 per
1241 750 1371 790 uicos
1393 751 1657 792 doctrinam
1690 762 1878 802 canunt,

243 817 324 857 sed
348 819 489 858 etiam
511 819 556 869 ii,
582 820 674 870 qui,
702 820 856 859 solatii
876 820 1050 871 gratia,
1074 821 1195 861 inter
1215 821 1528 863 laborandum
1548 830 1741 864 cantare
1762 827 1878 865 sole-

241 889 367 939 bant,
407 890 671 930 doctrinam
707 891 1017 932 christianam
1051 892 1357 944 intercinunt,
1396 896 1524 934 velut
1560 895 1799 946 agricolae
1837 897 1879 936 in

240 961 369 1011 agris
395 960 420 1001 ¹:
450 973 542 1013 qua
572 973 621 1001 re
652 963 831 1002 iactum
860 969 930 1003 est
958 969 1007 1003 ut
1036 963 1082 1003 in
1114 964 1321 1016 aliquam
1351 965 1422 1005 sui
1452 966 1771 1017 cognitionem
1798 968 1873 1007 ad-

239 1031 382 1083 ducti,
408 1039 546 1072 antea
570 1034 757 1073 nomine
779 1035 930 1074 solum
962 1034 1247 1075 christianos
1274 1036 1418 1076 fuisse
1445 1036 1706 1078 fateantur:
1739 1040 1879 1090 patri-

241 1103 324 1142 bus
346 1103 502 1154 etiam,
528 1105 607 1155 qui
628 1103 745 1144 filios
767 1105 861 1145 iam
884 1105 1027 1157 probe
1050 1105 1216 1147 doctos
1233 1107 1421 1158 habent,
1439 1108 1774 1149 suauissimum
1790 1118 1877 1160 est,

246 1182 351 1225 post
374 1176 636 1226 prandium,
662 1177 736 1216 uel
758 1177 850 1217 alio
873 1178 1183 1218 recreationis
1204 1186 1429 1230 tempore,
1455 1185 1679 1220 canentes
1701 1191 1780 1220 eos
1805 1193 1881 1221 au-

242 1245 355 1286 dire:
380 1247 641 1298 adiungunt
666 1260 865 1300 quoque,
890 1249 1025 1299 quasi
1046 1248 1274 1300 ludentes,
1299 1249 1405 1290 filiis
1426 1251 1524 1290 suis
1545 1263 1718 1302 pueros
1747 1252 1878 1303 alios,

241 1317 536 1370 efficiuntque
558 1326 609 1359 vt
631 1330 751 1359 unus
774 1331 936 1360 eorum
957 1321 1239 1371 magistrum
1269 1328 1397 1372 agat,
1432 1322 1510 1362 alii
1539 1334 1654 1362 vero
1683 1323 1882 1375 discipu-

242 1390 324 1439 los,
351 1389 414 1429 ita
436 1396 484 1430 ut
506 1402 620 1440 rem,
646 1391 792 1430 ueluti
813 1390 862 1431 fit
884 1391 930 1431 in
951 1398 1115 1432 nostro
1138 1393 1352 1444 collegio,
1386 1400 1767 1446 repraesentent;
1795 1407 1882 1435 nec

242 1471 409 1510 parum
444 1472 529 1501 nec
564 1462 841 1502 immodeste
876 1462 1143 1513 gloriantur
1178 1475 1227 1504 se
1263 1463 1382 1504 filios
1417 1464 1464 1504 in
1500 1464 1588 1505 hac
1623 1477 1673 1505 re
1709 1466 1883 1517 peritos

238 1531 427 1572 habere.

317 1603 498 1655 Modus,
524 1605 601 1656 qui
624 1605 669 1644 in
693 1604 934 1645 edocenda
953 1605 1168 1646 doctrina
1186 1611 1419 1657 seruatur,
1442 1606 1482 1647 is
1499 1612 1584 1647 est:
1601 1607 1746 1648 frater
1763 1619 1883 1648 unus

242 1687 265 1714 e
286 1676 475 1726 nostris,
501 1688 583 1728 per
607 1676 742 1717 uicos
771 1677 1017 1727 incedens,
1052 1677 1413 1718 tintinnabulum
1441 1678 1615 1729 pulsat,
1648 1685 1697 1719 ut
1728 1680 1884 1730 pueris

242 1746 335 1786 iam
356 1758 460 1787 esse
490 1754 676 1800 tempus
707 1749 966 1789 accedendi
994 1749 1249 1800 significet:
1282 1756 1326 1789 et
1359 1761 1465 1790 cum
1491 1751 1691 1802 populus
1718 1751 1793 1791 hic
1826 1752 1884 1791 sit

240 1819 477 1869 paruulus,
502 1826 599 1860 tam
620 1820 844 1871 copiosus
865 1827 936 1860 est
958 1832 1183 1860 numerus
1205 1832 1469 1872 puerorum
1493 1821 1814 1873 ediscentium,
1839 1828 1887 1862 ut

241 1890 495 1942 aliquando
530 1891 904 1943 quadringentos
938 1891 1154 1932 excedat:
1193 1898 1384 1944 tamque
1420 1898 1579 1944 patres
1618 1892 1886 1934 desiderant

242 1961 307 2000 uti
328 1959 406 2001 filii
429 1962 501 2002 sui
522 1962 646 2003 hanc
669 1963 1031 2003 saluberrimam
1050 1963 1318 2003 doctrinam
1336 1963 1615 2015 percipiant,
1634 1971 1683 2005 ut
1699 1965 1789 2016 ipsi
1805 1977 1885 2005 eos

241 2033 313 2072 uel
334 2033 573 2074 adducant
595 2034 641 2073 in
664 2033 855 2074 domum
878 2040 1106 2085 nostram,
1136 2035 1211 2074 uel
1248 2034 1399 2086 fratri,
1431 2035 1510 2087 qui
1540 2035 1728 2086 signum
1754 2035 1883 2086 facit,

238 2104 551 2157 committant3
581 2105 718 2157 pueri
738 2111 897 2146 tamen
914 2106 1003 2157 ipsi
1021 2106 1085 2146 ita
1105 2106 1319 2146 doctrina
1337 2106 1642 2157 delectantur,
1662 2115 1711 2147 ut
1727 2107 1886 2148 audito

239 2176 377 2227 signo
400 2177 560 2218 statim
582 2183 853 2217 accurrant.
881 2176 1046 2217 Pueris
1068 2177 1259 2217 tandem
1290 2178 1337 2217 in
1365 2189 1507 2218 unum
1537 2179 1691 2219 locum
1717 2191 1888 2219 conuo-

238 2247 373 2298 catis,
395 2247 535 2288 Pater
557 2248 635 2299 qui
657 2260 737 2288 eos
759 2248 982 2298 instituit,
1004 2248 1196 2300 inquirit
1215 2255 1322 2288 ante
1340 2249 1497 2289 omnia
1514 2249 1761 2301 diligenter
1775 2262 1887 2290 num

242 2318 411 2370 aliquis
432 2331 592 2360 eorum
616 2319 757 2360 fuerit
788 2331 933 2360 ausus
955 2320 1128 2360 iurare:
1154 2321 1232 2372 qui
1262 2320 1301 2360 si
1329 2331 1466 2372 quem
1496 2321 1678 2361 iurasse
1705 2333 1885 2373 compe-

246 2390 320 2440 rit,
345 2402 450 2430 eum
470 2390 640 2431 blande
663 2391 876 2443 corrigit,
899 2402 955 2431 ac
978 2403 1035 2431 ne
1057 2391 1105 2431 in
1125 2391 1334 2432 futurum
1352 2392 1444 2431 tale
1466 2392 1577 2443 quid
1598 2393 1783 2444 audeat,
1809 2393 1886 2433 ad-

240 2469 411 2502 monet.
435 2461 614 2502 Diebus
636 2473 749 2503 uero
771 2463 903 2503 festis
934 2462 1117 2503 rosaria
1148 2463 1224 2502 uel
1244 2462 1388 2502 libelli
1416 2463 1482 2514 pii
1502 2463 1549 2503 in
1579 2464 1790 2515 praemia
1811 2465 1882 2515 iis,

242 2533 320 2584 qui
342 2533 446 2573 aliis
468 2534 792 2585 excelluerint,
815 2540 1161 2586 proponuntur,
1184 2545 1276 2585 quo
1297 2533 1451 2584 magis
1471 2545 1528 2574 ac
1549 2534 1702 2586 magis
1722 2546 1886 2586 puero-

245 2615 349 2644 rum
369 2604 514 2645 animi
535 2605 583 2645 in
605 2605 816 2646 discendi
845 2605 1129 2646 desiderium
1156 2603 1504 2645 accenduntur:
1535 2605 1791 2647 intermissi
1818 2613 1882 2647 ta-

241 2686 348 2715 men
365 2682 472 2716 sunt
488 2675 588 2717 dies
606 2676 766 2728 aliqui,
786 2682 1036 2728 propterea
1055 2675 1180 2728 quod
1197 2682 1396 2727 tempuS,
1414 2687 1528 2727 prae
1549 2676 1695 2717 nimio
1711 2677 1884 2728 calore,

244 2752 288 2786 et
309 2747 483 2788 nostris
504 2754 548 2788 et
570 2748 728 2799 pueris
749 2753 874 2788 esset
892 2748 1157 2788 molestum.

322 2817 412 2868 Qui
434 2819 782 2859 confessionem
806 2819 853 2859 in
873 2825 1038 2859 nostro
1061 2818 1262 2868 collegio
1285 2817 1583 2869 frequentant
1603 2824 1673 2859 tot
1691 2825 1814 2871 sunt,
1836 2827 1887 2861 ut

297 2978 303 2995 ¹
345 2978 456 3005 Voces
471 2979 535 3007 has
550 2980 647 3007 velut
663 2980 843 3013 agricolae
860 2981 897 3007 in
913 2981 1014 3013 agris
1028 2980 1099 3008 alia
1114 2980 1204 3008 inter
1220 2980 1330 3008 lineas
1346 2978 1489 3005 inseruit
1506 2985 1636 3006 manus.
