2047 3179
924 155 1008 192 AN.
1040 154 1131 191 1555
1768 154 1835 191 231

208 256 366 301 tatem,
390 251 512 292 idem
528 253 774 292 voluerunt
806 251 978 302 facere,
1014 262 1180 291 verum
1201 251 1328 291 deest
1358 250 1491 291 nobis
1513 252 1837 302 opportunitas

208 321 528 362 satisfaciendi
549 323 752 363 omnium
773 323 910 363 votis.

288 391 362 433 Ab
384 394 473 433 alio
495 395 777 434 monasterio
800 394 975 434 ordinis
997 394 1171 434 Christi
1193 393 1285 445 (ubi
1307 405 1400 434 non
1421 393 1469 433 fit
1490 393 1732 444 professiO,
1754 394 1833 432 sed

210 464 457 513 promissio
481 465 785 516 obedientiae,
808 465 1098 517 paupertatis
1120 471 1164 505 et
1191 465 1437 513 castitatis,
1465 464 1685 516 quamdiu
1713 464 1759 503 in
1780 476 1835 504 eo

210 534 395 585 uiuitur,
421 535 468 575 in
488 547 579 587 quo
600 542 707 576 sunt
728 537 899 576 multae
929 536 1121 586 nobiles,
1156 536 1322 587 quibus
1343 541 1530 587 praeest
1561 536 1838 586 consangui-

209 616 297 644 nea
318 606 460 656 regis,
486 618 619 647 soror
641 607 788 647 Ducis
808 606 972 647 Aueiri
1004 605 1029 657 ¹)
1052 608 1338 657 postulatum
1359 612 1428 647 est
1451 612 1499 646 vt
1521 606 1580 646 ad
1601 618 1650 646 se
1675 606 1836 646 iretur:

210 675 303 715 adii
340 688 395 716 eo
431 677 698 729 aliquoties:
740 690 833 718 non
867 690 1034 729 parum
1073 678 1331 729 profectum
1369 684 1439 718 est
1474 677 1561 718 Dei
1596 677 1836 718 beneficio.

210 745 265 785 R.
287 745 336 786 P.
360 746 513 788 Miron
533 749 799 801 frequenter
820 749 1077 789 accersitur
1100 761 1126 789 a
1147 749 1344 800 Regina,
1369 749 1448 789 Vbi
1467 760 1641 799 magna
1659 748 1708 788 fit
1735 761 1838 799 pro-

208 817 408 868 gressio,
434 819 551 859 adeo
574 826 621 860 ut
643 820 797 871 potius
818 820 981 871 religio
1010 820 1286 871 piorumque
1316 820 1577 870 Collegium
1604 819 1837 871 videatur,

210 898 350 938 quarn
367 890 513 939 regia.
530 889 618 930 Die
630 891 816 931 veneris
833 891 896 931 ibi
913 891 1117 942 explicat
1133 891 1182 931 Ρ.
1205 890 1444 931 Gonzalus
1455 890 1558 931 Vaz
1576 890 1840 931 doctrinam

210 958 530 1011 christianam,
562 973 652 1013 quo
680 962 753 1002 die
785 962 979 1014 aliisque
1013 962 1112 1013 ipse
1147 968 1192 1002 et
1226 962 1384 1002 socius
1419 961 1740 1002 confessiones
1763 973 1839 1002 au-

211 1029 355 1069 diunt.
379 1029 609 1081 Agendae
626 1039 732 1074 sunt
752 1033 963 1085 profecto
985 1033 1219 1073 maximae
1239 1033 1423 1084 gratiae
1450 1032 1567 1083 Deo,
1598 1032 1721 1084 quod
1743 1039 1842 1073 tam

211 1099 510 1142 admirabiles
531 1104 756 1145 virtutum
783 1116 967 1145 amores
995 1105 1181 1155 excitet,
1218 1105 1295 1145 ubi
1326 1104 1527 1144 mundus
1561 1110 1658 1144 tam
1679 1110 1842 1155 aperte

210 1178 391 1223 regnat.

289 1243 394 1284 Duo
416 1246 736 1287 catechumeni
756 1248 932 1288 tamdiu
953 1248 1076 1299 apud
1096 1260 1181 1288 nos
1202 1255 1308 1288 sunt
1330 1248 1560 1298 instructi,
1586 1247 1734 1288 donec
1761 1248 1838 1288 ba—

211 1315 371 1366 ptizati
391 1316 576 1368 fuerint,
601 1330 797 1369 quorum
814 1320 931 1359 alter
946 1319 1098 1360 fuerat
1118 1320 1328 1370 iudaeus;
1346 1320 1384 1359 is
1400 1325 1526 1360 terra
1543 1320 1671 1359 venit
1690 1331 1747 1359 ex
1770 1319 1839 1359 In-

208 1385 285 1426 dia
305 1399 449 1438 usque
467 1400 572 1429 curn
588 1389 821 1430 mandatis
838 1391 1028 1431 maximi
1045 1392 1283 1441 momenti,
1302 1403 1439 1442 quem
1455 1391 1589 1431 nobis
1605 1390 1706 1431 Rex
1719 1402 1841 1431 com-

213 1458 351 1508 misit3
376 1459 487 1510 ipse,
511 1461 590 1500 vbi
611 1461 726 1501 bene
749 1461 1002 1502 instructus
1022 1461 1121 1513 fuit,
1155 1474 1246 1513 quo
1268 1463 1341 1502 die
1376 1469 1477 1502 erat
1512 1461 1838 1513 baptizandus,

213 1530 462 1571 comitatus
483 1532 640 1571 multis
661 1533 891 1573 nobilibus
922 1539 965 1573 et
987 1533 1165 1574 Comite
1188 1534 1244 1574 de
1265 1533 1489 1574 Redondo
1516 1533 1545 1584 ²,
1580 1534 1713 1573 cuius
1734 1532 1747 1551 ⁵
1769 1539 1841 1573 est

213 1601 424 1651 patrinus
446 1602 512 1652 (Vt
532 1604 736 1655 vocant),
766 1604 875 1644 hinc
897 1605 1123 1645 deductus
1150 1612 1219 1646 est
1246 1617 1388 1646 causa
1411 1606 1602 1646 maioris
1625 1605 1838 1646 aedifica-

214 1672 368 1723 tionis,
395 1685 500 1713 cum
518 1674 627 1714 alibi
647 1675 892 1716 habitaret.
913 1676 1026 1716 Eius
1046 1677 1247 1716 matrina
1265 1684 1334 1717 est
1350 1688 1470 1717 uxor
1491 1675 1505 1695 4
1534 1677 1700 1728 Legati
1722 1677 1842 1728 regii

215 1743 274 1783 ad
294 1743 472 1784 Indiam
492 1745 692 1796 profecti
723 1744 751 1797 5;
784 1747 1087 1787 concionatus
1109 1754 1177 1788 est
1199 1748 1246 1788 in
1267 1748 1430 1788 eodem
1450 1749 1622 1800 templo
1644 1748 1692 1789 Ρ.
1717 1747 1838 1789 Gon-

212 1815 341 1855 Zalus
362 1815 479 1856 Vaz:
504 1817 767 1867 baptizatus
789 1817 847 1857 ad
867 1829 953 1858 nos
969 1819 1190 1859 reductus
1211 1825 1295 1869 est,
1320 1831 1437 1871 quae
1455 1831 1531 1860 res
1547 1831 1748 1871 magnae
1766 1831 1840 1860 ae-

213 1885 466 1926 dificationi
485 1887 570 1927 fuit
591 1888 638 1927 in
658 1889 858 1939 gloriam
874 1888 976 1929 Dei.
996 1888 1129 1929 Alter
1150 1890 1248 1930 afer
1266 1897 1356 1941 est;
1376 1891 1414 1930 is
1430 1890 1582 1931 fuerat
1604 1891 1840 1932 Mahume-

212 1963 365 2007 tanus,
389 1958 482 2008 qui,
506 1965 756 2010 postquam
782 1959 1036 2000 instructus
1058 1967 1146 2011 est,
1180 1961 1444 2012 baptizatus
1471 1968 1541 2002 est
1568 1973 1740 2013 magno
1775 1963 1841 2003 in·-

213 2034 395 2068 structu
417 2034 676 2080 ornatuque
698 2031 960 2072 comitatus:
985 2037 1179 2083 uterque
1202 2032 1325 2083 apud
1345 2044 1431 2072 nos
1453 2033 1711 2074 confitetur.

292 2099 439 2139 Extra
475 2100 663 2140 domum
697 2101 927 2142 interdum
960 2103 1192 2143 habentur
1225 2104 1477 2144 conciones
1512 2111 1557 2144 et
1578 2105 1843 2156 explicatur

212 2169 425 2210 doctrina
456 2171 726 2212 christiana.
764 2173 864 2223 Ego
893 2173 940 2213 in
975 2175 1178 2225 quadam
1210 2176 1430 2226 paroecia
1464 2175 1601 2215 huius
1634 2176 1843 2217 ciuitatis

214 2252 354 2292 saepe
374 2242 421 2281 in
442 2241 735 2282 hebdomada
757 2243 1062 2285 christianam
1084 2245 1348 2286 doctrinam
1377 2246 1609 2297 explicaui
1638 2254 1687 2287 vt
1717 2259 1840 2288 com-

212 2312 388 2362 plerem
409 2325 514 2353 eum
536 2325 794 2364 numerum,
819 2315 897 2366 qui
918 2315 1208 2356 obedientiae
1229 2317 1601 2369 professionique
1629 2318 1841 2369 debetur,

212 2383 346 2423 cuius
377 2383 454 2423 hic
487 2384 664 2435 primus
698 2384 783 2424 fuit
805 2397 955 2426 annus
989 2385 1026 2426 ⁰:
1064 2386 1389 2427 confluxerunt
1423 2388 1711 2439 benignitate
1752 2389 1844 2430 Dei

270 2590 279 2610 ¹
319 2590 437 2618 Sermo
453 2596 503 2618 est
518 2591 557 2618 de
575 2590 697 2618 Ordine
714 2591 855 2619 militari
871 2592 914 2619 de
931 2592 1067 2620 Christo
1079 2598 1283 2629 nuncupato,
1299 2595 1338 2621 de
1357 2603 1421 2630 quo
1437 2596 1515 2623 vide
1529 2596 1611 2624 Lmz
1627 2596 1788 2625 Cam-Ano
1799 2605 1846 2625 DE

212 2637 314 2671 an,
333 2638 555 2672 Geograplzz'a
571 2639 752 2671 historica,
767 2643 788 2667 t.
803 2646 824 2673 1,
841 2647 920 2674 pag.
934 2640 988 2667 530
1002 2644 1035 2667 et
1050 2649 1118 2675 seq.

266 2686 280 2704 *ἐ
315 2685 519 2713 Franciscus
536 2685 712 2719 Continho‚
727 2686 774 2713 ΙΙΙ
790 2686 910 2715 Comes
921 2688 963 2715 do
978 2688 1149 2717 Redondo.
1166 2690 1324 2717 Aususro
1337 2689 1467 2718 SoAREs
1480 2699 1522 2719 DE
1535 2693 1700 2720 AzEVEDo
1715 2693 1849 2721 BARBo-

212 2741 227 2759 s
241 2742 252 2760 x
268 2739 312 2760 DE
333 2733 440 2760 Pixno
457 2733 564 2768 Rmr,
581 2734 752 2767 Portugal
768 2735 888 2769 amigo
904 2744 920 2762 e
937 2737 1120 2769 modorum·
1134 2739 1239 2765 verbo
1262 2738 1440 2767 Redondo.

267 2780 281 2799 5
318 2781 469 2814 Rectius,
486 2785 521 2808 ut
537 2781 685 2813 videtur.
699 2782 760 2815 qni
772 2782 861 2816 ejus,
874 2783 958 2818 scih,
972 2784 1229 2817 catechumeni,
1244 2787 1305 2820 qui
1317 2786 1471 2819 judaeus
1483 2788 1628 2823 fuerat.

266 2827 280 2846 ⁴
317 2828 487 2855 Eleonora
503 2828 542 2855 de
557 2828 812 2856 Mascarenhas.

267 2874 280 2894 Γ·
319 2875 412 2902 Petri
427 2876 467 2902 de
482 2875 738 2903 Mascarenhas.

265 2922 279 2940 *ὅ
319 2922 568 2950 Professionem
583 2925 744 2951 emiserat
761 2924 796 2952 Ρ.
813 2925 1046 2953 Gundisalvus
1062 2927 1100 2954 de
1118 2927 1265 2955 Silveira
1282 2929 1333 2956 dic
1350 2930 1460 2964 prima
1482 2931 1640 2959 Octobris
1664 2939 1751 2959 anno
1771 2938 1850 2966 pro-

211 2969 302 2995 xime
319 2970 508 3002 praeterito
525 2969 602 2996 1553.
619 2969 706 2997 Vide
723 2970 871 2998 POLANC1
888 2971 1091 3005 Clztom'con,
1106 2978 1127 3000 t.
1145 2978 1325 3009 1v,pag.0,
1342 2983 1459 3004 annot.
1473 2977 1499 3005 3.
