2047 3179
894 159 976 195 AN.
1008 159 1098 195 1555
1742 162 1808 198 ‘241

176 258 352 297 :nistros
373 257 554 297 futuros
574 254 783 306 fidosque
806 261 1020 305 pastores
1039 256 1147 303 (non
1169 255 1248 305 qui
1269 266 1317 294 se
1341 255 1481 305 ipsos,
1507 256 1587 295 sed
1609 257 1684 307 qui
1709 269 1809 307 grc-

180 341 288 381 gem
308 329 395 368 sibi
417 328 719 368 commissum
741 326 953 376 pascant)
976 337 1235 377 speramus.

261 399 346 440 His
366 398 547 439 accedit
566 404 613 438 vt
630 402 910 448 praepotens
927 396 1158 448 quaedam
1175 397 1377 447 domina,
1398 397 1554 436 animo
1574 404 1700 437 certe
1718 410 1813 437 non

183 472 337 511 minus
357 481 589 521 generosa
612 479 751 520 quam
773 468 1017 518 sanguine,
1042 468 1175 507 cuius
1197 468 1338 507 annui
1361 468 1569 508 redditus
1591 474 1696 508 octo
1719 470 1814 508 mil-

185 543 246 582 lia
263 543 485 582 librarum
498 542 633 583 facile
646 543 854 589 vincunt,
870 551 988 591 quae
1008 545 1199 591 propter
1216 539 1319 578 lites
1337 539 1566 590 quasdam
1586 539 1633 578 in
1650 548 1813 579 senatu

185 613 428 664 parisiensi
453 615 539 654 sibi
561 615 763 654 intentas
784 613 874 652 huc
897 610 1112 661 accessit,
1138 610 1345 649 diuinam
1370 622 1479 650 vero
1502 622 1637 661 opem
1655 610 1701 650 in
1718 616 1815 650 tan-

186 684 246 723 tis
267 684 653 735 perplexitatibus
675 684 829 736 potius
857 694 996 733 quam
1018 682 1273 721 humanam
1302 681 1569 732 requirens,
1593 680 1819 721 Sanctum

188 753 477 794 Germanum
497 755 796 807 frequentare
818 752 984 804 coepit,
1011 758 1054 792 et
1076 752 1272 802 singulis
1290 751 1659 791 hebdomadibus
1676 754 1819 792 semel

187 830 326 876 atque
348 825 515 865 iterum
537 837 725 866 sacram
745 835 928 864 sumere
955 823 1195 875 synaxim,
1227 823 1442 873 quodque
1470 823 1641 863 mirum
1669 825 1820 873 magis

187 895 234 934 in
255 895 326 935 his
347 897 499 947 plagis
521 897 671 937 videri
689 901 858 948 posset,
880 895 980 935 sola
998 894 1070 934 sui
1091 905 1233 933 sexus
1250 894 1371 933 inter
1389 899 1457 933 tot
1479 894 1672 934 iuuenes
1689 895 1820 934 scho-

188 967 382 1006 lasticos
412 967 621 1019 aliosque
651 968 780 1008 viros
810 966 1035 1007 accedere
1065 976 1159 1005 non
1186 965 1507 1013 erubesceret,
1539 965 1639 1005 eius
1667 972 1822 1005 autem

180 1038 380 1088 coniux,
418 1039 578 1089 regiae
608 1038 866 1079 maiestatis
893 1036 1292 1088 consanguineus,
1322 1036 1591 1087 nuperrime
1626 1042 1824 1076 mortem

192 1109 317 1149 obiit.
343 1108 638 1161 Quapropter
661 1121 767 1149 cum
787 1119 960 1149 annum
981 1107 1423 1159 quinquagesimum
1443 1107 1715 1158 excesserit,
1738 1119 1825 1147 nec

190 1181 312 1220 vllos
324 1180 493 1220 habeat
509 1181 696 1231 liberos,
708 1185 1069 1232 quostantarum
1083 1190 1223 1230 opum
1232 1178 1459 1218 haeredes
1471 1179 1718 1230 relinquat,
1731 1191 1824 1219 ma-

194 1251 369 1291 ximam
390 1251 559 1291 harum
581 1257 761 1302 partem
782 1250 1064 1301 pauperibus
1087 1260 1309 1300 erogare,
1334 1255 1378 1289 et
1400 1250 1446 1289 in
1473 1250 1576 1301 pios
1606 1261 1721 1290 vsus
1747 1262 1824 1300 ap-

193 1323 369 1373 plicare
391 1323 569 1362 statuit.
593 1322 840 1362 Caeterum
861 1328 1032 1371 autem,
1056 1332 1163 1361 cum
1192 1322 1310 1361 inter
1339 1327 1527 1361 caetera
1558 1321 1825 1361 Institutum

194 1400 406 1433 nostrum
427 1393 630 1433 maxime
651 1393 837 1444 probet,
868 1392 1009 1432 aedes
1037 1392 1352 1443 amplissimas
1383 1392 1667 1443 octingentis
1696 1392 1827 1432 libris

195 1463 382 1504 dotatas
400 1476 505 1504 cum
523 1464 672 1504 hortis
689 1463 1029 1515 pulcherrimis,
1050 1474 1167 1514 quas
1189 1475 1215 1503 a
1236 1463 1408 1503 Tolosa
1427 1469 1533 1503 octo
1551 1464 1827 1504 milliaribus·

195 1535 384 1576 dissitas
414 1536 569 1584 habet,
600 1534 824 1575 Societati
852 1533 1130 1583 dicaturam,
1161 1534 1317 1586 ibique
1346 1535 1597 1586 collegium
1627 1547 1677 1575 se
1705 1536 1827 1575 exc-i-

196 1612 401 1646 taturam
422 1605 523 1646 R.d0
548 1605 678 1646 Patri
692 1611 853 1645 nostro
869 1605 1070 1645 Domino
1090 1604 1314 1645 Pascasio
1333 1606 1481 1654 (cuius
1499 1618 1641 1658 opera
1658 1613 1703 1646 et
1722 1618 1827 1646 con-

195 1677 299 1717 silio
320 1677 615 1729 potissimum
643 1677 790 1716 vtitur
819 1681 863 1716 et
891 1676 1079 1726 nititur)
1107 1676 1314 1728 pollicita
1341 1682 1425 1717 est.
1458 1677 1586 1717 Deus
1614 1676 1828 1729 Optimus

196 1748 321 1789 Max.
346 1748 447 1799 pios
469 1748 567 1787 eius
589 1747 784 1788 affectus
804 1746 965 1787 fouere
987 1754 1031 1787 et
1053 1758 1228 1798 augere
1249 1747 1466 1798 dignetur
1492 1747 1518 1788 ¹.

278 1818 412 1859 Adde
433 1825 678 1870 praeterea
699 1819 822 1870 quod
841 1818 1216 1870 frequentissime
1237 1819 1383 1859 variis
1406 1820 1452 1859 in
1473 1820 1657 1871 templis
1686 1820 1829 1860 totius

199 1891 342 1941 vrbis,
366 1890 507 1930 etiam
532 1890 578 1929 in
600 1890 896 1930 monasteriis
917 1890 1170 1941 virginum,
1190 1891 1237 1930 in
1258 1890 1502 1930 audiendis
1525 1891 1830 1932 confessioni-

198 1963 284 2002 bus
306 1972 607 2012 occupamur;
631 1973 717 2000 nec
739 1961 847 2012 iam,
871 1961 1085 2012 quamuis
1107 1962 1322 2001 omnibus
1342 1961 1440 2002 fere
1462 1963 1574 2012 noti,
1599 1968 1757 2003 tantas
1780 1970 1830 2004 vt

201 2033 329 2085 prius
347 2032 741 2072 contradictiones
759 2032 962 2083 patimur
978 2038 1058 2072 aut
1074 2033 1358 2084 repellimur,
1380 2033 1472 2072 imo
1491 2033 1714 2085 plerique,
1733 2035 1829 2086 qui-

200 2105 287 2144 bus
308 2110 446 2144 antea
468 2114 655 2143 eramus
675 2103 828 2153 inuisi,
852 2103 965 2153 iam,
996 2104 1288 2144 elucescente
1318 2104 1542 2155 veritate,
1572 2117 1658 2145 nos
1689 2105 1832 2145 admi-

201 2176 299 2216 rari
320 2174 562 2226 incipiunt,
588 2173 711 2225 quod
731 2185 824 2214 non
845 2180 1055 2214 nostram
1074 2175 1156 2215 sed
1178 2176 1327 2214 solum
1350 2175 1439 2215 Dei
1454 2176 1656 2226 gloriam
1677 2182 1721 2216 et
1737 2177 1831 2216 ani-

203 2258 387 2287 marum
407 2247 604 2286 salutem
625 2256 850 2296 quaerere
871 2245 1082 2296 videant,
1107 2257 1251 2297 quare
1274 2246 1351 2297 qui
1378 2247 1508 2297 prius
1529 2248 1649 2287 male
1677 2259 1833 2288 cense-

203 2318 330 2367 bant,
354 2317 676 2357 obmutescere
704 2323 949 2367 coguntur.
980 2315 1165 2357 Caeteri
1184 2328 1298 2356 vero
1329 2317 1533 2368 pectoris
1566 2318 1638 2358 sui
1659 2330 1834 2358 arcana

206 2388 395 2428 liberius
416 2387 549 2427 nobis
571 2387 864 2438 depromunt,
889 2393 933 2427 et
955 2388 1150 2427 consilia
1172 2393 1368 2439 accepta
1391 2394 1664 2439 sequuntur.

286 2458 407 2498 Hinc
428 2457 655 2510 proximis
677 2457 748 2497 his
769 2457 931 2497 diebus
959 2457 1136 2498 factum
1168 2465 1237 2497 est
1263 2466 1315 2498 Vt
1340 2458 1713 2511 Jurisconsultus
1743 2462 1837 2513 qui-

197 2529 316 2569 dam
336 2529 519 2579 nobiliS,
543 2534 739 2568 naturae
761 2528 894 2568 bonis
916 2540 971 2568 ac
991 2528 1207 2569 fortunae
1234 2529 1588 2581 celeberrimus,
1621 2537 1665 2572 et
1687 2532 1733 2572 in
1754 2544 1838 2572 sua

204 2600 640 2651 ,praestantissimus
671 2605 787 2649 arte,
824 2599 917 2650 qui,
951 2599 1125 2639 dudum
1156 2606 1356 2640 vexatus
1388 2602 1530 2641 certis
1561 2603 1837 2654 quibusdam

208 2671 566 2720 tentationibus,
592 2682 645 2709 eo
667 2669 887 2710 redactus
908 2676 1029 2720 erat,
1055 2677 1105 2710 vt
1126 2671 1274 2712 vitam
1302 2683 1408 2712 cum
1436 2681 1586 2713 morte
1607 2674 1745 2725 (prae
1775 2675 1838 2714 ni-

210 2742 303 2782 mia
324 2741 534 2791 tristitia)
558 2740 829 2792 saepissime
858 2747 1147 2781 commutare
1175 2748 1387 2793 cuperet,
1410 2755 1620 2796 peneque
1649 2756 1843 2785 exosam

268 2925 276 2944 ¹
316 2925 372 2952 An
383 2925 483 2958 hujus
494 2924 571 2958 piae
583 2923 747 2950 Dominae
761 2924 920 2952 voluntas
932 2924 1086 2952 effectum
1100 2926 1226 2953 sortita
1238 2926 1283 2953 sit
1294 2933 1400 2953 necne
1414 2926 1586 2955 affirmare
1598 2935 1665 2956 non
1677 2929 1835 2958 valemus

206 2972 358 2999 nondum
374 2972 462 2999 enim
478 2971 550 3005 ejus
564 2971 763 2998 memoriam
778 2971 868 3006 apud
879 2972 1062 3000 historicos
1078 2974 1278 3007 reperimus.

404 3031 454 3067 T.
474 3042 530 3068 ιιι.
1623 3035 1661 3071 ,6
