2047 3179
866 122 901 156 A
912 131 947 156 N.
981 121 1071 157 1554
1735 125 1782 161 53

149 222 237 268 que
258 221 391 266 patre
412 216 458 256 in
482 215 760 266 Castellam,
784 217 937 256 uisum
965 217 1122 268 utique
1143 224 1213 257 est
1241 218 1364 268 patri
1393 224 1552 258 nostro
1575 217 1781 259 Antonio

150 286 396 328 Cordubae
427 286 436 305 ¹
461 287 734 339 obsequium
761 286 863 327 Deo
894 287 1229 338 praestandum
1257 288 1377 338 fore,
1409 288 1447 328 si
1478 289 1523 328 in
1552 289 1785 335 aliquibus

146 354 285 398 huius
306 357 510 398 ciuitatis
531 358 715 409 templis
735 358 949 398 doctrina
966 359 1224 398 christiana
1243 358 1504 410 doceretur;
1529 371 1668 411 quam
1686 360 1781 411 qui-

151 427 256 468 dem
276 428 374 479 ipse
395 428 572 480 primus
594 429 639 468 in
661 429 859 469 ecclesia
882 429 1084 480 quadam
1115 430 1283 469 docere
1305 430 1576 481 auspicatus
1603 436 1692 481 est,
1727 442 1782 470 eo

151 498 395 539 dumtaxat
424 500 578 540 animo
606 506 656 539 ut
683 510 853 551 pueros
882 500 1162 540 necessariis
1190 500 1466 541 institueret.
1501 501 1785 541 Cancellatis

150 570 305 620 itaque
322 570 551 621 manibus,
572 571 816 622 capiteque
839 570 1037 620 detecto,
1062 571 1214 611 factus
1242 583 1355 622 puer
1378 583 1547 623 pueros
1568 572 1780 612 docebat.

149 639 221 680 Ex
241 640 366 680 omni
388 647 542 681 autem
564 652 735 692 genere
757 647 887 681 tanta
909 642 1148 682 hominum
1176 654 1232 681 ac
1253 643 1500 682 mulierum
1522 642 1783 694 frequentia

150 712 365 761 accessit,
388 718 439 752 vt
468 712 560 752 iam
584 724 664 752 eos
692 723 860 763 capere
881 713 1080 752 ecclesia
1102 714 1328 764 nequiret,
1357 714 1572 764 quamuis
1594 725 1783 754 sexcen-

149 787 303 822 torum
323 782 561 823 hominum
581 794 733 834 capax
754 789 891 822 esset.
917 783 1125 835 Cumque
1148 783 1288 824 Pater
1309 784 1466 824 animo
1488 785 1604 825 haec
1626 796 1786 825 secum

148 854 376 903 volueret,
400 860 673 906 tantumque
693 854 842 904 frugis
863 853 1042 894 uideret
1061 855 1118 894 ob
1143 856 1318 906 oculos,
1340 867 1595 907 persuasus
1617 867 1782 896 reuera

150 931 220 964 est
243 925 359 964 duos
379 924 497 964 alios
519 924 684 965 Patres
704 925 750 965 in
772 925 956 976 singula
977 927 1148 977 templa
1171 926 1370 977 mittere,
1395 927 1471 978 qui
1494 927 1784 967 tantumdem

150 995 438 1036 factitarent:
462 1008 519 1036 ex
541 1008 631 1048 quo
648 997 912 1037 vberrimus
928 996 1139 1048 profecto
1162 997 1341 1038 fructus
1363 998 1678 1050 subsequutus
1695 1004 1781 1047 est,

149 1073 400 1118 propterea
423 1068 546 1119 quod
567 1074 611 1108 et
631 1068 843 1108 homines
865 1074 909 1107 et
930 1068 1061 1119 pueri
1084 1069 1325 1109 doctrinae
1349 1069 1632 1109 christianae
1655 1070 1784 1120 igno-

149 1138 301 1178 rantia
331 1144 588 1189 scaterent,
619 1138 735 1179 adeo
764 1144 815 1179 vt
843 1138 1015 1179 Rector
1043 1139 1234 1179 alterius
1262 1139 1430 1180 harum
1457 1141 1782 1191 ecclesiarum,

150 1209 228 1261 qui
250 1210 494 1260 principio,
522 1210 665 1250 veluti
683 1210 939 1261 ignominia
962 1209 1170 1261 affectus,
1189 1211 1399 1260 grauiter
1421 1212 1707 1263 molesteque
1724 1212 1785 1251 fe-

153 1281 285 1320 rebat
303 1281 426 1331 quod
443 1281 589 1320 nostri
603 1282 823 1332 templum
837 1281 958 1321 illius
972 1281 1155 1321 adirent
1172 1282 1436 1322 doctrinam
1449 1283 1646 1333 docturi,
1662 1289 1784 1334 post—

149 1352 338 1392 modum
361 1352 495 1391 alteri
517 1352 701 1402 dixerit,
726 1352 986 1403 obnixeque
1008 1352 1224 1403 petiuerit
1244 1365 1302 1392 ne
1334 1353 1392 1393 ab
1426 1354 1642 1405 incoepto
1666 1353 1782 1394 desi-

149 1428 315 1472 steret,
340 1422 558 1473 quoniam
586 1422 633 1463 in
661 1435 715 1462 ea
742 1434 791 1462 re
819 1423 1014 1463 multum
1041 1423 1296 1464 seruiretur
1325 1423 1442 1464 Deo.
1475 1423 1787 1476 Addebatque

152 1500 398 1545 praeterea
415 1494 485 1533 bis
507 1500 668 1534 centos
685 1494 781 1534 fere
803 1505 975 1546 pueros
998 1494 1159 1534 diebus
1180 1495 1311 1535 festis
1328 1497 1550 1548 templum
1571 1496 1785 1548 frequen-

151 1573 253 1606 tare
277 1565 491 1616 c:›episse
513 1565 571 1605 ad
592 1577 690 1605 rem
719 1565 926 1606 diuinam
955 1566 1259 1617 audiendam,
1285 1574 1328 1607 et
1356 1568 1480 1619 quod
1508 1579 1611 1607 eam
1633 1568 1787 1619 quiete

153 1635 408 1677 admodum
430 1636 660 1687 audirent,
681 1637 803 1688 quod
821 1649 986 1677 reuera
1005 1645 1141 1678 antea
1161 1637 1259 1679 fieri
1276 1651 1573 1690 nequaquam
1590 1639 1783 1679 solebat:

153 1714 223 1748 est
245 1708 385 1748 etiam
408 1707 530 1759 quod
562 1707 790 1748 addamus
810 1708 857 1748 in
882 1708 968 1749 has
995 1710 1135 1749 aedes
1161 1721 1350 1760 sacras,
1375 1710 1431 1750 de
1458 1710 1623 1762 quibus
1645 1710 1786 1762 loqui-

154 1790 272 1829 mur,
310 1789 533 1829 magnam
568 1778 822 1830 hominum,
859 1780 1106 1821 mulierum
1142 1787 1281 1833 atque
1315 1793 1567 1833 puerorum
1603 1783 1787 1822 turbam

152 1850 444 1890 conuenisse.

234 1921 455 1973 Superest
476 1933 599 1961 nunc
621 1922 680 1962 ad
701 1933 818 1970 eam,
842 1934 959 1974 quae
982 1923 1109 1963 domi
1130 1929 1319 1964 nostrae
1342 1924 1549 1975 docetur,
1573 1936 1658 1964 nos
1680 1936 1787 1965 con-

151 1992 377 2043 feramus,
402 1993 535 2033 cuius
565 1993 750 2045 quidem
780 1993 1068 2035 audientium
1088 2006 1334 2035 numerum
1362 2002 1546 2036 tantum
1570 1996 1699 2036 abest
1722 1997 1783 2036 di-

152 2064 310 2115 minui,
336 2071 386 2104 vt
407 2065 465 2104 ab
488 2076 541 2104 eo
563 2064 660 2115 die,
685 2076 775 2116 quo
797 2065 955 2105 doceri
976 2065 1193 2117 incoepta
1215 2073 1299 2116 est,
1324 2067 1370 2106 in
1390 2078 1615 2119 praesens
1638 2079 1784 2119 usque

151 2142 347 2187 tempus,
374 2147 464 2187 quo
487 2136 671 2187 quidem
694 2136 822 2176 calor
848 2137 1052 2177 maxime
1071 2137 1221 2188 viget,
1246 2138 1399 2189 magis
1419 2138 1465 2178 in
1486 2138 1584 2178 dies
1613 2149 1667 2178 ac
1691 2151 1784 2178 ma-

152 2206 224 2257 gis
246 2206 460 2246 creuerit.

236 2278 404 2318 Totum
425 2289 627 2330 namque
649 2278 865 2329 impletur
887 2280 1124 2326 sacellum,
1148 2291 1203 2320 ac
1226 2280 1383 2331 plures
1404 2280 1543 2332 duplo
1576 2279 1692 2321 foris
1715 2293 1786 2321 as-

150 2348 356 2389 sidentes
379 2360 434 2389 ac
466 2355 644 2389 stantes
666 2349 881 2400 audiunt;
905 2350 1028 2402 quod
1056 2351 1095 2391 si
1116 2351 1163 2390 in
1191 2362 1435 2391 numerum
1464 2362 1544 2391 eos
1571 2351 1785 2402 redigere

151 2419 283 2471 velis,
307 2426 544 2460 tercentos
564 2420 663 2460 sine
685 2420 979 2461 scholaribus
1000 2420 1014 2439 ²
1037 2433 1377 2462 connumerare
1399 2422 1522 2462 licet.
1544 2421 1605 2462 Hi
1628 2431 1784 2463 autem

154 2497 263 2531 sunt
298 2502 322 2531 e
357 2503 551 2532 numero
586 2503 764 2542 eorum,
802 2492 880 2544 qui
913 2493 1108 2533 multum
1142 2500 1438 2533 sacramenta
1469 2493 1781 2545 frequentant.

150 2561 329 2602 Verum
350 2569 481 2603 tanta
501 2562 587 2602 fuit
607 2562 730 2614 apud
751 2574 835 2603 nos
858 2563 1204 2604 confessionum
1225 2564 1375 2616 eopia,
1407 2571 1503 2605 tum
1524 2565 1783 2616 quadrage-

205 2747 212 2766 ¹
254 2746 341 2775 Huic
363 2747 482 2781 paucis
504 2747 604 2782 hujus
625 2745 704 2773 anni
727 2747 898 2774 mensibus
923 2747 1065 2783 Collegii
1088 2748 1317 2776 Cordubensis
1339 2750 1481 2784 regendi
1502 2757 1584 2778 cura
1601 2751 1784 2779 commissa.

153 2794 229 2822 suit.

202 2842 216 2861 2’
253 2842 331 2869 sine
345 2842 579 2875 scholaribus,
593 2843 641 2870 eis
655 2842 786 2870 scilicet
801 2843 857 2877 qui
873 2843 1016 2878 Collegii
1029 2844 1165 2872 scholas
1181 2845 1446 2879 frequentabant
1463 2849 1507 2880 et,
1524 2849 1559 2873 ut
1572 2845 1604 2873 in
1620 2845 1782 2880 Collegiis

150 2888 335 2918 societatis
349 2890 452 2917 moris
467 2894 563 2923 erat,
588 2890 630 2918 ad
647 2890 892 2924 expositionem
914 2891 1124 2919 christianae
1139 2892 1317 2920 doctrinae
1338 2893 1541 2920 audiendam
1563 2900 1597 2920 se
1613 2893 1784 2929 conferre,

149 2944 225 2964 cum
240 2937 354 2972 fiebat,
367 2939 584 2966 tenebantur.
