2047 3179
899 119 982 156 AN.
1013 118 1104 155 1555
1744 115 1815 152 295

181 220 363 270 inuitat,
387 225 544 259 tamen
564 219 628 258 ita
649 222 755 257 sunt
775 215 909 256 nobis
931 214 1098 263 affecti,
1119 220 1168 253 ut
1190 212 1313 264 quod
1328 213 1431 252 loco
1449 211 1593 261 deest,
1614 211 1659 251 id
1677 223 1810 251 amor

182 291 330 331 nostri
352 290 539 330 sarciat.
563 288 659 330 Nec
679 294 835 328 tamen
857 286 1024 326 desunt
1046 285 1350 332 detractores,
1381 282 1458 333 qui
1479 293 1558 331 ea,
1593 293 1712 332 quae
1735 282 1814 321 alii

182 362 397 414 probant,
435 360 695 412 despiciunt
728 364 865 409 atque
895 360 1212 396 contemnunt.
1251 354 1429 405 Quibus
1465 353 1603 392 rebus
1638 353 1812 392 laetan-

184 434 294 474 dum
313 432 478 473 merito
499 431 633 472 nobis
662 436 750 471 est:
783 428 891 470 sinit
925 427 1155 479 siquidem
1184 426 1314 466 Deus
1335 436 1417 465 eos
1440 423 1651 464 aduersis
1672 423 1811 463 rebus

184 504 357 555 urgeri,
382 514 500 555 quos
520 503 661 542 habet
688 500 943 550 charioreS,
977 510 1082 538 cum
1099 508 1187 549 qno
1228 496 1235 515 ¹
1272 495 1541 547 experiatur
1572 494 1814 534 hominum

187 575 325 616 fidem
346 581 484 625 atque
507 572 835 621 constantiam,
859 577 957 611 tum
978 581 1092 610 uero
1113 579 1202 620 qno
1230 568 1286 607 iis
1307 567 1442 607 detur
1467 565 1620 605 ueluti
1630 570 1816 616 prome·

186 646 326 686 rendi
343 645 356 664 ²
377 645 575 685 materia
596 643 874 685 cumulatior
893 648 937 681 et
958 640 1195 680 illustrior.
1220 639 1351 679 Haec
1372 638 1428 678 de
1449 635 1646 689 spiritali
1670 635 1819 686 profe-

187 723 264 757 ctu
282 717 635 767 animarumque
653 715 801 755 salute
815 713 938 753 dicta
955 711 1200 751 sufficiant.
1214 708 1347 750 Nunc
1365 720 1435 759 ea,
1452 719 1570 760 quae
1588 706 1646 747 ad
1662 707 1817 746 litera-

185 788 257 828 ria
278 788 432 828 studia
454 787 700 838 pertinent,
723 785 886 837 paucis
907 784 1165 823 absoluam.

266 858 534 909 Antequam
553 857 775 897 lectiones
800 855 1131 906 inciperentur,
1169 851 1330 892 habita
1352 850 1436 891 fuit
1471 849 1620 890 oratio
1649 849 1696 888 in
1723 849 1820 889 lau-

189 929 294 970 dern
315 928 575 968 studiorum
598 940 652 967 eo
687 928 733 967 in
760 927 876 977 loco,
898 925 945 965 in
966 936 1056 976 quo
1078 922 1200 964 R.d1¹⁵
1226 922 1277 962 P.
1306 922 1480 962 Lainez
1508 919 1821 961 concionaba-

188 1006 284 1041 tur:
308 999 367 1040 ad
387 1011 491 1039 eam
512 998 793 1039 audiendam
812 997 1031 1048 frequens
1052 994 1297 1035 multitudo
1319 991 1553 1042 conuenit,
1577 1002 1667 1042 qua
1690 990 1823 1030 abso-

186 1073 298 1122 luta,
320 1071 506 1121 fratres,
530 1070 608 1122 qui
629 1070 693 1110 illi
715 1070 986 1117 intererant,
1023 1073 1156 1107 tanta
1190 1065 1411 1105 iuuenum
1441 1070 1650 1110 caterua,
1674 1061 1752 1113 qui
1773 1062 1821 1102 in

189 1142 483 1194 disciplinam
504 1148 716 1182 nostram
736 1140 921 1180 tradere
942 1150 991 1179 se
1012 1137 1246 1188 uolebant,
1267 1135 1519 1186 constipati
1547 1133 1737 1174 domum
1753 1143 1820 1172 re-

188 1215 329 1265 diere,
353 1220 402 1254 ut
424 1214 502 1253 uix
523 1224 602 1253 eos
623 1211 871 1263 collegium
891 1220 1058 1261 capere
1079 1214 1253 1259 posset.
1276 1206 1432 1246 Primo
1455 1205 1529 1245 die
1551 1216 1642 1256 quo
1663 1205 1822 1254 legere

188 1285 495 1336 incoepimus,
509 1283 826 1334 unusquisque
838 1281 1175 1332 magistrorum
1187 1277 1435 1318 lectionem
1447 1275 1670 1325 auctoris,
1685 1285 1824 1326 quem

189 1356 517 1408 exponendum
538 1355 627 1395 hoc
649 1366 771 1394 anno
792 1357 1077 1404 susceperat,
1103 1350 1149 1390 in
1170 1349 1343 1400 templo
1364 1353 1526 1388 nostro
1548 1347 1823 1397 interpreta-

192 1433 265 1468 tus
294 1433 384 1477 est,
422 1426 591 1466 additis
619 1423 1025 1477 praefatiunculis,
1058 1421 1117 1462 ad
1153 1420 1400 1461 materiam
1437 1416 1820 1465 accommodatis,

187 1498 357 1551 quibus
376 1497 631 1538 interfuere
652 1495 873 1547 Episcopi
894 1494 1000 1544 duo,
1024 1492 1247 1544 multique
1278 1491 1457 1531 nobiles
1479 1490 1604 1530 ciues
1634 1494 1822 1540 praeter

192 1569 516 1619 scholasticos3
540 1578 736 1620 quorum
754 1576 975 1606 numerus
997 1565 1044 1604 in
1061 1564 1160 1604 dies
1182 1563 1393 1614 singulos
1410 1561 1474 1601 ita
1493 1560 1662 1601 crescit
1684 1566 1825 1611 atque

191 1646 407 1691 augetur,
426 1645 476 1679 ut
492 1638 584 1678 m‘si
599 1638 653 1679 R.
677 1637 725 1678 Ρ.
750 1637 849 1678 Tua
867 1637 1048 1688 aliquos
1069 1635 1240 1675 fratres
1266 1633 1418 1673 mittat
1444 1631 1471 1683 ⁷⁸,
1493 1631 1820 1672 satisfacturos

186 1723 279 1752 nos
299 1718 457 1751 tantae
478 1708 761 1750 multitudini
794 1709 931 1760 plane
953 1706 1229 1747 diffidamus.
1262 1704 1396 1754 Nam,
1431 1710 1480 1743 ut
1511 1703 1723 1743 omittam
1743 1713 1825 1742 eos

192 1782 562 1822 ducentesimum
582 1786 625 1820 et
648 1779 940 1830 trigesimum
961 1788 1208 1818 numerum
1230 1775 1474 1825 excedere,
1500 1774 1739 1815 confluunt
1760 1780 1828 1814 ta-

192 1864 301 1893 men
322 1859 389 1893 tot
411 1852 615 1903 quotidie
632 1851 691 1891 ad
707 1862 807 1900 nos,
830 1856 879 1890 ut
898 1861 992 1889 non
1008 1853 1190 1888 tantum
1206 1847 1476 1897 magistros,
1494 1844 1575 1885 sed
1597 1845 1739 1884 etiam
1756 1845 1820 1884 10-

196 1936 301 1964 cum
323 1923 588 1964 defuturum
604 1922 864 1971 credamus,
884 1920 1008 1972 quod
1030 1920 1123 1959 iam
1145 1917 1349 1969 experiri
1370 1916 1677 1968 incoepimus.
1696 1915 1820 1956 R.d¹²S

193 1995 318 2035 enim
339 1994 387 2034 Ρ.
411 1994 582 2034 Rector
604 1991 632 2043 ⁴,
657 1993 715 2032 ob
736 1992 980 2043 angustias
1002 1991 1107 2040 loci,
1131 1990 1179 2030 in
1201 1989 1415 2029 cubiculo
1437 1998 1521 2027 suo
1542 1988 1699 2038 legere
1721 1999 1828 2027 coa-

195 2072 298 2106 ctus
326 2073 409 2105 est.

276 2136 392 2177 Sunt
414 2135 552 2175 diuisi
573 2146 734 2174 omnes
751 2134 797 2173 in
819 2133 1019 2185 quinque
1039 2133 1231 2181 classes,
1251 2141 1448 2182 quarum
1466 2130 1647 2181 primae
1670 2128 1829 2169 Alfon-

195 2220 274 2248 sus
306 2206 336 2257 ⁵,
377 2206 610 2247 secundae
645 2205 805 2254 frater
838 2204 1058 2258 Jacobus,
1102 2202 1269 2243 tertiae
1299 2201 1469 2252 frater
1508 2200 1828 2251 Hieronimus,

194 2285 390 2330 quartae
409 2278 577 2328 frater
611 2275 894 2326 Aluaradus,
932 2275 1124 2315 ultimae
1159 2273 1446 2314 Valerianus
1482 2278 1527 2312 et
1560 2271 1831 2312 Bernardus

194 2355 431 2401 praesunt,
456 2348 594 2399 quiet
624 2351 820 2387 nostras
849 2345 1071 2386 lectiones
1093 2344 1312 2384 audiunt.
1338 2343 1477 2383 Pueri
1499 2354 1700 2393 magnos
1725 2354 1829 2394 pro-

194 2431 388 2471 gressus
422 2419 614 2469 faciunt,
652 2429 758 2458 cum
779 2419 825 2457 in
853 2417 1081 2467 doctrina,
1116 2422 1213 2455 turn
1248 2415 1296 2455 in
1326 2414 1513 2453 uirtute:
1546 2413 1828 2454 confitentur

193 2491 404 2541 libenter,
429 2503 513 2530 nec
535 2489 710 2540 regulis
731 2489 904 2529 nostris
925 2487 1138 2528 obstricti
1158 2491 1374 2538 spectant
1403 2485 1514 2524 dum
1541 2484 1716 2524 mensis
1739 2486 1830 2524 ela-

197 2562 352 2613 batur,
377 2561 459 2601 sed
479 2560 768 2612 frequentius
788 2559 919 2600 multi
939 2564 1136 2610 peccata
1149 2569 1233 2597 sua
1249 2557 1487 2607 detegunt,
1508 2561 1732 2607 tantoque
1755 2555 1829 2595 de-

250 2698 258 2716 ¹
301 2700 350 2725 ut.
367 2697 555 2724 POLANCUS.

248 2745 262 2765 Ξ
301 2746 338 2771 ut
355 2745 394 2772 iis
410 2745 509 2771 detur
526 2744 750 2771 meritorum.
769 2742 816 2771 ld.

250 2792 264 2811 ⁵
301 2793 334 2818 si
349 2792 388 2818 R.
404 2791 439 2818 P.
457 2796 516 2818 tua
531 2791 663 2825 aliquos
677 2791 805 2818 fratres
821 2798 887 2817 non
902 2791 1030 2818 mittat.
1046 2790 1094 2817 Id.

251 2838 266 2858 ⁴
303 2840 340 2867 P.
360 2839 526 2866 Antonius
543 2838 741 2866 Soldevilla.
757 2838 844 2866 Vide
862 2838 1066 2871 Chroniuon,
1081 2843 1104 2865 t.
1122 2845 1167 2871 IV,
1183 2844 1261 2871 pag.
1277 2836 1322 2871 43,
1339 2843 1374 2862 n.
1391 2835 1437 2862 66.

186 2886 191 2893 ¹
255 2886 268 2906 ὖ
306 2887 503 2921 Alphonsus
517 2886 721 2920 Fernandez,
739 2886 861 2914 harum
873 2886 985 2914 littera
994 2894 1068 2914 rum
1080 2890 1210 2913 auctor.
1228 2884 1313 2911 Vide
1329 2883 1533 2917 Clzrom'con,
1548 2884 1611 2911 loc.
1626 2883 1684 2910 cit.
1701 2890 1732 2910 n.
1748 2883 1833 2909 65.—

197 2934 434 2969 Caeterorum,
449 2938 589 2969 praeter
605 2935 750 2969 nomina,
765 2934 849 2961 nihil
864 2935 1030 2962 novimus.
