2047 3179
845 152 928 189 AN.
959 152 1051 189 1555
1688 152 1756 192 481

130 252 251 291 idem
285 250 438 301 Pater,
475 250 633 290 diuino
661 248 883 289 instinctu
908 248 1199 299 persentiens
1233 247 1340 287 huIc
1363 254 1557 297 aegroto
1596 248 1758 288 mortis

131 322 483 374 oppressionem
517 320 772 370 imminere,
810 319 867 359 ad
894 330 999 359 eum
1028 331 1077 358 se
1106 318 1301 358 contulit
1333 324 1377 358 et
1398 329 1518 368 quae
1547 318 1754 359 diuinum

133 405 303 434 numen
323 392 574 443 suggessit,
602 391 644 431 ei
674 392 856 430 locutus
882 397 965 429 est.
996 389 1171 440 Quibus
1199 389 1357 429 verbis
1387 400 1499 429 sane
1534 395 1760 439 aegrotus

135 465 301 505 mirum
323 464 368 503 in
391 463 578 503 modum
600 462 829 502 emollitus
851 466 988 511 atque
1011 460 1251 509 contritus,
1280 465 1475 511 peccata
1504 459 1654 499 eidem
1677 459 1760 499 Pa-

133 536 208 585 tri,
231 534 403 586 gaudio
422 534 601 584 ingenti
617 532 819 584 persus0,
840 532 1080 572 confessus
1097 537 1179 571 est.
1205 530 1434 571 Postridie
1456 530 1682 571 intellexit
1700 531 1760 571 ei-

135 606 254 655 dem,
289 611 694 646 sacramentorum
727 602 962 654 praesidio
998 602 1175 642 munito
1213 609 1257 642 et
1293 609 1540 651 exornato,
1578 613 1762 641 summa

134 688 241 717 cum
276 675 519 715 alacritate
554 676 851 725 maximaque
885 673 1139 713 astantium
1172 673 1511 722 consolatione,
1547 673 1761 714 ultimum

135 747 351 799 spiritum
368 745 519 785 Deum
541 745 802 786 abstulisse.

218 817 418 868 Quidam
440 817 558 856 alius
576 815 673 867 jam
707 815 785 855 diu
803 814 896 866 juri
921 815 1046 855 ciuili
1076 815 1340 864 inhaerens,
1378 827 1514 866 quem
1538 815 1766 859 intentum

137 895 181 929 et
212 887 454 928 assiduum
490 888 750 927 litterarum
776 886 979 926 studium
1005 887 1174 926 mentis
1209 887 1513 938 corporisque
1558 887 1765 926 sanitate

138 960 424 1012 priuauerat,
460 959 660 1009 plurima
695 957 1007 1009 profundebat
1040 958 1290 998 maledicta
1333 966 1376 997 et
1416 958 1681 998 execranda
1720 958 1766 997 in

139 1031 290 1071 Deum
325 1029 548 1079 conuitia‚
587 1036 826 1080 tamquam
860 1029 1099 1079 utriusque
1133 1029 1333 1069 hominis
1367 1029 1504 1068 saluti
1541 1019 1767 1076 diffidens,

141 1103 315 1142 nullum
337 1107 524 1152 praeter
545 1111 689 1140 unum
711 1100 804 1152 (qui
826 1099 1032 1152 profecto
1057 1100 1102 1139 in
1120 1100 1235 1140 mira
1257 1109 1570 1151 perpetuaque
1594 1100 1769 1151 patien-

140 1173 203 1213 tia
226 1173 302 1212 diu
323 1178 557 1223 noctuque
581 1172 621 1211 ei
643 1171 899 1225 inseruiuit)
920 1182 1054 1211 suum
1075 1171 1338 1211 cubiculum
1360 1171 1542 1222 ingredi
1560 1172 1772 1222 patieba-

142 1250 230 1284 tur.
253 1242 356 1282 Hoc
377 1253 483 1282 cum
504 1242 693 1293 quidam
720 1253 778 1282 ex
808 1243 980 1282 nostris
1001 1242 1234 1292 rescisset,
1265 1242 1554 1282 orationibus
1576 1241 1775 1292 Collegii

142 1314 427 1366 praemissis,
447 1313 660 1353 effectum
678 1320 747 1353 est
764 1320 813 1353 ut
829 1313 1020 1363 viriste,
1039 1314 1086 1353 in
1102 1314 1244 1353 multo
1267 1314 1536 1364 grauiorem
1559 1315 1776 1354 morbum

144 1385 376 1436 delapsus,
397 1384 477 1424 sed
498 1384 681 1424 mollior
700 1383 853 1424 factus
874 1390 1040 1434 mente,
1066 1384 1337 1435 persuaderi
1355 1392 1590 1436 pateretur
1610 1392 1658 1424 ut
1680 1384 1774 1424 adi-

145 1463 243 1497 tum
266 1455 507 1507 praedicto
529 1454 656 1495 Patri
677 1461 852 1504 nostro,
878 1455 1185 1495 confessionis
1202 1455 1461 1495 audiendae
1481 1456 1649 1506 gratia,
1670 1459 1776 1508 confi-

146 1527 347 1576 cederet;
370 1526 538 1578 quippe
560 1526 637 1578 qui
659 1537 750 1566 non
772 1525 1012 1566 confessus
1033 1527 1189 1577 plures
1223 1537 1373 1566 annos
1399 1533 1712 1578 transegerat.
1735 1514 1779 1566 Is

146 1598 289 1649 igitur
310 1609 454 1648 usque
490 1597 607 1637 adeo
644 1596 869 1636 contritus
916 1597 1080 1648 culpae
1119 1597 1398 1637 commissae
1436 1597 1778 1638 confessionem

147 1669 360 1719 instituit,
385 1675 434 1708 ut
456 1668 602 1708 nostri
618 1667 772 1708 Patris
789 1668 996 1708 animum
1013 1667 1072 1707 ad
1089 1668 1447 1709 ardentissimae
1463 1669 1651 1720 pietatis
1674 1668 1778 1709 affe-

150 1747 276 1781 ctum
295 1740 525 1780 excitaret
560 1738 943 1790 accenderetque.
976 1738 1051 1779 Ad
1078 1750 1215 1790 que-m
1246 1739 1385 1780 Pater
1412 1748 1573 1781 noster
1598 1752 1698 1780 rem
1718 1739 1781 1780 di-

150 1812 309 1852 uinam
329 1810 539 1851 facturus
568 1810 700 1862 eique
728 1811 984 1862 postulanti
1005 1810 1179 1851 Christi
1201 1822 1373 1863 corpus
1404 1811 1781 1860 subministratu-

150 1894 230 1923 rus
250 1889 414 1934 postea
437 1893 655 1922 reuersus
681 1888 764 1921 est.
789 1881 922 1922 Unde
953 1882 1017 1922 illi
1038 1888 1135 1922 tam
1163 1882 1316 1923 subita
1343 1894 1398 1922 ac
1420 1883 1663 1933 repentina
1686 1893 1783 1922 mu-

150 1953 266 1994 tatio
286 1953 390 1993 visa
424 1960 494 1993 est
531 1950 613 2004 [ut]
637 1951 804 2002 Deum,
829 1964 967 2003 quem
997 1954 1135 2004 paulo
1164 1960 1272 1998 ante
1304 1953 1434 1994 miris
1463 1953 1644 1993 iniuriis
1675 1952 1784 1995 affe·

153 2025 308 2074 cisset,
340 2036 464 2064 nunc
495 2023 689 2064 summis
711 2029 755 2063 et
777 2023 1072 2064 creberrimis
1094 2024 1309 2065 laudibus
1330 2025 1552 2065 extollere
1575 2037 1668 2065 non
1689 2036 1786 2065 ces·

152 2102 293 2136 saret.
317 2095 527 2135 Tandem
548 2105 653 2135 cum
674 2094 768 2134 iam
788 2094 935 2134 tactui
971 2095 1098 2135 duris
1127 2095 1309 2135 ossibus
1337 2096 1472 2147 pellis
1492 2097 1593 2136 sola
1615 2096 1783 2136 adhae-

153 2174 293 2217 reret,
318 2166 444 2206 facto
466 2178 493 2205 a
517 2165 653 2205 Patre
675 2177 812 2205 sacro
848 2166 904 2206 de
933 2164 1181 2206 Dominica
1210 2167 1445 2217 passione,
1476 2167 1788 2218 precibusque

155 2249 240 2289 pro
274 2236 372 2288 ejus
407 2236 712 2288 dispositione
740 2248 766 2276 a
792 2237 926 2276 nobis
948 2238 1162 2279 omnibus
1194 2237 1377 2287 oblatis,
1401 2237 1524 2277 intra
1549 2237 1788 2278 modicum

155 2315 338 2359 tempus
359 2307 574 2359 spiritum
597 2318 680 2346 suo
702 2306 916 2347 Creatori
937 2307 1153 2351 reddidit.

237 2378 443 2419 Plurima
465 2384 508 2417 et
524 2377 658 2417 varia
675 2384 979 2428 aegrotorum
1000 2389 1191 2429 genera,
1211 2380 1550 2431 nonnullosque
1568 2380 1614 2420 in
1637 2386 1789 2420 custo-

157 2449 233 2489 dia
254 2449 441 2501 publica
460 2448 687 2498 detentos,
702 2448 867 2488 Patres
883 2450 1031 2490 nostri
1050 2449 1320 2502 frequenter
1338 2451 1560 2501 inuisum,
1575 2451 1790 2501 edocent,

159 2520 475 2568 consolantur,
516 2524 653 2570 atque
693 2518 987 2560 confessione
1026 2520 1186 2561 audita
1219 2521 1268 2561 in
1301 2521 1465 2573 spiritu
1497 2521 1792 2563 confirmant.

235 2589 401 2630 Patres
436 2589 641 2641 insuper,
680 2590 796 2630 alter
838 2590 1140 2631 concionibus
1179 2591 1341 2632 diebus
1377 2592 1527 2632 sacris
1548 2625 1556 2642 ,
1597 2598 1795 2644 uterque

158 2661 299 2701 etiam
320 2669 727 2701 sacramentorum
748 2661 1007 2701 ministerio
1038 2662 1243 2703 studium
1271 2674 1555 2715 operamque
1584 2663 1796 2705 sedulam

159 2730 449 2784 impendunt,
472 2742 620 2784 eoque
637 2731 813 2772 factum
835 2738 904 2772 est
925 2738 975 2773 ut
1000 2733 1186 2784 plurimi
1212 2733 1475 2786 frequentia
1503 2746 1665 2775 eorum
1685 2747 1712 2775 a
1734 2735 1793 2775 le-

163 2802 345 2843 thiferis
379 2802 652 2843 criminibus
683 2803 894 2843 reuocati
922 2803 1107 2844 fuerint.
1138 2803 1235 2845 Nec
1264 2805 1536 2856 ambiguum
1566 2814 1636 2846 est
1656 2806 1792 2847 nobis

164 2874 274 2925 quin
295 2873 403 2914 huic
423 2873 604 2914 ciuitati
624 2872 829 2914 fructum
850 2874 1114 2916 uberiorem
1134 2874 1325 2925 ferrent,
1346 2876 1384 2916 si
1406 2877 1564 2928 templi
1587 2888 1788 2918 commo—

167 2944 289 2985 ditas
310 2944 444 2984 nobis
465 2950 588 2985 esset
609 2944 781 2985 oblata.

310 3020 360 3057 T.
383 3032 438 3057 ιιι.
1574 3035 1612 3070 31
