2047 3179
862 128 895 164 A
907 138 945 164 Ν.
982 127 1073 165 1555
1716 127 1786 165 599

156 228 296 267 etiam
317 226 442 266 D.¹¹u⁵
469 225 867 277 Archiepiscopus
894 223 1188 271 Valentinus,
1219 224 1297 275 qui
1326 224 1458 263 nobis
1486 223 1571 263 fuit
1599 235 1784 275 semper

157 298 424 345 beneuolus,
447 307 782 348 saepenumero
803 295 1113 346 eleemosynis
1130 306 1215 334 nos
1236 294 1465 334 subuenit:
1491 294 1652 333 morbo
1674 306 1783 346 quo—

157 367 264 408 dam
284 368 527 420 repentino
548 367 677 407 hisce
699 366 860 407 diebus
881 370 1140 416 correptus,
1165 364 1272 404 huic
1291 364 1500 415 Collegio
1518 364 1640 405 dono
1658 365 1784 405 dedit

159 439 342 489 publica
364 438 642 479 auctoritate
663 444 708 478 et
734 437 966 488 scriptura
989 435 1078 475 duo
1107 435 1249 475 millia
1280 443 1324 475 et
1345 436 1627 486 quingentos
1655 447 1784 475 num-

158 521 257 549 mos
272 521 454 549 aureos.
478 508 730 560 Speramus
751 514 906 548 tamen
924 507 1014 546 cito
1037 507 1081 546 in
1104 506 1348 557 pristinam
1366 506 1563 545 salutem
1585 506 1782 556 restitui,

156 586 199 620 et
223 580 365 620 multo
385 581 520 630 plura
541 580 614 619 his
634 579 852 619 tribuere.

235 650 429 701 Reliqua
451 650 636 690 silentio
657 656 917 701 praetereo:
942 654 988 688 at
1010 660 1095 688 nos
1123 659 1284 687 omnes
1306 648 1380 687 hic
1408 654 1534 687 recte
1555 647 1782 687 valemus:

158 722 472 773 unusquisque
493 722 735 773 praeclare
756 732 840 760 suo
864 719 1013 760 officio
1030 718 1254 770 fungitur:
1279 718 1549 758 scholastici
1571 730 1664 758 non
1694 729 1783 757 me-

157 792 302 833 diocri
319 792 575 843 diligentia,
599 791 824 843 profectu,
844 803 899 831 ac
917 791 1146 842 exemplo,
1167 789 1279 829 dant
1296 801 1487 841 operam
1504 789 1666 830 literis:
1687 795 1785 829 tum

157 869 200 903 et
226 862 404 911 Patres,
434 862 566 913 juxta
597 863 765 903 virium
796 869 1029 911 naturam,
1060 860 1250 912 quilibet
1286 860 1481 910 laborat,
1516 860 1636 911 (aliis
1663 860 1782 900 enim

157 934 358 984 omissis)
380 935 495 974 alter
518 946 679 974 eorum
701 934 843 974 semel
865 933 1107 973 cuiusdam
1128 932 1330 972 hominis
1358 931 1595 972 sarcinam
1622 943 1786 983 pecca-

158 1013 308 1045 torum
330 1017 412 1056 per
434 1005 776 1045 confessionem
802 1005 995 1054 audiuit,
1020 1004 1150 1044 cuius
1179 1014 1376 1043 onrem
1407 1003 1665 1042 maleuolus
1693 1002 1785 1054 qui-

157 1076 264 1116 dam
284 1083 519 1127 rapuerat,
551 1087 641 1127 qua
674 1082 964 1127 recuperata,
995 1075 1264 1115 Valentiam
1297 1086 1345 1114 se
1377 1074 1569 1125 recepit;
1602 1073 1683 1113 sed
1711 1073 1786 1112 ille

156 1153 260 1198 post
281 1158 361 1187 eos
382 1146 470 1186 iter
491 1147 722 1198 arripiens
738 1147 985 1187 Valentiae
1002 1146 1189 1197 reperit,
1210 1157 1371 1185 eorum
1387 1145 1514 1185 viam
1533 1150 1577 1184 et
1598 1145 1787 1184 ianuam

156 1224 296 1258 noctu
315 1217 657 1269 frequentabat,
682 1229 818 1269 quem
835 1218 952 1257 alter
971 1218 1162 1257 moleste
1179 1216 1349 1267 ferens,
1369 1216 1439 1256 bis
1456 1222 1537 1255 aut
1558 1222 1628 1255 ter
1646 1226 1787 1255 manu

156 1295 337 1329 armata
373 1300 482 1328 ense
514 1288 780 1340 evaginato,
814 1289 960 1329 voluit
996 1288 1260 1337 confodere,
1296 1294 1505 1338 ternpore
1532 1293 1576 1326 et
1608 1287 1710 1326 loco
1742 1286 1788 1325 id

156 1359 558 1411 persuadentibus3
590 1365 728 1400 antea
754 1371 866 1400 vero
894 1371 944 1400 se
973 1360 1032 1400 ad
1061 1359 1249 1400 Patrem
1272 1358 1481 1408 contulit,
1512 1357 1785 1410 perturbato

157 1431 313 1471 animo
337 1430 523 1480 dicens,
557 1442 605 1470 se
634 1442 727 1470 non
753 1442 890 1482 posse
918 1431 1172 1481 continere,
1207 1431 1317 1482 quin
1341 1430 1397 1470 de
1428 1441 1481 1470 eo
1509 1428 1788 1481 supplicium

156 1501 357 1553 propriis
378 1501 592 1541 manibus
613 1508 830 1542 sumeret.
854 1501 993 1542 Pater
1010 1513 1123 1542 vero
1142 1513 1248 1542 eum
1264 1501 1501 1541 hominem
1517 1499 1784 1549 accersiuit,

156 1584 291 1624 quem
314 1572 373 1613 ad
394 1572 738 1613 confessionem
757 1573 1049 1624 prouocauit,
1069 1573 1146 1624 qui
1167 1579 1212 1612 et
1232 1572 1359 1612 Patri
1387 1571 1524 1612 fidem
1552 1571 1787 1623 praestitit

157 1644 344 1684 omnino
365 1644 492 1683 viam
513 1655 674 1684 eorum
695 1655 789 1684 non
809 1644 1081 1695 praeterire,
1107 1650 1246 1696 atque
1266 1643 1502 1684 sublatum
1523 1648 1593 1683 est
1609 1642 1787 1694 pericu-

158 1717 250 1755 lum
270 1715 486 1755 interitus
506 1715 750 1766 Vtriusque
772 1721 816 1754 et
838 1715 1013 1755 vxoris.
1047 1714 1166 1755 Tum
1186 1726 1300 1754 vero
1322 1714 1378 1754 de
1399 1713 1604 1766 quadam
1631 1713 1786 1752 mulie-

157 1797 222 1836 re,
246 1797 366 1837 quae
387 1785 541 1826 virum
561 1797 697 1825 suum
717 1786 775 1826 ab
797 1786 888 1825 alio
909 1785 1086 1826 fecerat
1105 1785 1318 1835 interfici,
1342 1790 1491 1826 mater
1522 1784 1788 1835 interempti

161 1857 283 1908 apud
300 1855 504 1909 judicem
524 1856 781 1896 vindictam
802 1857 1128 1897 incunctanter
1151 1856 1433 1907 postulabat,
1458 1867 1550 1895 non
1573 1855 1671 1895 sine
1694 1866 1786 1894 ma-

156 1938 250 1978 gna
272 1928 343 1967 sui
364 1927 507 1967 animi
536 1927 733 1978 iactura,
763 1934 808 1967 et
837 1927 953 1967 alter
985 1927 1316 1984 confessarius,
1341 1939 1399 1967 ex
1420 1927 1610 1975 nostris,
1635 1938 1661 1966 a
1682 1937 1785 1977 pro-

156 1999 306 2049 posito
327 1998 559 2049 evocauit,
584 1998 716 2038 cuius
737 2010 965 2050 persuasu
986 2000 1184 2039 crimina
1201 1998 1428 2050 deposuit,
1454 2004 1497 2038 et
1518 1997 1788 2049 frequenter

156 2069 310 2109 facere
337 2069 514 2109 statuit.
543 2069 756 2110 Alteram
786 2075 1031 2121 praeterea
1058 2069 1117 2110 ad
1148 2070 1387 2121 proprium
1415 2069 1568 2109 virum
1588 2068 1698 2108 fecit
1719 2080 1786 2108 re-

156 2146 355 2192 uertere,
381 2152 498 2192 quae
525 2152 607 2192 per
636 2142 792 2192 plures
820 2152 968 2182 annos
999 2153 1105 2181 curn
1134 2141 1224 2181 alio
1247 2140 1472 2181 effrenata
1494 2140 1693 2188 vixerat,
1728 2140 1786 2179 ei-

157 2212 352 2263 demque
382 2211 510 2251 Patri
538 2212 638 2251 sine
667 2223 799 2252 mora
826 2218 1022 2263 peccata
1049 2212 1275 2252 narrauit:
1308 2212 1449 2252 aliam
1478 2211 1638 2252 itidem
1665 2210 1787 2250 idem

157 2281 295 2322 Pater
315 2282 567 2322 foeminam
579 2282 763 2334 jurgiis,
782 2283 964 2324 iniuriis
982 2290 1121 2335 atque
1138 2283 1411 2323 verberibus
1429 2284 1520 2323 viri
1539 2281 1786 2334 fatigatam

158 2353 350 2404 solatur,
374 2364 511 2404 quem
532 2353 626 2393 iam
653 2354 915 2406 relinquere
942 2361 1268 2406 proposuerat,
1300 2353 1389 2394 nisi
1416 2353 1569 2394 Patris
1592 2353 1786 2393 consilio

158 2424 466 2475 resipisceret,
491 2424 629 2464 modo
651 2436 765 2465 vero
787 2424 984 2476 singulis
1005 2424 1250 2465 dominicis
1271 2424 1433 2465 diebus
1454 2424 1514 2464 ad
1535 2424 1787 2464 confessio-

157 2506 262 2534 nem
283 2495 480 2535 accedit:
503 2495 550 2535 in
571 2495 641 2535 his
663 2506 776 2535 sane
798 2501 938 2547 atque
960 2496 1007 2535 in
1027 2495 1131 2536 aliis
1157 2495 1203 2536 id
1232 2506 1382 2547 genus
1403 2495 1560 2535 multis
1581 2494 1785 2546 (Christo

155 2564 360 2617 auspice)
383 2565 422 2605 is
443 2564 581 2606 Pater
611 2571 843 2617 versatus,
867 2566 1005 2607 modo
1035 2566 1082 2606 in
1103 2565 1362 2617 sacrificiis,
1394 2578 1516 2606 nunc
1537 2566 1784 2606 exhortan—

128 2640 131 2643 ’
155 2636 230 2686 do,
253 2647 376 2676 nunc
397 2636 444 2676 in
463 2642 870 2677 sacramentorum
890 2637 1206 2689 poenitentiae
1232 2649 1286 2677 ac
1310 2636 1636 2677 Eucharistiae
1656 2637 1784 2677 mini-

156 2706 312 2747 sterio.

236 2776 330 2817 Nec
365 2777 411 2818 id
444 2778 626 2818 silentio
661 2779 940 2830 praeteribo,
977 2779 1101 2831 quod
1130 2779 1283 2820 Patris
1317 2779 1526 2820 eiusdem
1559 2779 1785 2820 beneficio

157 2848 366 2898 contigit,
389 2859 570 2889 summa
593 2850 715 2889 enim
742 2861 837 2890 non
865 2861 1028 2902 parua,
1059 2851 1201 2890 multo
1231 2857 1338 2891 ante
1360 2850 1530 2901 debita,
1562 2850 1785 2891 creditori

158 2917 338 2958 reddita
360 2927 445 2959 est.
469 2919 588 2960 Tum
613 2931 726 2960 vero
748 2920 1022 2962 adolescens
1053 2921 1313 2962 concubina
1335 2921 1585 2973 inuolutus,
1609 2921 1781 2973 praesi-
