2047 3179
852 150 936 186 AN.
968 149 1059 185 1555
1712 147 1783 186 585

154 248 261 288 dote
283 249 498 300 quodam,
524 261 581 288 cx
604 259 764 288 eorum
784 257 994 296 numero,
1018 245 1095 296 qui
1117 246 1239 296 apud
1261 256 1346 284 nos
1368 245 1682 284 conscientiae
1707 256 1779 284 ca-

154 331 233 359 sus
266 318 475 366 audiunt,
512 319 613 359 uiro
648 318 792 370 probo
822 323 867 357 et
896 317 1093 357 honesto
1126 318 1408 367 loqueretur,
1440 315 1573 366 eique
1602 322 1782 354 certum

154 390 391 441 quoddam
426 391 665 441 negotium
700 388 813 428 dare
847 388 1010 438 uellet,
1048 386 1172 438 quod
1206 387 1265 426 ad
1306 386 1515 426 diuinum
1555 386 1782 426 honorem

153 461 414 513 spectabat,
440 472 611 512 magno
632 459 806 511 gaudio
840 459 1114 510 completus,
1146 458 1328 508 gratias
1359 457 1456 508 agit
1487 457 1783 508 praepotenti

155 531 272 582 Deo,
297 531 417 583 quod
439 532 533 571 iam
554 531 732 583 (inquit)
755 543 813 570 ex
832 536 993 570 nostro
1015 540 1131 579 agro
1153 540 1259 568 eum
1280 527 1483 568 fructum
1504 528 1721 567 metimus
1738 535 1783 568 et

153 602 454 654 percipimus,
486 603 671 654 iamque
706 613 786 642 eos
821 613 878 642 ex
912 607 1072 640 nostro
1102 600 1262 640 labore
1292 599 1506 639 homines
1541 599 1781 648 habemus,

155 674 322 725 quibus
356 675 605 724 negocium
631 681 727 714 tam
755 673 882 725 pium
915 671 1140 713 mandare
1177 678 1221 711 et
1259 671 1498 722 imponere
1534 669 1783 721 possimus,

154 745 314 796 Itaque
336 756 497 784 eorum
519 745 818 785 sacerdotum
839 743 1090 793 nonnullis,
1114 754 1232 794 quos
1252 742 1541 793 aliquantulo
1563 742 1667 792 plus
1684 751 1785 792 pro-

154 815 323 855 fecisse
345 815 647 866 intelligebat,
673 814 912 864 beneficia,
937 826 1055 866 quae
1077 815 1382 865 appellamus,
1405 812 1582 863 tribuit;
1612 823 1785 863 eosque

151 897 236 937 per
259 898 314 926 ea
335 887 505 937 oppida
528 887 699 937 diuisit,
724 898 842 937 quae
865 886 924 926 ad
945 897 1078 926 suam
1099 884 1349 925 dioecesim
1371 884 1620 934 pertinent,
1640 888 1689 922 ut
1705 894 1785 922 eos

156 958 203 997 in
234 957 605 997 confessionibus
636 957 880 998 audiendis
908 957 1200 1006 adiuuarent,
1234 956 1312 1007 qui
1342 955 1660 995 curandorum
1691 954 1784 994 ani-

154 1039 338 1068 morum
361 1029 588 1068 sustinent
609 1040 792 1069 munus.
815 1027 1131 1080 Quamobrem
1152 1039 1178 1067 a
1208 1026 1309 1067 Deo
1338 1026 1443 1078 Opt.
1476 1026 1602 1066 Max.
1626 1036 1786 1077 preca-

157 1111 275 1149 mur,
306 1111 391 1151 pro
420 1100 551 1139 cuius
586 1111 746 1140 amore
781 1100 898 1140 haec
933 1099 1088 1140 omnia
1120 1098 1387 1139 Cardinalis
1412 1097 1708 1149 perstudiose
1743 1103 1787 1137 et

156 1170 410 1218 liberaliter
430 1171 552 1222 gerit
574 1178 712 1223 atque
734 1171 1045 1219 administrat,
1069 1176 1118 1210 ut
1139 1181 1242 1210 eam
1265 1171 1306 1210 ei
1326 1170 1474 1209 uitam
1495 1174 1539 1209 et
1567 1168 1787 1208 uirtutem

157 1241 402 1292 largiatur,
426 1253 517 1293 qua
540 1241 746 1292 cogitata
768 1241 1007 1293 perficere,
1031 1247 1075 1281 et
1096 1241 1307 1281 instituta
1331 1240 1390 1280 ad
1416 1240 1594 1280 exitum
1622 1238 1785 1290 perdu-

157 1324 264 1352 ccre
285 1313 456 1363 ualeat,
480 1313 710 1364 siquidem
732 1313 888 1353 omnia
910 1312 968 1352 ad
990 1312 1253 1352 animorum
1282 1313 1479 1351 salutem
1508 1311 1581 1362 pie
1612 1316 1657 1350 et
1684 1322 1787 1350 san-

157 1390 228 1423 cte
250 1383 426 1434 dirigit.

234 1454 359 1495 Nihil
379 1459 625 1506 praeterea
646 1454 780 1494 nobis
801 1454 890 1495 hoc
911 1460 1120 1506 tempore
1138 1453 1196 1494 ad
1213 1461 1272 1504 te,
1292 1453 1431 1494 Pater
1449 1453 1656 1504 colende,
1676 1453 1787 1493 scri-

158 1525 359 1565 bendum
382 1525 601 1576 occurrit,
626 1525 718 1566 nisi
738 1532 787 1565 ut
809 1531 853 1565 te
870 1526 1026 1566 multis
1043 1531 1087 1565 et
1104 1525 1393 1577 supplicibus
1409 1525 1565 1565 uerbis
1581 1536 1785 1575 oremus,

157 1608 231 1648 ne,
255 1608 362 1636 cum
382 1607 547 1648 preces
569 1596 854 1645 adhibueris,
879 1608 985 1636 cum
1004 1596 1288 1637 sacrificium
1307 1596 1492 1646 feceris,
1512 1596 1661 1636 nostri
1678 1596 1788 1636 obli—

156 1667 371 1718 uiscaris;
395 1667 477 1708 sed
501 1667 804 1707 obsecramus
825 1675 870 1708 te
892 1674 941 1707 ut
968 1667 1127 1707 ueniat
1152 1667 1237 1707 tibi
1266 1668 1314 1707 in
1341 1674 1542 1708 mentem
1570 1678 1656 1707 nos
1683 1673 1789 1708 tuos

152 1738 275 1778 filios
298 1750 414 1779 esse.

234 1809 389 1849 Pridie
412 1809 570 1849 Calen.
591 1808 891 1860 Septembris.
915 1809 1083 1859 Ebora,
1110 1809 1225 1860 1555.

581 1879 721 1932 Jussu
742 1879 895 1920 Patris
916 1880 1064 1921 Marci
1085 1880 1295 1932 Georgii,

1013 2023 1301 2063 FRANclscus
1331 2022 1574 2063 MORALEs.

238 2235 592 2288 Superscrz'ptz'o
613 2236 663 2276 in
685 2239 859 2287 quarta
874 2236 1082 2287 pagina:
1102 2235 1131 2280 †
1152 2235 1211 2276 Al
1242 2247 1352 2287 muy
1382 2235 1483 2276 R.d0
1513 2247 1570 2275 en
1601 2234 1790 2275 Christo

157 2307 310 2348 Padre
331 2309 372 2348 el
392 2307 442 2347 P.
465 2307 672 2347 Maestro
690 2307 896 2358 Ignacio,
915 2306 1159 2358 Preposito
1176 2306 1379 2347 General
1397 2307 1453 2347 de
1471 2307 1515 2347 la
1532 2306 1791 2357 Compafiia

159 2380 215 2419 de
235 2378 372 2432 jesus
394 2391 452 2419 en
471 2377 636 2419 Roma.

238 2449 350 2490 Alia
370 2461 534 2490 mann:
558 2449 673 2490 1555.
698 2450 866 2490 Ebora.
893 2449 1271 2501 Quadrimestres
1291 2449 1340 2489 31
1369 2449 1587 2501 Augusti.
1619 2449 1716 2489 R.ta
1741 2449 1794 2490 20

156 2522 394 2563 Octobris.
