<?xml version="1.0" encoding="UTF-8"?>
<!DOCTYPE html PUBLIC "-//W3C//DTD XHTML 1.0 Transitional//EN"
    "http://www.w3.org/TR/xhtml1/DTD/xhtml1-transitional.dtd">
<html xmlns="http://www.w3.org/1999/xhtml" xml:lang="en" lang="en">
 <head>
  <title>
</title>
<meta http-equiv="Content-Type" content="text/html;charset=utf-8" />
  <meta name='ocr-system' content='tesseract 3.04.00' />
  <meta name='ocr-capabilities' content='ocr_page ocr_carea ocr_par ocr_line ocrx_word'/>
</head>
<body>
  <div class='ocr_page' id='page_1' title='image "./litteraequadrime15lain_0229.png"; bbox 0 0 2047 3179; ppageno 0'>
   <div class='ocr_carea' id='block_1_1' title="bbox 1779 146 1834 182">
    <p class='ocr_par' dir='ltr' id='par_1_1' title="bbox 1779 146 1834 182">
     <span class='ocr_line' id='line_1_1' title="bbox 1779 146 1834 182; textangle 90"><span class='ocrx_word' id='word_1_1' title='bbox 1779 146 1834 182; x_wconf 56' lang='grc' dir='ltr'>ἐἴ</span> 
     </span>
    </p>
   </div>
   <div class='ocr_carea' id='block_1_2' title="bbox 916 146 1783 182">
    <p class='ocr_par' dir='ltr' id='par_1_2' title="bbox 916 146 1783 182">
     <span class='ocr_line' id='line_1_2' title="bbox 916 146 1783 182; baseline -0.007 0"><span class='ocrx_word' id='word_1_2' title='bbox 916 146 997 182; x_wconf 71' lang='grc' dir='ltr'>ΑΝ.</span> <span class='ocrx_word' id='word_1_3' title='bbox 1025 146 1114 181; x_wconf 71' lang='lat'>1553</span> <span class='ocrx_word' id='word_1_4' title='bbox 1754 148 1783 182; x_wconf 60' lang='grc' dir='ltr'>ζ·</span> 
     </span>
    </p>
   </div>
   <div class='ocr_carea' id='block_1_3' title="bbox 372 503 1646 541">
    <p class='ocr_par' dir='ltr' id='par_1_3' title="bbox 372 503 1646 541">
     <span class='ocr_line' id='line_1_3' title="bbox 372 503 1646 541; baseline -0.004 -5"><span class='ocrx_word' id='word_1_5' title='bbox 372 509 653 536; x_wconf 81' lang='lat' dir='ltr'>Praecedentium</span> <span class='ocrx_word' id='word_1_6' title='bbox 669 508 707 535; x_wconf 85' lang='lat' dir='ltr'>fr.</span> <span class='ocrx_word' id='word_1_7' title='bbox 724 505 921 541; x_wconf 79' lang='lat' dir='ltr'>Hieronymi</span> <span class='ocrx_word' id='word_1_8' title='bbox 937 505 977 531; x_wconf 78' lang='lat' dir='ltr'>de</span> <span class='ocrx_word' id='word_1_9' title='bbox 993 503 1139 538; x_wconf 76' lang='lat' dir='ltr'>Ripalda</span> <span class='ocrx_word' id='word_1_10' title='bbox 1155 503 1350 531; x_wconf 77' lang='lat' dir='ltr'>litterarum</span> <span class='ocrx_word' id='word_1_11' title='bbox 1365 505 1471 531; x_wconf 76' lang='lat' dir='ltr'>latina</span> <span class='ocrx_word' id='word_1_12' title='bbox 1489 505 1601 531; x_wconf 85' lang='lat' dir='ltr'>versio</span> <span class='ocrx_word' id='word_1_13' title='bbox 1625 504 1646 530; x_wconf 78' lang='lat'>¹.</span> 
     </span>
    </p>
   </div>
   <div class='ocr_carea' id='block_1_4' title="bbox 965 736 1094 776">
    <p class='ocr_par' dir='ltr' id='par_1_4' title="bbox 965 736 1094 776">
     <span class='ocr_line' id='line_1_4' title="bbox 965 736 1094 776; baseline -0.008 0"><span class='ocrx_word' id='word_1_14' title='bbox 965 736 1094 776; x_wconf 81' lang='lat' dir='ltr'>Iesus</span> 
     </span>
    </p>
   </div>
   <div class='ocr_carea' id='block_1_5' title="bbox 177 880 1821 2709">
    <p class='ocr_par' dir='ltr' id='par_1_5' title="bbox 264 880 786 918">
     <span class='ocr_line' id='line_1_5' title="bbox 264 880 786 918; baseline -0.008 0"><span class='ocrx_word' id='word_1_15' title='bbox 264 880 360 918; x_wconf 74' lang='lat' dir='ltr'>R.d0</span> <span class='ocrx_word' id='word_1_16' title='bbox 379 882 422 918; x_wconf 90' lang='lat' dir='ltr'>in</span> <span class='ocrx_word' id='word_1_17' title='bbox 443 881 619 917; x_wconf 84' lang='lat' dir='ltr'>Christo</span> <span class='ocrx_word' id='word_1_18' title='bbox 642 880 786 916; x_wconf 82' lang='lat' dir='ltr'>Pater.</span> 
     </span>
    </p>

    <p class='ocr_par' dir='ltr' id='par_1_6' title="bbox 273 952 948 1004">
     <span class='ocr_line' id='line_1_6' title="bbox 273 952 948 1004; baseline -0.006 -10"><span class='ocrx_word' id='word_1_19' title='bbox 273 953 438 994; x_wconf 86' lang='lat' dir='ltr'>Gratia</span> <span class='ocrx_word' id='word_1_20' title='bbox 461 960 505 993; x_wconf 92' lang='lat' dir='ltr'>et</span> <span class='ocrx_word' id='word_1_21' title='bbox 526 965 621 1004; x_wconf 77' lang='lat' dir='ltr'>pax</span> <span class='ocrx_word' id='word_1_22' title='bbox 644 952 835 1002; x_wconf 81' lang='lat' dir='ltr'>Christi,</span> <span class='ocrx_word' id='word_1_23' title='bbox 860 956 948 991; x_wconf 87' lang='lat' dir='ltr'>etc.</span> 
     </span>
    </p>

    <p class='ocr_par' dir='ltr' id='par_1_7' title="bbox 177 1019 1821 2709">
     <span class='ocr_line' id='line_1_7' title="bbox 270 1019 1818 1075; baseline -0.003 -11"><span class='ocrx_word' id='word_1_24' title='bbox 270 1023 443 1075; x_wconf 85' lang='lat' dir='ltr'>Aliqua</span> <span class='ocrx_word' id='word_1_25' title='bbox 471 1036 519 1064; x_wconf 89' lang='lat' dir='ltr'>se</span> <span class='ocrx_word' id='word_1_26' title='bbox 547 1024 661 1063; x_wconf 85' lang='lat' dir='ltr'>mihi</span> <span class='ocrx_word' id='word_1_27' title='bbox 697 1022 910 1072; x_wconf 86' lang='lat' dir='ltr'>offerunt,</span> <span class='ocrx_word' id='word_1_28' title='bbox 944 1033 1063 1072; x_wconf 86' lang='lat' dir='ltr'>quae</span> <span class='ocrx_word' id='word_1_29' title='bbox 1094 1020 1254 1060; x_wconf 87' lang='lat' dir='ltr'>diuina</span> <span class='ocrx_word' id='word_1_30' title='bbox 1289 1020 1474 1060; x_wconf 78' lang='lat' dir='ltr'>bonitas</span> <span class='ocrx_word' id='word_1_31' title='bbox 1508 1019 1579 1059; x_wconf 89' lang='lat' dir='ltr'>his</span> <span class='ocrx_word' id='word_1_32' title='bbox 1616 1026 1818 1071; x_wconf 88' lang='lat' dir='ltr'>quatuor</span> 
     </span>
     <span class='ocr_line' id='line_1_8' title="bbox 189 1091 1820 1147; baseline -0.004 -11"><span class='ocrx_word' id='word_1_33' title='bbox 189 1096 403 1147; x_wconf 75' lang='lat' dir='ltr'>proxime</span> <span class='ocrx_word' id='word_1_34' title='bbox 437 1096 609 1146; x_wconf 88' lang='lat' dir='ltr'>elapsis</span> <span class='ocrx_word' id='word_1_35' title='bbox 637 1094 873 1135; x_wconf 87' lang='lat' dir='ltr'>mensibus</span> <span class='ocrx_word' id='word_1_36' title='bbox 906 1104 988 1144; x_wconf 92' lang='lat' dir='ltr'>per</span> <span class='ocrx_word' id='word_1_37' title='bbox 1023 1092 1188 1132; x_wconf 83' lang='lat' dir='ltr'>Patres</span> <span class='ocrx_word' id='word_1_38' title='bbox 1223 1091 1359 1132; x_wconf 88' lang='lat' dir='ltr'>huius</span> <span class='ocrx_word' id='word_1_39' title='bbox 1396 1091 1595 1140; x_wconf 71' lang='lat' dir='ltr'>Collegii</span> <span class='ocrx_word' id='word_1_40' title='bbox 1632 1092 1820 1142; x_wconf 90' lang='lat' dir='ltr'>operari</span> 
     </span>
     <span class='ocr_line' id='line_1_9' title="bbox 191 1162 1821 1218; baseline -0.004 -11"><span class='ocrx_word' id='word_1_41' title='bbox 191 1166 385 1218; x_wconf 79' lang='lat' dir='ltr'>dignata</span> <span class='ocrx_word' id='word_1_42' title='bbox 413 1173 497 1216; x_wconf 84' lang='lat' dir='ltr'>est,</span> <span class='ocrx_word' id='word_1_43' title='bbox 530 1166 588 1206; x_wconf 87' lang='lat' dir='ltr'>ad</span> <span class='ocrx_word' id='word_1_44' title='bbox 616 1165 789 1206; x_wconf 83' lang='lat' dir='ltr'>Christi</span> <span class='ocrx_word' id='word_1_45' title='bbox 814 1164 1015 1216; x_wconf 81' lang='lat' dir='ltr'>gloriam</span> <span class='ocrx_word' id='word_1_46' title='bbox 1041 1162 1367 1203; x_wconf 79' lang='lat' dir='ltr'>illustrandam</span> <span class='ocrx_word' id='word_1_47' title='bbox 1388 1163 1566 1214; x_wconf 82' lang='lat' dir='ltr'>scriptu</span> <span class='ocrx_word' id='word_1_48' title='bbox 1588 1163 1746 1212; x_wconf 84' lang='lat' dir='ltr'>digna.</span> <span class='ocrx_word' id='word_1_49' title='bbox 1769 1162 1821 1202; x_wconf 90' lang='lat' dir='ltr'>In</span> 
     </span>
     <span class='ocr_line' id='line_1_10' title="bbox 191 1233 1816 1290; baseline -0.004 -12"><span class='ocrx_word' id='word_1_50' title='bbox 191 1238 358 1290; x_wconf 86' lang='lat' dir='ltr'>quibus</span> <span class='ocrx_word' id='word_1_51' title='bbox 377 1237 677 1278; x_wconf 75' lang='lat' dir='ltr'>recensendis</span> <span class='ocrx_word' id='word_1_52' title='bbox 703 1249 729 1277; x_wconf 89' lang='lat' dir='ltr'>a</span> <span class='ocrx_word' id='word_1_53' title='bbox 755 1235 857 1276; x_wconf 79' lang='lat' dir='ltr'>R.d0</span> <span class='ocrx_word' id='word_1_54' title='bbox 883 1235 1021 1275; x_wconf 87' lang='lat' dir='ltr'>Patre</span> <span class='ocrx_word' id='word_1_55' title='bbox 1051 1240 1213 1274; x_wconf 91' lang='lat' dir='ltr'>nostro</span> <span class='ocrx_word' id='word_1_56' title='bbox 1243 1233 1300 1274; x_wconf 92' lang='lat' dir='ltr'>D.</span> <span class='ocrx_word' id='word_1_57' title='bbox 1331 1233 1543 1285; x_wconf 81' lang='lat' dir='ltr'>Baptista</span> <span class='ocrx_word' id='word_1_58' title='bbox 1574 1234 1816 1285; x_wconf 89' lang='lat' dir='ltr'>auspican-</span> 
     </span>
     <span class='ocr_line' id='line_1_11' title="bbox 187 1304 1820 1361; baseline -0.004 -12"><span class='ocrx_word' id='word_1_59' title='bbox 187 1309 298 1349; x_wconf 92' lang='lat' dir='ltr'>dum</span> <span class='ocrx_word' id='word_1_60' title='bbox 319 1309 494 1361; x_wconf 87' lang='lat' dir='ltr'>putaui.</span> <span class='ocrx_word' id='word_1_61' title='bbox 518 1308 562 1348; x_wconf 87' lang='lat' dir='ltr'>Is</span> <span class='ocrx_word' id='word_1_62' title='bbox 592 1308 657 1358; x_wconf 89' lang='lat' dir='ltr'>(ut</span> <span class='ocrx_word' id='word_1_63' title='bbox 678 1307 795 1347; x_wconf 89' lang='lat' dir='ltr'>alias</span> <span class='ocrx_word' id='word_1_64' title='bbox 825 1305 1113 1358; x_wconf 86' lang='lat' dir='ltr'>scripsimus)</span> <span class='ocrx_word' id='word_1_65' title='bbox 1148 1305 1346 1356; x_wconf 81' lang='lat' dir='ltr'>singulis</span> <span class='ocrx_word' id='word_1_66' title='bbox 1376 1304 1539 1344; x_wconf 89' lang='lat' dir='ltr'>diebus</span> <span class='ocrx_word' id='word_1_67' title='bbox 1571 1305 1820 1344; x_wconf 80' lang='lat' dir='ltr'>dominicis</span> 
     </span>
     <span class='ocr_line' id='line_1_12' title="bbox 188 1375 1818 1431; baseline -0.003 -11"><span class='ocrx_word' id='word_1_68' title='bbox 188 1380 494 1431; x_wconf 88' lang='lat' dir='ltr'>omnibusque</span> <span class='ocrx_word' id='word_1_69' title='bbox 522 1379 619 1419; x_wconf 87' lang='lat' dir='ltr'>fere</span> <span class='ocrx_word' id='word_1_70' title='bbox 650 1379 812 1418; x_wconf 90' lang='lat' dir='ltr'>diebus</span> <span class='ocrx_word' id='word_1_71' title='bbox 840 1377 991 1426; x_wconf 87' lang='lat' dir='ltr'>festis,</span> <span class='ocrx_word' id='word_1_72' title='bbox 1022 1376 1230 1416; x_wconf 80' lang='lat' dir='ltr'>maxima</span> <span class='ocrx_word' id='word_1_73' title='bbox 1263 1387 1368 1415; x_wconf 90' lang='lat' dir='ltr'>cum</span> <span class='ocrx_word' id='word_1_74' title='bbox 1404 1376 1691 1416; x_wconf 88' lang='lat' dir='ltr'>audientium</span> <span class='ocrx_word' id='word_1_75' title='bbox 1729 1375 1818 1416; x_wconf 89' lang='lat' dir='ltr'>fre-</span> 
     </span>
     <span class='ocr_line' id='line_1_13' title="bbox 187 1446 1820 1503; baseline -0.002 -12"><span class='ocrx_word' id='word_1_76' title='bbox 187 1451 378 1503; x_wconf 87' lang='lat' dir='ltr'>quentia</span> <span class='ocrx_word' id='word_1_77' title='bbox 417 1457 461 1490; x_wconf 90' lang='lat' dir='ltr'>et</span> <span class='ocrx_word' id='word_1_78' title='bbox 501 1451 749 1502; x_wconf 87' lang='lat' dir='ltr'>applausu,</span> <span class='ocrx_word' id='word_1_79' title='bbox 797 1448 1117 1489; x_wconf 86' lang='lat' dir='ltr'>concionatur.</span> <span class='ocrx_word' id='word_1_80' title='bbox 1159 1447 1302 1487; x_wconf 89' lang='lat' dir='ltr'>Cuius</span> <span class='ocrx_word' id='word_1_81' title='bbox 1349 1446 1492 1486; x_wconf 90' lang='lat' dir='ltr'>animi</span> <span class='ocrx_word' id='word_1_82' title='bbox 1540 1446 1674 1487; x_wconf 87' lang='lat' dir='ltr'>dotes</span> <span class='ocrx_word' id='word_1_83' title='bbox 1710 1447 1820 1487; x_wconf 89' lang='lat' dir='ltr'>huic</span> 
     </span>
     <span class='ocr_line' id='line_1_14' title="bbox 185 1517 1819 1570; baseline -0.003 -9"><span class='ocrx_word' id='word_1_84' title='bbox 185 1522 397 1562; x_wconf 91' lang='lat' dir='ltr'>obeundo</span> <span class='ocrx_word' id='word_1_85' title='bbox 434 1521 615 1561; x_wconf 89' lang='lat' dir='ltr'>muneri</span> <span class='ocrx_word' id='word_1_86' title='bbox 650 1519 1032 1560; x_wconf 82' lang='lat' dir='ltr'>accommodatae</span> <span class='ocrx_word' id='word_1_87' title='bbox 1068 1524 1180 1570; x_wconf 90' lang='lat' dir='ltr'>quot</span> <span class='ocrx_word' id='word_1_88' title='bbox 1216 1523 1261 1557; x_wconf 92' lang='lat' dir='ltr'>et</span> <span class='ocrx_word' id='word_1_89' title='bbox 1296 1529 1415 1569; x_wconf 88' lang='lat' dir='ltr'>quae</span> <span class='ocrx_word' id='word_1_90' title='bbox 1450 1517 1556 1567; x_wconf 89' lang='lat' dir='ltr'>sint,</span> <span class='ocrx_word' id='word_1_91' title='bbox 1596 1517 1819 1569; x_wconf 83' lang='lat' dir='ltr'>quoniam</span> 
     </span>
     <span class='ocr_line' id='line_1_15' title="bbox 184 1588 1817 1640; baseline -0.004 -7"><span class='ocrx_word' id='word_1_92' title='bbox 184 1599 254 1633; x_wconf 90' lang='lat' dir='ltr'>est</span> <span class='ocrx_word' id='word_1_93' title='bbox 281 1593 374 1632; x_wconf 90' lang='lat' dir='ltr'>iam</span> <span class='ocrx_word' id='word_1_94' title='bbox 395 1591 700 1632; x_wconf 86' lang='lat' dir='ltr'>Reverendae</span> <span class='ocrx_word' id='word_1_95' title='bbox 721 1590 996 1631; x_wconf 86' lang='lat' dir='ltr'>Paternitati</span> <span class='ocrx_word' id='word_1_96' title='bbox 1019 1595 1126 1629; x_wconf 87' lang='lat' dir='ltr'>tuae</span> <span class='ocrx_word' id='word_1_97' title='bbox 1147 1600 1230 1640; x_wconf 91' lang='lat' dir='ltr'>per</span> <span class='ocrx_word' id='word_1_98' title='bbox 1253 1589 1370 1628; x_wconf 86' lang='lat' dir='ltr'>alias</span> <span class='ocrx_word' id='word_1_99' title='bbox 1390 1588 1614 1640; x_wconf 85' lang='lat' dir='ltr'>epistolas</span> <span class='ocrx_word' id='word_1_100' title='bbox 1643 1588 1817 1639; x_wconf 82' lang='lat' dir='ltr'>signifi-</span> 
     </span>
     <span class='ocr_line' id='line_1_16' title="bbox 184 1659 1812 1714; baseline -0.002 -11"><span class='ocrx_word' id='word_1_101' title='bbox 184 1670 354 1713; x_wconf 90' lang='lat' dir='ltr'>catum,</span> <span class='ocrx_word' id='word_1_102' title='bbox 393 1663 440 1702; x_wconf 91' lang='lat' dir='ltr'>in</span> <span class='ocrx_word' id='word_1_103' title='bbox 474 1662 742 1714; x_wconf 88' lang='lat' dir='ltr'>praesentia</span> <span class='ocrx_word' id='word_1_104' title='bbox 776 1661 1030 1701; x_wconf 89' lang='lat' dir='ltr'>subticebo.</span> <span class='ocrx_word' id='word_1_105' title='bbox 1067 1660 1117 1700; x_wconf 89' lang='lat' dir='ltr'>Id</span> <span class='ocrx_word' id='word_1_106' title='bbox 1152 1667 1310 1700; x_wconf 88' lang='lat' dir='ltr'>tamen</span> <span class='ocrx_word' id='word_1_107' title='bbox 1345 1671 1489 1700; x_wconf 89' lang='lat' dir='ltr'>unum</span> <span class='ocrx_word' id='word_1_108' title='bbox 1525 1659 1661 1699; x_wconf 88' lang='lat' dir='ltr'>dictis</span> <span class='ocrx_word' id='word_1_109' title='bbox 1703 1660 1812 1700; x_wconf 88' lang='lat' dir='ltr'>adii-</span> 
     </span>
     <span class='ocr_line' id='line_1_17' title="bbox 184 1730 1816 1784; baseline -0.002 -10"><span class='ocrx_word' id='word_1_110' title='bbox 184 1735 320 1774; x_wconf 90' lang='lat' dir='ltr'>ciam:</span> <span class='ocrx_word' id='word_1_111' title='bbox 344 1734 514 1773; x_wconf 87' lang='lat' dir='ltr'>mirum</span> <span class='ocrx_word' id='word_1_112' title='bbox 535 1744 637 1773; x_wconf 87' lang='lat' dir='ltr'>esse</span> <span class='ocrx_word' id='word_1_113' title='bbox 659 1739 884 1784; x_wconf 89' lang='lat' dir='ltr'>quantum</span> <span class='ocrx_word' id='word_1_114' title='bbox 914 1732 1012 1772; x_wconf 91' lang='lat' dir='ltr'>eius</span> <span class='ocrx_word' id='word_1_115' title='bbox 1034 1731 1080 1771; x_wconf 82' lang='lat' dir='ltr'>in</span> <span class='ocrx_word' id='word_1_116' title='bbox 1101 1731 1298 1771; x_wconf 88' lang='lat' dir='ltr'>dicendo</span> <span class='ocrx_word' id='word_1_117' title='bbox 1331 1730 1523 1770; x_wconf 88' lang='lat' dir='ltr'>libertas</span> <span class='ocrx_word' id='word_1_118' title='bbox 1554 1731 1707 1782; x_wconf 83' lang='lat' dir='ltr'>magis</span> <span class='ocrx_word' id='word_1_119' title='bbox 1737 1743 1816 1771; x_wconf 82' lang='lat' dir='ltr'>ex-</span> 
     </span>
     <span class='ocr_line' id='line_1_18' title="bbox 183 1802 1815 1855; baseline -0.001 -10"><span class='ocrx_word' id='word_1_120' title='bbox 183 1812 366 1845; x_wconf 89' lang='lat' dir='ltr'>crescat</span> <span class='ocrx_word' id='word_1_121' title='bbox 387 1805 434 1844; x_wconf 89' lang='lat' dir='ltr'>in</span> <span class='ocrx_word' id='word_1_122' title='bbox 455 1804 567 1854; x_wconf 90' lang='lat' dir='ltr'>dies,</span> <span class='ocrx_word' id='word_1_123' title='bbox 593 1814 824 1855; x_wconf 85' lang='lat' dir='ltr'>quamque</span> <span class='ocrx_word' id='word_1_124' title='bbox 845 1803 1095 1842; x_wconf 89' lang='lat' dir='ltr'>conciones</span> <span class='ocrx_word' id='word_1_125' title='bbox 1117 1802 1215 1842; x_wconf 91' lang='lat' dir='ltr'>eius</span> <span class='ocrx_word' id='word_1_126' title='bbox 1245 1802 1337 1842; x_wconf 89' lang='lat' dir='ltr'>sint</span> <span class='ocrx_word' id='word_1_127' title='bbox 1358 1802 1530 1853; x_wconf 89' lang='lat' dir='ltr'>populo</span> <span class='ocrx_word' id='word_1_128' title='bbox 1559 1802 1815 1852; x_wconf 51' lang='lat' dir='ltr'>gratiore&amp;¹</span> 
     </span>
     <span class='ocr_line' id='line_1_19' title="bbox 184 1873 1808 1928; baseline -0.003 -12"><span class='ocrx_word' id='word_1_129' title='bbox 184 1876 308 1928; x_wconf 90' lang='lat' dir='ltr'>quod</span> <span class='ocrx_word' id='word_1_130' title='bbox 328 1877 402 1915; x_wconf 91' lang='lat' dir='ltr'>uel</span> <span class='ocrx_word' id='word_1_131' title='bbox 424 1875 513 1915; x_wconf 88' lang='lat' dir='ltr'>hoc</span> <span class='ocrx_word' id='word_1_132' title='bbox 535 1887 626 1914; x_wconf 91' lang='lat' dir='ltr'>uno</span> <span class='ocrx_word' id='word_1_133' title='bbox 648 1873 929 1924; x_wconf 88' lang='lat' dir='ltr'>testimonio,</span> <span class='ocrx_word' id='word_1_134' title='bbox 953 1873 1077 1924; x_wconf 88' lang='lat' dir='ltr'>quod</span> <span class='ocrx_word' id='word_1_135' title='bbox 1103 1873 1362 1922; x_wconf 89' lang='lat' dir='ltr'>subiiciam‚</span> <span class='ocrx_word' id='word_1_136' title='bbox 1386 1880 1677 1923; x_wconf 81' lang='lat' dir='ltr'>compertum</span> <span class='ocrx_word' id='word_1_137' title='bbox 1704 1873 1808 1912; x_wconf 92' lang='lat' dir='ltr'>erit.</span> 
     </span>
     <span class='ocr_line' id='line_1_20' title="bbox 182 1943 1812 1998; baseline -0.004 -10"><span class='ocrx_word' id='word_1_138' title='bbox 182 1946 299 1988; x_wconf 85' lang='lat' dir='ltr'>Sunt</span> <span class='ocrx_word' id='word_1_139' title='bbox 320 1946 508 1998; x_wconf 85' lang='lat' dir='ltr'>quidam</span> <span class='ocrx_word' id='word_1_140' title='bbox 529 1945 749 1997; x_wconf 84' lang='lat' dir='ltr'>generosi</span> <span class='ocrx_word' id='word_1_141' title='bbox 769 1945 871 1994; x_wconf 90' lang='lat' dir='ltr'>uiri,</span> <span class='ocrx_word' id='word_1_142' title='bbox 895 1944 1014 1984; x_wconf 90' lang='lat' dir='ltr'>inter</span> <span class='ocrx_word' id='word_1_143' title='bbox 1035 1944 1259 1995; x_wconf 88' lang='lat' dir='ltr'>primates</span> <span class='ocrx_word' id='word_1_144' title='bbox 1282 1943 1417 1983; x_wconf 84' lang='lat' dir='ltr'>huius</span> <span class='ocrx_word' id='word_1_145' title='bbox 1435 1943 1656 1991; x_wconf 85' lang='lat' dir='ltr'>civitatis,</span> <span class='ocrx_word' id='word_1_146' title='bbox 1676 1954 1812 1994; x_wconf 84' lang='lat' dir='ltr'>gene-</span> 
     </span>
     <span class='ocr_line' id='line_1_21' title="bbox 181 2013 1816 2066; baseline -0.003 -7"><span class='ocrx_word' id='word_1_147' title='bbox 181 2019 248 2059; x_wconf 86' lang='lat' dir='ltr'>ris</span> <span class='ocrx_word' id='word_1_148' title='bbox 276 2018 521 2058; x_wconf 87' lang='lat' dir='ltr'>nobilitate</span> <span class='ocrx_word' id='word_1_149' title='bbox 552 2015 823 2065; x_wconf 86' lang='lat' dir='ltr'>clarissimi,</span> <span class='ocrx_word' id='word_1_150' title='bbox 859 2026 972 2066; x_wconf 86' lang='lat' dir='ltr'>erga</span> <span class='ocrx_word' id='word_1_151' title='bbox 1003 2014 1191 2054; x_wconf 80' lang='lat' dir='ltr'>Patrem</span> <span class='ocrx_word' id='word_1_152' title='bbox 1214 2015 1383 2054; x_wconf 88' lang='lat' dir='ltr'>mirum</span> <span class='ocrx_word' id='word_1_153' title='bbox 1410 2013 1588 2063; x_wconf 78' lang='lat' dir='ltr'>affecti,</span> <span class='ocrx_word' id='word_1_154' title='bbox 1620 2015 1816 2066; x_wconf 87' lang='lat' dir='ltr'>eiusque</span> 
     </span>
     <span class='ocr_line' id='line_1_22' title="bbox 181 2086 1815 2138; baseline -0.003 -8"><span class='ocrx_word' id='word_1_155' title='bbox 181 2090 422 2130; x_wconf 88' lang='lat' dir='ltr'>doctrinae</span> <span class='ocrx_word' id='word_1_156' title='bbox 442 2100 535 2128; x_wconf 89' lang='lat' dir='ltr'>non</span> <span class='ocrx_word' id='word_1_157' title='bbox 556 2088 709 2127; x_wconf 85' lang='lat' dir='ltr'>minus</span> <span class='ocrx_word' id='word_1_158' title='bbox 730 2087 916 2135; x_wconf 87' lang='lat' dir='ltr'>addicti,</span> <span class='ocrx_word' id='word_1_159' title='bbox 942 2086 1019 2138; x_wconf 87' lang='lat' dir='ltr'>qui</span> <span class='ocrx_word' id='word_1_160' title='bbox 1041 2086 1114 2126; x_wconf 89' lang='lat' dir='ltr'>die</span> <span class='ocrx_word' id='word_1_161' title='bbox 1137 2086 1341 2137; x_wconf 86' lang='lat' dir='ltr'>quadam</span> <span class='ocrx_word' id='word_1_162' title='bbox 1362 2086 1407 2125; x_wconf 89' lang='lat' dir='ltr'>in</span> <span class='ocrx_word' id='word_1_163' title='bbox 1429 2086 1596 2125; x_wconf 86' lang='lat' dir='ltr'>cellam</span> <span class='ocrx_word' id='word_1_164' title='bbox 1617 2086 1732 2134; x_wconf 89' lang='lat' dir='ltr'>eius,</span> <span class='ocrx_word' id='word_1_165' title='bbox 1758 2098 1815 2125; x_wconf 87' lang='lat' dir='ltr'>eo</span> 
     </span>
     <span class='ocr_line' id='line_1_23' title="bbox 179 2156 1810 2212; baseline -0.004 -11"><span class='ocrx_word' id='word_1_166' title='bbox 179 2172 274 2201; x_wconf 90' lang='lat' dir='ltr'>non</span> <span class='ocrx_word' id='word_1_167' title='bbox 307 2159 617 2212; x_wconf 87' lang='lat' dir='ltr'>praemonito,</span> <span class='ocrx_word' id='word_1_168' title='bbox 654 2159 955 2207; x_wconf 88' lang='lat' dir='ltr'>introeuntes,</span> <span class='ocrx_word' id='word_1_169' title='bbox 986 2169 1035 2197; x_wconf 91' lang='lat' dir='ltr'>se</span> <span class='ocrx_word' id='word_1_170' title='bbox 1063 2157 1222 2196; x_wconf 91' lang='lat' dir='ltr'>statim</span> <span class='ocrx_word' id='word_1_171' title='bbox 1249 2157 1308 2196; x_wconf 85' lang='lat' dir='ltr'>ad</span> <span class='ocrx_word' id='word_1_172' title='bbox 1340 2156 1480 2207; x_wconf 90' lang='lat' dir='ltr'>pedes</span> <span class='ocrx_word' id='word_1_173' title='bbox 1512 2156 1610 2196; x_wconf 90' lang='lat' dir='ltr'>eius</span> <span class='ocrx_word' id='word_1_174' title='bbox 1633 2156 1810 2196; x_wconf 91' lang='lat' dir='ltr'>abiece-</span> 
     </span>
     <span class='ocr_line' id='line_1_24' title="bbox 179 2227 1814 2283; baseline -0.004 -11"><span class='ocrx_word' id='word_1_175' title='bbox 179 2238 301 2282; x_wconf 86' lang='lat' dir='ltr'>runt,</span> <span class='ocrx_word' id='word_1_176' title='bbox 325 2243 407 2283; x_wconf 91' lang='lat' dir='ltr'>per</span> <span class='ocrx_word' id='word_1_177' title='bbox 428 2230 515 2270; x_wconf 88' lang='lat' dir='ltr'>Dei</span> <span class='ocrx_word' id='word_1_178' title='bbox 528 2240 736 2269; x_wconf 84' lang='lat' dir='ltr'>amorem</span> <span class='ocrx_word' id='word_1_179' title='bbox 754 2229 922 2268; x_wconf 81' lang='lat' dir='ltr'>obnixe</span> <span class='ocrx_word' id='word_1_180' title='bbox 939 2230 1230 2279; x_wconf 87' lang='lat' dir='ltr'>postulantes</span> <span class='ocrx_word' id='word_1_181' title='bbox 1251 2227 1514 2278; x_wconf 87' lang='lat' dir='ltr'>aliquarum</span> <span class='ocrx_word' id='word_1_182' title='bbox 1532 2227 1814 2267; x_wconf 88' lang='lat' dir='ltr'>concionum</span> 
     </span>
     <span class='ocr_line' id='line_1_25' title="bbox 179 2298 1814 2354; baseline -0.004 -10"><span class='ocrx_word' id='word_1_183' title='bbox 179 2302 465 2354; x_wconf 86' lang='lat' dir='ltr'>exemplaria</span> <span class='ocrx_word' id='word_1_184' title='bbox 486 2301 573 2340; x_wconf 85' lang='lat' dir='ltr'>sibi</span> <span class='ocrx_word' id='word_1_185' title='bbox 594 2300 830 2350; x_wconf 74' lang='lat' dir='ltr'>tribueret,</span> <span class='ocrx_word' id='word_1_186' title='bbox 855 2299 979 2351; x_wconf 87' lang='lat' dir='ltr'>quod</span> <span class='ocrx_word' id='word_1_187' title='bbox 1000 2306 1048 2339; x_wconf 94' lang='lat' dir='ltr'>ut</span> <span class='ocrx_word' id='word_1_188' title='bbox 1068 2299 1245 2339; x_wconf 86' lang='lat' dir='ltr'>faceret</span> <span class='ocrx_word' id='word_1_189' title='bbox 1266 2298 1498 2343; x_wconf 87' lang='lat' dir='ltr'>libentius.</span> <span class='ocrx_word' id='word_1_190' title='bbox 1522 2310 1627 2338; x_wconf 89' lang='lat' dir='ltr'>eum</span> <span class='ocrx_word' id='word_1_191' title='bbox 1648 2298 1814 2338; x_wconf 87' lang='lat' dir='ltr'>incita-</span> 
     </span>
     <span class='ocr_line' id='line_1_26' title="bbox 179 2369 1807 2422; baseline -0.003 -8"><span class='ocrx_word' id='word_1_192' title='bbox 179 2375 291 2414; x_wconf 90' lang='lat' dir='ltr'>bant</span> <span class='ocrx_word' id='word_1_193' title='bbox 317 2385 367 2414; x_wconf 91' lang='lat' dir='ltr'>se</span> <span class='ocrx_word' id='word_1_194' title='bbox 397 2373 503 2414; x_wconf 89' lang='lat' dir='ltr'>inde</span> <span class='ocrx_word' id='word_1_195' title='bbox 531 2383 755 2422; x_wconf 83' lang='lat' dir='ltr'>magnum</span> <span class='ocrx_word' id='word_1_196' title='bbox 782 2369 1077 2410; x_wconf 85' lang='lat' dir='ltr'>commodum</span> <span class='ocrx_word' id='word_1_197' title='bbox 1105 2375 1428 2420; x_wconf 82' lang='lat' dir='ltr'>reportaturos</span> <span class='ocrx_word' id='word_1_198' title='bbox 1460 2376 1807 2410; x_wconf 87' lang='lat' dir='ltr'>asseuerantes.</span> 
     </span>
     <span class='ocr_line' id='line_1_27' title="bbox 178 2438 1816 2493; baseline -0.004 -7"><span class='ocrx_word' id='word_1_199' title='bbox 178 2445 300 2486; x_wconf 89' lang='lat' dir='ltr'>Nam</span> <span class='ocrx_word' id='word_1_200' title='bbox 318 2445 400 2485; x_wconf 80' lang='lat' dir='ltr'>uix</span> <span class='ocrx_word' id='word_1_201' title='bbox 423 2444 625 2493; x_wconf 84' lang='lat' dir='ltr'>(aiebant</span> <span class='ocrx_word' id='word_1_202' title='bbox 645 2442 752 2482; x_wconf 88' lang='lat' dir='ltr'>boni</span> <span class='ocrx_word' id='word_1_203' title='bbox 781 2441 886 2491; x_wconf 87' lang='lat' dir='ltr'>uiri)</span> <span class='ocrx_word' id='word_1_204' title='bbox 909 2441 1128 2481; x_wconf 87' lang='lat' dir='ltr'>credibile</span> <span class='ocrx_word' id='word_1_205' title='bbox 1157 2446 1241 2489; x_wconf 89' lang='lat' dir='ltr'>est,</span> <span class='ocrx_word' id='word_1_206' title='bbox 1270 2438 1370 2479; x_wconf 56' lang='lat' dir='ltr'>Rae</span> <span class='ocrx_word' id='word_1_207' title='bbox 1397 2439 1549 2490; x_wconf 84' lang='lat' dir='ltr'>Pater,</span> <span class='ocrx_word' id='word_1_208' title='bbox 1581 2451 1742 2492; x_wconf 90' lang='lat' dir='ltr'>quam,</span> <span class='ocrx_word' id='word_1_209' title='bbox 1767 2447 1816 2480; x_wconf 89' lang='lat' dir='ltr'>te</span> 
     </span>
     <span class='ocr_line' id='line_1_28' title="bbox 179 2511 1804 2566; baseline -0.004 -9"><span class='ocrx_word' id='word_1_210' title='bbox 179 2516 352 2566; x_wconf 85' lang='lat' dir='ltr'>audito,</span> <span class='ocrx_word' id='word_1_211' title='bbox 376 2515 548 2556; x_wconf 86' lang='lat' dir='ltr'>fuerint</span> <span class='ocrx_word' id='word_1_212' title='bbox 566 2513 708 2553; x_wconf 88' lang='lat' dir='ltr'>animi</span> <span class='ocrx_word' id='word_1_213' title='bbox 730 2512 877 2552; x_wconf 88' lang='lat' dir='ltr'>nostri</span> <span class='ocrx_word' id='word_1_214' title='bbox 898 2512 943 2551; x_wconf 91' lang='lat' dir='ltr'>in</span> <span class='ocrx_word' id='word_1_215' title='bbox 965 2511 1053 2551; x_wconf 86' lang='lat' dir='ltr'>Dei</span> <span class='ocrx_word' id='word_1_216' title='bbox 1073 2523 1129 2551; x_wconf 85' lang='lat' dir='ltr'>ac</span> <span class='ocrx_word' id='word_1_217' title='bbox 1151 2511 1337 2550; x_wconf 87' lang='lat' dir='ltr'>uirtutis</span> <span class='ocrx_word' id='word_1_218' title='bbox 1368 2522 1578 2550; x_wconf 88' lang='lat' dir='ltr'>amorem</span> <span class='ocrx_word' id='word_1_219' title='bbox 1598 2512 1804 2551; x_wconf 80' lang='lat' dir='ltr'>accensi.</span> 
     </span>
     <span class='ocr_line' id='line_1_29' title="bbox 177 2581 1814 2639; baseline -0.004 -11"><span class='ocrx_word' id='word_1_220' title='bbox 177 2588 279 2628; x_wconf 89' lang='lat' dir='ltr'>Hoc</span> <span class='ocrx_word' id='word_1_221' title='bbox 313 2593 517 2639; x_wconf 88' lang='lat' dir='ltr'>quantae</span> <span class='ocrx_word' id='word_1_222' title='bbox 552 2584 690 2624; x_wconf 86' lang='lat' dir='ltr'>fuerit</span> <span class='ocrx_word' id='word_1_223' title='bbox 723 2583 998 2623; x_wconf 89' lang='lat' dir='ltr'>humilitatis</span> <span class='ocrx_word' id='word_1_224' title='bbox 1034 2581 1380 2633; x_wconf 87' lang='lat' dir='ltr'>spiritualisque</span> <span class='ocrx_word' id='word_1_225' title='bbox 1418 2581 1661 2632; x_wconf 89' lang='lat' dir='ltr'>profectus</span> <span class='ocrx_word' id='word_1_226' title='bbox 1698 2582 1814 2622; x_wconf 87' lang='lat' dir='ltr'>indi-</span> 
     </span>
     <span class='ocr_line' id='line_1_30' title="bbox 178 2653 1812 2709; baseline -0.004 -10"><span class='ocrx_word' id='word_1_227' title='bbox 178 2660 316 2709; x_wconf 88' lang='lat' dir='ltr'>cium,</span> <span class='ocrx_word' id='word_1_228' title='bbox 339 2658 396 2698; x_wconf 89' lang='lat' dir='ltr'>iis</span> <span class='ocrx_word' id='word_1_229' title='bbox 417 2664 527 2709; x_wconf 90' lang='lat' dir='ltr'>puto</span> <span class='ocrx_word' id='word_1_230' title='bbox 549 2656 664 2696; x_wconf 90' lang='lat' dir='ltr'>satis</span> <span class='ocrx_word' id='word_1_231' title='bbox 685 2665 786 2694; x_wconf 88' lang='lat' dir='ltr'>esse</span> <span class='ocrx_word' id='word_1_232' title='bbox 809 2654 1061 2705; x_wconf 85' lang='lat' dir='ltr'>cognitum,</span> <span class='ocrx_word' id='word_1_233' title='bbox 1087 2653 1162 2704; x_wconf 84' lang='lat' dir='ltr'>qui</span> <span class='ocrx_word' id='word_1_234' title='bbox 1180 2659 1355 2692; x_wconf 86' lang='lat' dir='ltr'>sortem</span> <span class='ocrx_word' id='word_1_235' title='bbox 1371 2664 1534 2694; x_wconf 91' lang='lat' dir='ltr'>eorum</span> <span class='ocrx_word' id='word_1_236' title='bbox 1551 2665 1606 2693; x_wconf 88' lang='lat' dir='ltr'>ac</span> <span class='ocrx_word' id='word_1_237' title='bbox 1623 2654 1812 2704; x_wconf 82' lang='lat' dir='ltr'>sangui-</span> 
     </span>
    </p>
   </div>
   <div class='ocr_carea' id='block_1_6' title="bbox 177 2725 1034 2778">
    <p class='ocr_par' dir='ltr' id='par_1_8' title="bbox 177 2725 1034 2778">
     <span class='ocr_line' id='line_1_31' title="bbox 177 2725 1034 2778; baseline -0.008 -8"><span class='ocrx_word' id='word_1_238' title='bbox 177 2730 250 2770; x_wconf 90' lang='lat' dir='ltr'>nis</span> <span class='ocrx_word' id='word_1_239' title='bbox 272 2729 535 2769; x_wconf 87' lang='lat' dir='ltr'>claritatem</span> <span class='ocrx_word' id='word_1_240' title='bbox 556 2732 828 2778; x_wconf 88' lang='lat' dir='ltr'>perspectas</span> <span class='ocrx_word' id='word_1_241' title='bbox 849 2725 1034 2765; x_wconf 89' lang='lat' dir='ltr'>habent.</span> 
     </span>
    </p>
   </div>
   <div class='ocr_carea' id='block_1_7' title="bbox 175 2907 1813 2996">
    <p class='ocr_par' dir='ltr' id='par_1_9' title="bbox 175 2907 1813 2996">
     <span class='ocr_line' id='line_1_32' title="bbox 233 2907 1813 2947; baseline -0.003 -7"><span class='ocrx_word' id='word_1_242' title='bbox 233 2913 243 2934; x_wconf 88' lang='lat'>¹</span> <span class='ocrx_word' id='word_1_243' title='bbox 282 2912 547 2947; x_wconf 88' lang='lat' dir='ltr'>Autographum</span> <span class='ocrx_word' id='word_1_244' title='bbox 560 2911 594 2938; x_wconf 91' lang='lat' dir='ltr'>in</span> <span class='ocrx_word' id='word_1_245' title='bbox 609 2910 735 2945; x_wconf 88' lang='lat' dir='ltr'>duplici</span> <span class='ocrx_word' id='word_1_246' title='bbox 751 2909 841 2942; x_wconf 87' lang='lat' dir='ltr'>solio,</span> <span class='ocrx_word' id='word_1_247' title='bbox 855 2917 909 2936; x_wconf 89' lang='lat' dir='ltr'>nn.</span> <span class='ocrx_word' id='word_1_248' title='bbox 924 2908 976 2936; x_wconf 68' lang='grc'>454</span> <span class='ocrx_word' id='word_1_249' title='bbox 991 2912 1025 2936; x_wconf 85' lang='lat' dir='ltr'>et</span> <span class='ocrx_word' id='word_1_250' title='bbox 1039 2907 1317 2941; x_wconf 67' lang='lat' dir='ltr'>457.—Quaedam</span> <span class='ocrx_word' id='word_1_251' title='bbox 1329 2907 1361 2935; x_wconf 91' lang='lat' dir='ltr'>in</span> <span class='ocrx_word' id='word_1_252' title='bbox 1376 2907 1442 2936; x_wconf 86' lang='lat' dir='ltr'>hac</span> <span class='ocrx_word' id='word_1_253' title='bbox 1458 2907 1628 2943; x_wconf 82' lang='lat' dir='ltr'>versione,</span> <span class='ocrx_word' id='word_1_254' title='bbox 1644 2912 1680 2936; x_wconf 86' lang='lat' dir='ltr'>ut</span> <span class='ocrx_word' id='word_1_255' title='bbox 1696 2909 1813 2943; x_wconf 80' lang='lat' dir='ltr'>legen-</span> 
     </span>
     <span class='ocr_line' id='line_1_33' title="bbox 175 2956 1366 2996; baseline -0.007 -6"><span class='ocrx_word' id='word_1_256' title='bbox 175 2962 201 2990; x_wconf 88' lang='lat' dir='ltr'>ti</span> <span class='ocrx_word' id='word_1_257' title='bbox 218 2961 320 2990; x_wconf 80' lang='lat' dir='ltr'>facile</span> <span class='ocrx_word' id='word_1_258' title='bbox 335 2963 443 2996; x_wconf 85' lang='lat' dir='ltr'>patet,</span> <span class='ocrx_word' id='word_1_259' title='bbox 460 2959 571 2994; x_wconf 86' lang='lat' dir='ltr'>magis</span> <span class='ocrx_word' id='word_1_260' title='bbox 586 2959 767 2986; x_wconf 79' lang='lat' dir='ltr'>declarata</span> <span class='ocrx_word' id='word_1_261' title='bbox 781 2960 858 2985; x_wconf 85' lang='lat' dir='ltr'>sunt</span> <span class='ocrx_word' id='word_1_262' title='bbox 875 2964 974 2991; x_wconf 81' lang='lat' dir='ltr'>quam</span> <span class='ocrx_word' id='word_1_263' title='bbox 992 2957 1023 2983; x_wconf 89' lang='lat' dir='ltr'>in</span> <span class='ocrx_word' id='word_1_264' title='bbox 1039 2956 1184 2990; x_wconf 75' lang='lat' dir='ltr'>hispano</span> <span class='ocrx_word' id='word_1_265' title='bbox 1200 2956 1366 2990; x_wconf 82' lang='lat' dir='ltr'>exemplo.</span> 
     </span>
    </p>
   </div>
  </div>
 </body>
</html>
