2047 3179
251 154 322 191 584
770 154 997 194 LITTERAE
1017 165 1378 198 QUADRIMESTREs

255 260 346 290 tem
384 251 586 301 admisit,
621 252 700 303 qui
726 252 884 292 multis
912 252 1124 303 profecto
1153 252 1209 292 de
1241 252 1397 292 causis
1427 252 1742 292 admittendus
1773 253 1894 292 uide-

255 322 409 362 batur.
432 322 552 363 Nam
573 328 764 375 propter
786 323 1076 374 singularem
1098 323 1319 363 uirtutem
1341 334 1396 362 ac
1418 323 1700 374 probitatem
1721 323 1894 363 Enrico

257 393 466 444 Principi
488 400 532 434 et
555 394 795 435 Cardinali
823 394 1042 445 cognitus
1069 400 1114 433 et
1142 394 1368 445 probatus
1400 402 1517 445 erat,
1551 394 1608 434 ab
1640 394 1895 446 eodemque

255 463 479 505 Vicarius
499 466 544 505 in
563 467 715 517 patria
735 478 818 505 sua
842 466 1139 505 constitutus:
1164 472 1208 505 et
1229 477 1335 505 cum
1356 465 1542 517 magnis
1562 465 1630 506 rei
1649 465 1896 505 familiaris

256 536 407 587 copiis
427 537 638 588 locuples
660 544 798 587 essct,
819 549 898 576 eas
917 548 1079 576 omnes
1098 537 1293 576 libenter
1310 537 1511 588 reliquit,
1530 542 1579 576 ut
1597 537 1735 576 rebus
1752 537 1894 576 omni-

256 607 343 647 bus
365 608 610 659 expeditus
632 608 870 648 Christum
892 608 1067 648 nudum
1103 614 1148 648 et
1184 619 1439 659 pauperem
1473 619 1654 659 pauper
1686 608 1786 659 ipse
1814 619 1896 648 nu-

257 679 437 731 dusque
458 686 747 731 sequeretur.
775 679 987 730 Quatuor
1009 679 1118 719 item
1143 679 1258 719 alios
1281 679 1458 731 recepit
1479 678 1634 730 Pater,
1668 679 1744 730 qui
1773 679 1897 731 apud

256 762 345 791 nos
366 751 514 791 literis
537 762 730 802 operam
753 751 942 800 dabant,
968 762 1073 791 cum
1095 751 1283 802 probos,
1307 757 1406 791 tum
1422 751 1707 801 ingeniosos,
1727 750 1897 802 quique

259 823 533 874 saepissime
556 829 915 862 sacrosanctum
938 822 1113 863 Christi
1142 834 1314 874 corpus
1344 823 1608 874 capiebant:
1642 828 1749 862 ante
1780 833 1898 873 quos

255 893 347 934 duo
369 895 512 935 etiam
534 895 610 934 alii
635 906 660 934 a
682 894 821 934 Patre
844 895 979 934 huius
1002 895 1197 945 Collegii
1217 894 1497 935 Prorectore
1516 893 1525 912 ¹
1545 895 1738 934 admissi
1754 894 1801 934 in
1818 893 1897 934 So-

257 966 475 1006 cietatem
499 973 647 1006 erant.
671 966 731 1006 Hi
752 967 849 1006 sere
871 977 1035 1006 omnes
1058 966 1104 1006 in
1126 966 1278 1017 prima
1300 966 1602 1017 secundaque
1620 965 1779 1006 schola
1797 977 1897 1005 uer—

258 1038 499 1078 sabantur.
525 1037 875 1078 Conimbricam
897 1038 1028 1078 missi
1056 1044 1179 1085 sunt,
1211 1043 1260 1077 ut
1291 1037 1481 1078 domum
1510 1037 1803 1089 probationis
1833 1037 1896 1076 in-

255 1109 580 1160 grederentur.

336 1180 678 1232 Praeceptores
700 1187 857 1220 autem
889 1192 1067 1231 omnes,
1103 1187 1200 1221 tam
1229 1181 1283 1231 is,
1322 1181 1400 1232 qui
1436 1180 1759 1221 sacerdotibus
1793 1191 1898 1220 con-

261 1252 486 1292 scientiae
509 1263 648 1292 casus
669 1252 877 1303 exponit,
910 1263 1051 1303 quam
1080 1253 1159 1304 qui
1188 1252 1349 1292 literas
1383 1252 1686 1292 humaniores
1712 1251 1895 1300 docent,

258 1334 393 1363 suum
416 1323 615 1363 docendi
636 1334 804 1363 munus
828 1323 955 1363 omni
984 1335 1098 1364 cura
1129 1323 1464 1375 diligentiaque
1496 1329 1805 1375 exequuntur.
1838 1322 1900 1362 Hi

256 1406 370 1434 uero
401 1395 665 1435 doctrinam
701 1395 1010 1435 christianam
1047 1394 1295 1435 dominicis
1333 1395 1497 1435 diebus
1530 1401 1741 1446 tempore
1775 1400 1898 1445 post-

255 1466 517 1506 meridiano
540 1466 636 1506 suis
657 1466 900 1518 discipulis
921 1466 1160 1518 explicant
1182 1472 1227 1506 et
1249 1467 1520 1518 explanant,
1544 1466 1764 1517 nullaque
1782 1465 1828 1505 in
1850 1476 1900 1505 re

256 1550 283 1577 a
304 1538 451 1578 nostri
472 1538 712 1590 gymnasii
732 1550 897 1578 norma
922 1538 1240 1589 institutisque
1263 1537 1524 1578 discedunt.
1550 1536 1686 1588 Quod
1713 1536 1901 1588 quidem

253 1608 433 1649 faciunt
456 1610 662 1650 maxime
685 1610 1057 1661 approbantibus
1079 1609 1151 1661 iis,
1177 1621 1295 1661 quos
1318 1609 1538 1649 erudiunt
1554 1614 1695 1660 atque
1714 1608 1897 1656 docent,

254 1688 300 1727 et
321 1681 458 1721 ualde
481 1680 849 1733 proficientibus.
874 1680 1015 1721 Faxit
1036 1680 1165 1721 Deus
1188 1680 1294 1733 Opt.
1319 1680 1444 1721 Max.
1470 1687 1518 1720 ut
1539 1680 1657 1720 haec
1678 1680 1835 1720 omnia
1853 1679 1899 1720 in

255 1753 355 1793 dies
375 1753 588 1804 singulos
610 1759 892 1804 augeantur,
917 1760 961 1793 et
986 1753 1140 1804 magis
1161 1753 1408 1805 magisque
1430 1757 1662 1792 crescant.

335 1823 506 1865 Sumus
541 1836 665 1865 nunc
701 1826 748 1865 in
784 1825 873 1865 hoc
910 1824 1120 1876 Collegio
1155 1825 1221 1875 27,
1260 1837 1283 1865 e
1305 1824 1473 1876 quibus
1507 1836 1591 1863 sex
1628 1822 1901 1863 sacerdotes

254 1903 377 1948 sunt3
402 1908 426 1936 e
443 1897 636 1948 reliquis
653 1902 856 1949 quatuor
873 1896 1072 1937 docendi
1090 1908 1282 1937 munere
1301 1895 1575 1948 funguntur:
1596 1894 1772 1935 caeteri
1788 1905 1901 1934 uero

253 1969 426 2021 partim
449 1969 726 2020 inseruiunt,
749 1968 922 2020 partim
944 1969 1187 2009 literarum
1210 1967 1363 2008 studia
1386 1972 1624 2008 exercent.

338 2040 475 2091 Quod
498 2047 655 2081 autem
678 2041 738 2081 ad
759 2040 958 2092 Collegii
982 2040 1246 2080 aedificium
1268 2040 1450 2090 attinet,
1470 2038 1721 2090 diligenter
1752 2045 1795 2078 et
1827 2049 1902 2078 ac-

255 2119 419 2153 curate
441 2112 689 2153 extruitur:
714 2113 937 2164 quocirca
958 2112 1093 2152 breui
1117 2114 1182 2160 (ut
1204 2110 1465 2163 speramus)
1489 2111 1773 2151 absoluetur.
1796 2109 1902 2149 Hoc

254 2184 380 2224 enim
400 2183 664 2236 Septembri
686 2195 876 2224 sacrum
897 2184 944 2223 in
965 2184 1137 2234 templo
1160 2182 1262 2223 fieri
1290 2183 1472 2234 incipit,
1507 2188 1647 2233 atque
1681 2181 1902 2232 deinceps

255 2256 319 2296 ibi
357 2255 592 2296 sacrificia
630 2255 787 2295 omnia
823 2255 948 2295 fient.
987 2254 1252 2295 Cardinalis
1288 2265 1491 2305 namque
1525 2258 1682 2293 uestes
1717 2263 1894 2301 omnes,

255 2338 376 2378 quae
399 2327 459 2367 ad
481 2327 692 2367 divinum
715 2328 892 2367 cultum
913 2337 1083 2378 resque
1105 2325 1290 2366 diuinas
1312 2325 1399 2365 rite
1419 2324 1717 2377 peragendas
1749 2323 1899 2375 requi-

255 2404 437 2450 runtur,
463 2409 645 2438 summo
669 2398 763 2438 iam
784 2398 939 2438 studio
963 2397 1281 2438 conficiendas
1302 2397 1502 2446 curauit,
1528 2408 1648 2448 quae
1669 2402 1766 2436 tum
1790 2394 1902 2435 mul-

256 2476 348 2520 tae,
373 2478 474 2510 tum
495 2470 732 2521 pretiosae
754 2475 875 2510 sunt.
902 2469 1064 2521 Neque
1085 2469 1253 2509 harum
1278 2480 1434 2509 rerum
1457 2467 1593 2520 copia
1614 2467 1753 2519 (quod
1780 2478 1904 2506 nunc

257 2543 351 2582 iam
373 2541 511 2582 facile
534 2541 757 2593 colligere
778 2541 1048 2593 possumus)
1071 2541 1207 2581 nobis
1227 2551 1434 2592 unquam
1465 2539 1511 2579 in
1541 2540 1714 2590 templo
1742 2544 1904 2578 nostro

256 2613 422 2653 deerit.
462 2613 529 2653 Eo
562 2619 719 2653 autem
749 2612 906 2652 animo
937 2611 1163 2664 Princeps
1194 2611 1395 2652 Enricus
1430 2609 1443 2628 ²
1480 2611 1605 2650 circa
1643 2610 1734 2649 hoc
1769 2620 1907 2649 suum

258 2684 503 2735 praedium
527 2683 724 2724 affectus
747 2689 830 2733 est,
856 2689 906 2723 ut
929 2695 988 2723 cx
1017 2694 1071 2722 eo
1105 2694 1400 2734 quocumque
1430 2683 1503 2721 uel
1534 2680 1725 2721 minimo
1751 2679 1905 2719 fructu

259 2766 557 2806 summopere
580 2754 851 2795 delectetur.
880 2754 999 2795 Nam
1018 2753 1340 2805 superioribus
1358 2752 1535 2802 diebus,
1556 2763 1661 2792 cum
1679 2750 1736 2791 de
1752 2762 1907 2791 sacer-

317 2940 325 2958 2
368 2938 483 2966 Marco
505 2939 669 2974 Georgio.

315 2988 328 3005 ”-’
369 2987 460 3014 ldcm
476 2987 672 3015 Cardinalis
687 2991 720 3014 et
736 2987 1035 3021 archiepiscopus,
1054 2987 1109 3020 qui
1126 2993 1243 3020 supra.
