2047 3179
230 168 302 206 226
750 169 976 206 LlTTERAE
1004 180 1362 213 QUADRmEsTREs

233 266 616 318 quotiescumque
647 277 732 307 sua
754 278 897 318 opera
919 267 1165 317 indigeret.
1195 267 1331 308 Alius
1359 268 1501 308 etiam
1532 280 1556 308 e
1585 270 1761 309 nostris
1788 270 1874 311 fuit

230 340 280 380 in
318 338 407 379 hoc
442 338 629 379 Domini
665 337 870 378 aduentu
904 338 952 378 in
986 339 1077 378 alio
1107 338 1307 390 quodam
1340 338 1511 390 oppido
1547 341 1870 392 concionatus;

231 423 371 465 quem
390 412 586 452 multum
609 409 900 450 auditoribus
928 410 1161 461 placuisse
1183 423 1239 450 ex
1261 421 1315 449 eo
1352 411 1705 463 cognoscimus,
1748 413 1874 464 quod

230 483 403 525 obnixe
425 483 645 535 petierint
666 482 805 522 uellet
826 482 913 522 sibi
931 482 1147 533 proxima
1165 487 1364 521 uentura
1383 482 1749 533 quadragesima
1766 495 1870 524 con-

229 555 425 597 cionari.
450 554 544 595 Alii
566 553 729 594 Patres
752 554 1015 593 doctrinam
1036 553 1341 592 christianam
1362 565 1535 604 pueros
1554 554 1751 595 edocere
1771 567 1873 596 coe·

230 633 415 680 perunt,
441 638 560 677 quae
580 637 677 666 non
699 626 849 665 solum
872 625 917 664 in
939 636 1032 664 uno
1056 625 1177 674 lOCO,
1200 629 1250 663 ut
1271 630 1425 672 antea,
1460 625 1543 664 sed
1567 625 1614 665 in
1636 626 1740 666 aliis
1761 627 1872 667 duo-

229 699 319 739 bus
340 698 618 750 proponitur
641 696 949 736 addiscenda:
973 701 1131 735 tantus
1163 695 1287 734 enim
1313 701 1384 735 est
1420 696 1767 737 addiscentium
1792 710 1870 739 nu-

230 782 405 821 merus,
429 775 480 810 ut
501 768 628 809 Patri
650 774 812 808 nostro
834 767 985 806 uisum
1005 766 1145 806 fuerit
1166 766 1388 817 neutique
1412 767 1625 808 omnibus
1646 780 1785 820 posse
1803 781 1872 810 sa·

230 841 410 892 iisfieri,
442 840 533 880 nisi
554 839 763 891 pluribus
786 839 832 878 in
864 838 981 877 locis
1012 837 1228 877 doctrina
1256 837 1550 889 recitaretu1·;
1580 839 1704 891 quod
1732 852 1873 892 quam

231 925 394 953 verum
432 911 571 952 fuerit
609 910 929 962 experimento
959 908 1284 959 cognoscitur,
1319 920 1426 949 cum
1461 910 1545 950 vix
1572 910 1663 951 tria
1698 913 1870 963 templa

229 984 410 1037 possint
432 994 594 1023 omnes
616 981 854 1022 auditores
876 991 1060 1031 capere.
1086 979 1295 1031 Cumque
1313 980 1404 1020 hoc
1426 981 1675 1023 honestum
1692 984 1872 1023 exerci-

227 1058 344 1097 tium
365 1053 684 1106 multipliciter
705 1053 996 1092 fructuosum
1018 1051 1162 1091 fuisse
1188 1062 1552 1103 cognoscamus,
1571 1053 1660 1093 hoc
1677 1066 1761 1095 nos
1774 1055 1870 1106 plu-

226 1129 395 1168 rimum
420 1126 612 1175 solatur,
650 1124 772 1176 quod
796 1124 947 1163 nullus
969 1123 1062 1162 iam
1085 1121 1245 1162 audiat
1268 1134 1455 1174 pueros,
1490 1135 1577 1164 nec
1607 1125 1725 1166 alios
1756 1133 1871 1167 natu

227 1197 509 1251 grandiores
532 1196 628 1237 suis
651 1201 907 1246 occupatos
929 1193 1110 1244 studiis,
1131 1193 1286 1245 turpia
1319 1206 1514 1247 canere,
1545 1196 1613 1236 uti
1640 1197 1869 1248 solebant;

208 1270 341 1322 ·quin
361 1269 517 1321 potius
539 1278 700 1308 omnes
729 1266 932 1306 sentiant
968 1265 1084 1304 alios
1113 1264 1399 1306 dominicam
1434 1267 1718 1319 orationem,
1753 1269 1872 1309 alios

227 1340 560 1382 salutationem
595 1337 873 1389 angelicam,
899 1336 1016 1376 alios
1044 1336 1324 1388 symbolum,
1355 1337 1473 1377 alios
1495 1338 1710 1390 decalogi
1739 1351 1868 1391 prae-

226 1418 379 1464 cepta,
404 1423 459 1451 ac
482 1410 598 1450 alios
621 1410 737 1450 alias
760 1408 999 1448 orationes
1020 1408 1238 1448 recitare.
1274 1407 1376 1459 Quo
1398 1408 1449 1450 fit
1475 1415 1524 1450 ut
1545 1411 1620 1450 uel
1640 1412 1866 1462 nolentes,

226 1490 308 1524 aut
330 1484 464 1535 quasi
481 1482 607 1522 aliud
625 1487 834 1532 agentes,
855 1479 1031 1520 Christi
1049 1479 1316 1520 doctrinam
1338 1480 1599 1521 addiscant.
1620 1482 1771 1533 Quam
1790 1495 1869 1535 pu-

226 1562 316 1607 tas,
340 1554 441 1595 R.de
462 1553 529 1605 R,
554 1553 764 1605 patribus
787 1563 889 1592 esse
912 1551 1168 1591 iocundum
1188 1551 1307 1592 filios
1330 1552 1378 1592 in
1399 1552 1489 1593 hac
1512 1565 1562 1593 re
1583 1554 1759 1605 peritos
1790 1555 1866 1595 ha·

223 1627 350 1678 bere,
371 1637 510 1678 quam
529 1625 738 1676 (honeste
756 1623 957 1676 quidem)
974 1623 1188 1674 gloriari!
1206 1623 1367 1675 Neque
1385 1630 1455 1664 est
1472 1625 1597 1676 quod
1611 1625 1867 1677 adiungam

226 1704 417 1739 nostrae
444 1697 665 1737 minimae
692 1695 942 1736 Societatis
972 1706 1143 1734 nomen
1171 1705 1255 1745 per
1283 1695 1526 1736 ciuitatem
1554 1697 1648 1737 late
1678 1699 1862 1749 uagari,

223 1781 333 1810 cum
354 1769 715 1809 concionatores
736 1778 840 1807 eam
861 1766 1044 1818 publice
1066 1766 1277 1817 pluribus
1298 1767 1472 1816 verbis,
1497 1779 1639 1819 quam
1655 1769 1770 1809 mihi
1791 1770 1866 1810 fas

223 1841 284 1881 sit
305 1842 378 1881 uel
399 1840 597 1880 liberum
617 1850 879 1889 recensere,
904 1838 1110 1878 laudent.
1124 1834 1300 1878 'Patres
1320 1838 1419 1878 fere
1442 1851 1604 1879 omnes
1625 1841 1700 1880 uel
1720 1841 1767 1881 in
1789 1853 1866 1882 au-

224 1912 407 1952 diendis
425 1910 813 1959 confessionibus,
835 1910 909 1949 uel
925 1909 971 1949 in
989 1908 1249 1949 inuisendis
1271 1916 1316 1950 et
1339 1911 1625 1951 xenodochii
1648 1917 1692 1952 et
1709 1924 1864 1954 carce-

222 1984 288 2024 ris
308 1983 611 2035 pauperibus,
634 1983 708 2022 uel
731 1982 777 2022 in
800 1981 901 2021 aliis
924 1981 971 2021 id
992 1992 1142 2032 genus
1165 1981 1387 2032 operibus
1409 1988 1717 2034 occupantur.

302 2054 470 2095 Mulier
490 2054 723 2106 quaedam
743 2053 896 2093 fuerat
914 2065 941 2093 a
962 2052 1119 2092 mariti
1141 2053 1424 2093 commercio
1447 2065 1529 2105 per
1548 2060 1674 2095 totos
1696 2056 1866 2107 uiginti

221 2138 371 2167 annos
399 2126 647 2173 disiuncta,
672 2137 792 2177 quae
813 2124 941 2164 nulla
970 2124 1152 2164 ratione
1181 2130 1368 2176 poterat
1398 2124 1455 2164 ab
1485 2125 1643 2177 aliquo
1675 2126 1865 2168 suaderi

220 2204 269 2238 ut
291 2198 350 2238 ad
371 2197 528 2238 mariti
550 2196 839 2237 consortium
860 2195 1014 2236 redire
1036 2196 1177 2236 uellet
1206 2195 1311 2246 (hoc
1344 2196 1514 2236 marito
1550 2196 1706 2238 fuerat
1728 2210 1862 2239 occa-

218 2269 340 2309 sioni
367 2275 417 2309 ut
448 2268 589 2309 aliam
617 2268 859 2308 mulierem
889 2272 1162 2319 quaereret,
1196 2279 1302 2307 cum
1333 2279 1424 2319 qua
1456 2280 1541 2320 per
1567 2274 1690 2309 totos
1720 2270 1863 2311 hosce

218 2352 368 2380 annos
389 2340 636 2380 inhoneste
658 2340 853 2389 uiueret,
878 2350 938 2378 ex
959 2350 1052 2390 qua
1073 2338 1168 2378 iam
1198 2338 1317 2378 filios
1345 2340 1714 2392 procreauerat);
1740 2341 1862 2382 hanc

216 2411 373 2463 itaque
391 2411 634 2451 mulierem
650 2421 770 2451 unus
788 2422 812 2450 e
829 2410 1004 2450 nostris
1018 2409 1318 2450 confitentem
1331 2409 1541 2459 audiens,
1557 2418 1655 2451 tam
1668 2412 1860 2464 diligen-

217 2488 311 2522 tcrn
333 2483 458 2522 dcdit
481 2493 674 2534 operam
695 2482 741 2522 in
764 2493 816 2521 ea
841 2481 899 2521 ad
921 2481 1233 2521 salubriorem
1250 2481 1376 2521 uitae
1394 2487 1569 2522 statum
1584 2489 1859 2524 conuerten-

217 2553 293 2603 da,
319 2559 366 2592 ut
387 2553 451 2592 illi
475 2553 584 2603 (non
605 2553 705 2593 sine
727 2563 900 2603 magno
922 2551 1099 2603 labore)
1130 2552 1419 2604 persuaserit
1447 2552 1586 2592 uellet
1616 2553 1676 2594 ad
1703 2554 1862 2595 mariti

215 2624 421 2675 gratiam
444 2624 611 2664 redire:
635 2635 755 2675 quae
775 2624 885 2673 iam,
909 2635 1003 2664 non
1024 2623 1113 2663 hoc
1140 2623 1290 2663 solum
1320 2628 1555 2675 contenta,
1578 2623 1698 2664 filios
1719 2625 1862 2666 etiam

216 2694 506 2734 adulterinos
528 2695 736 2735 decreuit
757 2695 816 2734 ad
838 2700 1043 2735 aetatem
1059 2705 1207 2746 usque
1224 2692 1485 2745 perfectam
1502 2694 1549 2734 in
1570 2696 1764 2747 propria
1783 2696 1860 2738 do-

216 2776 293 2805 mo
316 2777 491 2817 suoque
521 2766 690 2805 sudore
718 2766 913 2805 nutrire„
950 2765 1059 2805 Alia
1086 2765 1268 2816 mulier,
1300 2776 1326 2804 a
1356 2765 1524 2805 marito
1554 2765 1602 2805 in
1629 2766 1860 2808 adulterio

214 2836 522 2888 deprehensa,
547 2836 731 2887 fugiens
753 2837 920 2888 ipsum,
940 2837 987 2876 in
1009 2836 1173 2876 matris
1188 2847 1302 2876 suae
1320 2835 1509 2876 domum
1526 2848 1577 2877 se
1592 2844 1856 2890 receperat:

219 2919 362 2958 quam
383 2914 532 2947 mater
554 2908 821 2959 admittens,
852 2908 1113 2948 incredibili
1141 2919 1368 2959 generum
1397 2918 1534 2948 suum
1564 2908 1671 2949 odio
1700 2921 1858 2961 prose-

213 2978 458 3030 quebatur:
478 2979 601 3018 hanc
619 2979 859 3018 mulierem
878 2980 1056 3019 audiuit
1075 2979 1194 3019 alius
1212 2978 1367 3029 Pater,
1386 2978 1479 3030 qui,
1499 2979 1654 3020 virum
1672 2981 1771 3021 eius
1794 2981 1858 3021 al-
