2047 3179
209 115 282 153 398
728 114 952 151 LITTERAE
978 125 1342 157 QUADRIMESTREs

204 219 302 253 tum
322 224 468 264 usque
487 211 546 253 ad
567 219 727 264 portas
749 212 953 252 ciuitatis
975 212 1206 263 portabat.
1236 211 1287 251 In
1311 212 1399 251 hac
1420 211 1722 262 processione
1753 212 1850 252 duo·

206 284 432 324 haeretici
452 296 555 324 sese
578 284 896 333 ostenderunt,
916 284 994 335 qui
1013 290 1175 334 postea
1194 282 1319 333 capti
1337 289 1444 322 sunt
1463 289 1567 333 post
1588 282 1847 322 secundum

204 354 406 395 reditum
423 367 577 395 meum
593 367 619 395 a
641 354 1098 405 Nouiomagensibus
1119 352 1144 392 ¹.
1163 353 1310 393 Multa
1331 353 1456 393 sensi
1472 353 1594 393 bona
1612 353 1845 393 desideria

205 427 376 467 iterum
397 426 665 467 reuertendi
686 425 1032 476 Nouiomagum
1050 424 1109 464 ad
1127 423 1473 464 informandum
1491 424 1690 475 amplius
1712 435 1851 475 supe-

204 498 354 538 riores
376 498 604 538 ciuitatis:
629 504 844 549 putarem
865 508 945 536 eos
975 496 1320 536 tractabiliores
1354 495 1453 535 fore
1475 501 1725 547 postquam
1760 495 1848 546 pri·

206 581 310 610 mus
331 570 406 610 ille
435 570 635 620 impetus
669 568 910 619 mitigatus
945 568 1098 608 fuerit.
1137 566 1338 618 Quidam
1374 567 1554 606 amicus
1577 574 1621 606 et
1649 566 1847 606 Canoni-

207 653 289 682 cus
308 640 704 691 Nouiomagensis
734 640 801 679 sic
837 640 956 679 inter
978 646 1168 679 caetera
1201 638 1386 678 scribit:
1423 637 1490 677 “A
1519 637 1731 677 discessu
1753 642 1848 686 tuo,

206 713 482 753 charissime
506 711 725 761 Domine,
757 710 1044 750 horrendum
1065 716 1109 750 et
1137 709 1398 750 inauditum
1415 710 1568 749 scelus
1591 715 1730 759 atque
1752 708 1850 759 pia-

206 785 362 825 culum
379 790 448 823 est
466 788 785 835 perpetratum
802 780 1101 833 Nouiomagi,
1122 782 1257 833 quale
1270 786 1445 832 negant
1462 792 1488 820 a
1508 786 1696 820 centum
1713 779 1855 819 annis

206 856 381 896 nostris
402 855 581 895 ciuibus
604 854 829 894 auditum.
854 853 1071 894 Consulis
1091 853 1211 894 filius
1234 864 1341 893 cum
1371 864 1455 892 suo
1485 851 1631 891 fratre
1660 857 1852 891 conten—

208 927 337 978 dens,
362 926 420 966 ab
442 925 606 966 eodem
635 932 704 965 est
740 924 1061 965 crudelissime
1097 924 1297 964 occisus.
1335 923 1425 963 Iste
1448 923 1611 963 consul
1639 922 1725 962 suit
1742 933 1850 962 cum

208 998 460 1038 aduersum
494 996 878 1037 Dominationem
912 996 1062 1036 Tuam
1101 996 1244 1036 telam
1284 994 1526 1034 eiectionis
1567 993 1852 1033 ordirentur.

210 1069 363 1120 Quam
378 1068 701 1109 inscrutabilia
724 1075 830 1107 sunt
853 1067 1026 1107 iudicia
1047 1067 1176 1117 Deil„
1202 1066 1215 1084 ²
1236 1066 1367 1106 Haec
1389 1066 1479 1105 ille.
1508 1065 1635 1105 Licet
1665 1076 1738 1104 me
1767 1064 1852 1104 eie-

209 1142 359 1181 cerint
389 1146 554 1180 contra
576 1151 761 1179 omnem
784 1139 1024 1189 iustitiam,
1048 1150 1142 1179 non
1163 1145 1321 1178 tamen
1343 1137 1517 1186 dubito,
1543 1137 1582 1176 si
1604 1148 1676 1176 me
1698 1136 1855 1187 ipsum

240 1224 325 1252 ene
348 1211 656 1259 considerem,
678 1211 786 1262 quin
805 1211 921 1250 bene
940 1210 1191 1250 meruerim
1215 1210 1271 1249 ob
1294 1220 1446 1249 meam
1469 1209 1614 1248 solius
1632 1218 1746 1258 erga
1763 1206 1853 1247 Do-

210 1284 386 1324 minum
403 1283 557 1323 Deum
579 1281 979 1333 ingratitudinem.
1006 1280 1201 1327 Confido
1223 1287 1382 1320 tamen
1405 1281 1450 1320 in
1468 1279 1659 1319 Domini
1675 1278 1855 1319 bonita-

209 1364 253 1396 te
276 1355 384 1407 quia
406 1361 512 1406 post
533 1360 862 1405 tempestatem
884 1353 1190 1403 tranquillum
1213 1352 1368 1392 faciet.

293 1426 510 1478 Quotidie
529 1424 978 1476 Nouiomagensium
1002 1436 1105 1464 sum
1121 1435 1300 1464 memor
1321 1424 1367 1462 in
1395 1422 1627 1462 sacrificio
1657 1421 1847 1461 Missae.

213 1499 435 1540 Decanus
469 1497 865 1547 Nouiomagensis
901 1508 1042 1548 saepe
1077 1508 1163 1536 nos
1199 1496 1377 1545 visitat,
1416 1495 1610 1534 multum
1632 1492 1857 1533 Societati

212 1570 429 1612 addictus
450 1576 533 1610 est.
557 1569 760 1609 Intendit
782 1580 887 1609 cum
910 1580 994 1608 suo
1019 1574 1186 1619 nepote
1207 1566 1406 1607 Romam
1438 1565 1687 1617 proficisci,
1711 1575 1853 1616 quem

217 1641 441 1684 Societati
463 1641 575 1681 dare
597 1640 808 1680 intendit:
829 1647 964 1680 taceo
982 1639 1108 1689 illud,
1135 1639 1257 1690 quod
1278 1639 1377 1689 ipse
1395 1637 1615 1677 Decanus
1634 1637 1680 1676 in
1693 1636 1854 1676 animo

217 1714 371 1754 habet.
396 1712 627 1752 Dominus
649 1723 754 1751 eum
776 1712 823 1751 in
845 1723 929 1751 suo
951 1711 1074 1751 bono
1096 1710 1338 1762 proposito
1362 1714 1624 1749 conseruet.

297 1785 473 1825 Totum
493 1784 589 1824 fere
610 1783 698 1823 hoc
720 1789 905 1834 tempus
926 1782 1269 1834 quadrimestre
1292 1780 1457 1821 studiis
1486 1787 1530 1820 et
1553 1778 1856 1820 confessioni-

217 1857 302 1897 bus
323 1854 567 1896 audiendis
588 1855 835 1903 collocaui,
860 1854 1002 1893 etiam
1022 1853 1232 1893 infirmos
1253 1852 1446 1893 visitani
1467 1858 1680 1901 vocatus,
1712 1856 1757 1889 et
1780 1849 1857 1889 ali-

218 1927 404 1980 quando
427 1926 703 1966 concionem
725 1925 880 1965 habui.
900 1924 1032 1965 Multi
1063 1930 1327 1965 statuerunt
1350 1924 1497 1963 vitam
1523 1923 1570 1962 in
1600 1921 1765 1962 melius
1788 1932 1859 1960 or-

218 1999 400 2040 dinare.

298 2070 548 2111 Confrater
576 2075 736 2109 noster
763 2068 823 2108 M.
865 2068 1106 2121 Johannes
1138 2068 1193 2108 de
1226 2066 1436 2108 Cathena
1471 2064 1672 2116 gradum
1692 2063 1859 2103 bacca-

217 2143 456 2182 laureatus
478 2147 521 2180 et
551 2139 563 2158 ⁵
594 2140 862 2190 theologiae
893 2139 1090 2191 accepit,
1116 2145 1159 2179 et
1190 2138 1343 2190 pergit
1365 2138 1412 2177 in
1435 2135 1740 2176 concionibus
1762 2133 1859 2173 suis

217 2213 380 2253 diebus
395 2212 579 2252 festinis
599 2218 643 2251 et
665 2211 924 2251 dominicis.
946 2210 1066 2250 Nam
1087 2210 1294 2251 Thomas
1311 2207 1326 2227 ⁴
1343 2208 1497 2260 pergit
1514 2207 1560 2247 in
1577 2206 1672 2246 suis
1692 2205 1860 2246 studiis

216 2295 323 2324 cum
345 2283 521 2335 aliquot
542 2282 894 2332 Leodiensibus‚
919 2282 996 2333 qui
1018 2293 1067 2321 se
1099 2280 1323 2322 Societati
1356 2279 1546 2319 omnino
1577 2277 1689 2317 dare
1712 2277 1856 2317 inten-

219 2356 348 2396 dunt.

297 2426 453 2467 Amici
475 2437 651 2476 omnes
676 2425 928 2477 praecipue
959 2424 1081 2464 Rdus
1109 2424 1157 2464 P.
1197 2424 1332 2464 Prior
1368 2421 1380 2441 ⁵
1415 2433 1521 2462 cum
1556 2433 1640 2461 sua
1662 2420 1857 2469 familia,

218 2498 354 2538 unice
375 2497 674 2538 commendat
691 2508 740 2536 se
758 2495 1038 2536 Paternitati
1057 2502 1259 2544 vestrae,
1279 2501 1324 2534 et
1341 2493 1509 2545 reliqui
1534 2491 1674 2532 amici
1696 2502 1861 2531 omnes

274 2705 285 2725 ¹
325 2705 419 2733 Haec
442 2710 493 2734 est
515 2706 548 2733 in
570 2706 772 2740 apographo
795 2705 1036 2740 interpunctio.
1063 2704 1237 2732 Fortassis
1260 2703 1379 2731 Kessel
1399 2702 1626 2737 scripserat...
1643 2700 1740 2735 capti
1760 2701 1858 2726 sunt.

223 2753 303 2780 Post
318 2754 514 2781 secundum
531 2753 688 2781 reditum
707 2760 824 2780 meum
841 2761 860 2780 a
877 2752 1224 2786 Noviomagenszhus
1240 2752 1387 2779 multa...

277 2802 290 2820 2
328 2800 378 2827 Cf.
395 2800 597 2833 ORLAND1N1‚
614 2800 708 2827 Hist.
725 2799 797 2829 Soc.
813 2800 901 2835 Jes.,
916 2801 973 2828 lib.
987 2809 1044 2835 xv,
1061 2808 1096 2828 n.
1115 2800 1159 2834 29,
1177 2804 1210 2827 et
1226 2799 1509 2833 BRAUNSBERGER,
1526 2798 1547 2825 l.
1563 2805 1604 2832 c.,
1626 2803 1708 2831 pag.
1726 2794 1792 2822 5213.

274 2847 288 2867 5
326 2846 380 2874 Sic
396 2847 429 2874 in
443 2851 561 2875 nostro
577 2847 790 2882 apographo;
808 2847 986 2875 PoLANcus
1000 2855 1084 2875 vero
1101 2847 1134 2874 in
1151 2847 1319 2874 Chronico
1335 2846 1454 2873 scribit
1472 2847 1507 2872 in
1524 2844 1708 2878 theologia.

272 2896 287 2915 4
325 2895 474 2922 Thomas
489 2895 729 2922 Marchiensis.

274 2942 288 2962 ὅ
328 2942 503 2970 (ἐς-Γαῑάιιε
518 2942 790 2976 Kalckbrenner,
806 2949 864 2969 seu
880 2942 1073 2975 Hammont,
1091 2942 1297 2969 Carthusiae
1315 2941 1423 2968 Prior.
