2047 3179
225 161 297 198 334
739 157 967 196 LITTERAE
993 167 1353 201 QUADmMESTREs

228 263 436 297 mentum
467 256 831 306 communicare,
862 262 911 295 ut
939 261 1166 307 quantum
1194 265 1280 294 nos
1311 259 1551 304 totamque
1579 252 1867 294 Societatem

226 328 392 380 diligat
414 327 694 377 declararet,
718 327 947 379 simulque
969 325 1252 377 significauit
1281 329 1505 376 quantum
1528 323 1734 363 laetitiae
1757 336 1860 364 con-

227 400 404 452 ceperit
426 412 485 440 ex
505 405 668 439 nostro
690 399 737 439 in
764 399 886 438 hanc
916 396 1267 438 sanctissimam
1295 395 1484 435 domum
1514 395 1733 445 aduentu,
1759 407 1865 435 cum

228 471 509 523 praesertim
543 470 765 523 opinioni,
790 481 930 522 quam
952 469 1007 509 de
1029 467 1164 508 nobis
1187 474 1326 507 antea
1363 472 1663 518 conceperat,
1696 478 1750 506 ea
1772 477 1862 506 res-

227 543 502 595 ponderent,
528 553 646 594 quae
667 553 695 581 a
715 540 774 581 D,
801 540 1127 581 Gubernatore
1149 545 1194 579 et
1215 538 1273 578 ab
1291 538 1396 578 aliis
1419 537 1476 578 de
1493 538 1643 578 nostri
1663 537 1864 588 Collegii

226 615 383 656 fructu
406 614 648 655 intellexit.
672 613 786 653 Eius
807 612 949 653 etiam
970 611 1110 652 aulici
1129 611 1201 651 bis
1221 610 1357 650 nobis
1378 616 1485 650 sunt
1503 609 1723 650 confessi.

308 686 553 727 Venerunt
584 692 627 726 et
650 684 768 725 aliae
790 689 1034 724 matronae
1057 681 1376 722 nobilissimae
1404 693 1463 721 ex
1489 680 1720 730 Marchia,
1744 681 1864 721 inter

227 769 345 811 quas
380 764 480 798 erat
511 768 646 798 soror
682 755 839 797 Car.liS
868 754 948 796 Sti
976 754 1164 806 Angeli3
1199 761 1246 794 at
1275 765 1436 794 omnes
1467 753 1657 804 nostris,
1691 759 1735 793 et
1770 764 1865 793 non

227 830 346 881 aliis,
371 830 620 870 uoluerunt
643 827 866 877 confiteri,
890 827 948 868 ob
969 826 1108 878 idque
1131 830 1442 877 expectarunt
1460 836 1607 876 usque
1624 824 1684 864 ad
1702 835 1861 864 secun-

225 900 335 941 dam
354 901 520 941 horam
539 899 693 940 noctis
714 904 968 950 antequam
996 908 1157 938 omnes
1179 895 1526 948 expedirentur.
1554 894 1671 936 Sunt
1698 906 1864 947 exper—

226 980 302 1013 tae
330 973 474 1013 etiam
503 977 684 1012 tantam
708 969 1082 1011 consolationem
1117 974 1162 1008 et
1196 967 1454 1019 spiritualis
1489 966 1695 1007 laetitiae
1732 966 1864 1007 uber-

225 1050 385 1094 tatem,
409 1048 458 1083 ut
479 1043 636 1083 multis
657 1042 809 1082 modis
831 1040 1129 1081 declararent
1157 1039 1295 1079 nobis
1323 1038 1702 1079 ardentissimum
1723 1037 1864 1089 quod·

224 1115 333 1156 dam
354 1114 637 1156 desiderium
659 1112 870 1165 erigendi
892 1110 1142 1162 collegium
1163 1116 1354 1150 nostrae
1375 1108 1624 1150 Societatis
1654 1108 1862 1149 Macera-

224 1195 315 1228 tae:
347 1192 731 1238 rogaueruntque
763 1183 1117 1233 instantissime,
1149 1188 1197 1223 ut
1229 1182 1286 1222 de
1315 1193 1370 1222 ea
1401 1193 1452 1222 re
1479 1181 1539 1222 ad
1566 1180 1620 1220 R.
1649 1179 1698 1220 Ρ.
1736 1186 1868 1220 tuam

222 1259 433 1310 ipsarum
453 1258 641 1298 nomine
663 1267 956 1307 rogaremus.
979 1255 1245 1295 Voluerunt
1274 1253 1417 1294 etiam
1446 1252 1658 1304 sequenti
1688 1251 1761 1291 die
1788 1262 1864 1302 ge-

222 1330 371 1370 nerali
389 1328 595 1381 quodam
612 1328 749 1368 modo
766 1327 901 1368 nobis
918 1325 1145 1376 confiteri,
1170 1331 1422 1376 antequam
1442 1324 1551 1364 hinc
1568 1323 1860 1373 recederent,

223 1408 274 1442 ut
295 1407 474 1441 certam
505 1400 711 1452 aliquam
738 1398 882 1439 animi
911 1398 1164 1450 puritatem
1191 1404 1235 1437 et
1264 1396 1381 1436 bene
1418 1394 1607 1436 uiuendi
1633 1394 1867 1434 rationem

223 1472 284 1513 ad
305 1484 416 1513 suos
442 1476 758 1523 reportarent.

303 1544 407 1584 Hoc
429 1542 728 1595 carnispriuii
749 1550 960 1593 tempore
983 1539 1290 1581 conuenimus
1317 1538 1475 1580 multis
1503 1537 1655 1578 modis
1677 1537 1864 1577 daemo-

224 1616 297 1656 nis
319 1621 364 1656 et
385 1614 547 1656 mundi
568 1621 695 1655 artes
717 1613 961 1654 deludere:
999 1624 1096 1653 non
1120 1612 1272 1653 solum
1297 1611 1422 1651 enim
1457 1608 1786 1662 impediuimus
1806 1619 1864 1648 ne

223 1694 420 1740 paratae
451 1686 723 1727 comoediae
755 1685 1089 1726 exhiberentur
1116 1684 1163 1724 in
1196 1683 1382 1736 publico
1413 1681 1762 1723 Canonicorum
1798 1691 1864 1720 re-

226 1759 440 1810 fectoriO,
464 1765 513 1800 ut
544 1765 685 1799 antea
706 1757 806 1798 fieri
827 1762 1157 1806 consueuerat,
1188 1755 1270 1795 sed
1300 1754 1442 1794 etiam
1469 1753 1670 1793 choreas
1691 1758 1736 1792 et
1763 1763 1863 1803 per—

220 1837 431 1880 sonatos,
456 1836 683 1883 quantum
703 1828 804 1869 fieri
825 1828 990 1880 potuit,
1015 1826 1357 1879 impediuimus.
1382 1824 1514 1865 Missi
1532 1823 1655 1864 enim
1676 1830 1784 1863 sunt
1806 1834 1868 1863 ex

220 1902 397 1944 nostris
416 1902 643 1953 nonnulli,
667 1901 744 1953 qui
765 1899 1075 1952 tripudiantes
1091 1897 1275 1950 publice
1294 1902 1563 1948 arguerent,
1585 1901 1629 1936 et
1650 1895 1864 1935 laruatos

223 1974 456 2015 acerrime
492 1974 816 2025 increparent3
855 1976 1131 2022 tantumque
1166 1969 1416 2010 ualuerunt
1456 1966 1602 2008 diuini
1635 1965 1768 2006 uerbi
1803 1965 1868 2005 ia-

222 2047 344 2098 cula,
367 2052 417 2086 ut
436 2045 570 2086 multi
591 2044 764 2085 rubore
786 2049 830 2084 et
851 2041 1141 2095 poenitentia
1164 2040 1291 2081 ducti
1317 2040 1477 2080 laruas
1505 2050 1562 2079 ex
1582 2037 1705 2078 facie
1727 2048 1864 2077 excu-

222 2123 398 2169 terent,
430 2123 476 2158 et
504 2116 699 2169 pedibus
727 2114 932 2167 propriis
967 2114 1316 2154 conculcarent.
1355 2110 1450 2152 Alii
1484 2110 1626 2150 etiam
1655 2107 1865 2149 dicerent

223 2189 383 2230 statim
405 2188 702 2241 deposituros
723 2198 774 2228 se
795 2187 969 2236 laruas,
993 2191 1038 2225 et
1059 2194 1300 2235 nunquam
1322 2182 1381 2223 ad
1402 2181 1526 2222 idem
1543 2180 1712 2222 uitium
1731 2192 1780 2220 se
1796 2191 1868 2220 re-

222 2272 461 2302 uersuros.
484 2259 705 2301 Mulieres
727 2269 913 2310 quoque
934 2256 1159 2297 confusae
1186 2255 1376 2295 domum
1404 2253 1781 2302 reuertebantur‚
1818 2257 1867 2292 et

223 2333 289 2383 (ut
308 2332 424 2373 mihi
445 2330 700 2372 uerisimile
720 2329 785 2378 fit)
809 2340 894 2381 pro
915 2326 1134 2380 tripudiis
1156 2336 1359 2367 coronas
1379 2324 1662 2365 recitabant.

302 2404 573 2445 Inualuerat
603 2408 826 2454 peruetus
854 2400 937 2441 sed
964 2399 1127 2451 iniqua
1154 2396 1443 2439 consuetudo
1475 2396 1523 2436 in
1551 2395 1641 2436 hoc
1674 2394 1866 2447 oppido,

221 2482 269 2515 ut
289 2475 441 2527 primo
463 2472 873 2525 Quadragesimae
893 2471 968 2512 die
989 2482 1173 2511 summo
1196 2480 1333 2509 mane
1356 2467 1667 2520 procederent
1695 2466 1786 2506 uiri
1808 2476 1865 2506 ac

221 2547 439 2588 mulieres
459 2557 567 2587 curn
588 2543 828 2598 tympanis
849 2549 894 2584 et
912 2542 1017 2583 aliis
1035 2541 1229 2583 musicis
1249 2538 1572 2581 instrumentis
1596 2538 1768 2579 choros
1786 2537 1870 2577 du-

220 2624 382 2658 centes
401 2628 548 2670 usque
570 2616 631 2657 ad
653 2622 847 2668 pontem
867 2613 1259 2663 Recanatensem,
1282 2611 1597 2662 solebantque
1628 2609 1691 2650 ibi
1719 2609 1867 2661 pisca-

221 2689 427 2729 tionibus
457 2694 502 2728 et
530 2686 828 2728 scandalosis
863 2684 1193 2726 saltationibus
1228 2689 1380 2723 totum
1414 2681 1537 2722 diem
1571 2690 1869 2730 consumere;

219 2759 389 2800 deinde
407 2759 574 2800 eodem
592 2758 756 2799 ordine
774 2757 1001 2797 Loretum
1016 2754 1206 2806 reuerti,
1225 2753 1351 2806 quod
1365 2751 1687 2804 praescientes
1698 2750 1863 2801 nostri,

219 2831 303 2871 tali
317 2836 424 2871 sunt
441 2836 543 2870 arte
560 2829 648 2870 usi.
675 2828 969 2869 Constitutus
986 2833 1055 2867 est
1072 2838 1256 2867 summo
1280 2836 1418 2866 mane
1437 2829 1599 2865 noster
1616 2821 1866 2863 conciona-

219 2909 296 2943 tor
315 2901 364 2942 in
383 2900 538 2942 media
559 2900 731 2952 platea,
750 2910 841 2951 quo
859 2898 1073 2939 solebant
1090 2907 1254 2937 omnes
1275 2894 1544 2944 conuenire,
1564 2899 1614 2935 ut
1630 2904 1729 2934 rem
1745 2893 1867 2934 tanti

218 2972 489 3014 offendiculi
503 2982 589 3023 pro
606 2971 784 3011 uiribus
800 2969 1060 3021 impediret.
1075 2968 1132 3008 Et
1148 2978 1207 3008 ne
1224 2966 1402 3019 praeda
1424 2966 1482 3006 ab
1503 2965 1628 3006 illius
1643 2963 1865 3005 manibus
