2047 3179
251 177 323 215 516
778 178 1004 216 LITTERAE
1019 188 1377 222 QUADRIMESTRES

896 629 1262 683 CCCXCVII

371 860 564 907 Joannes
586 859 807 898 Antonius
829 860 1082 906 Viperanus

422 926 541 963 Patri
560 926 730 972 Ignatio
756 926 809 963 de
834 925 1019 973 Loyola.

469 991 666 1037 Perusio‚
690 991 734 1028 10
752 992 870 1039 Junii
893 991 985 1029 1555
1005 991 1029 1026 ⁸.

1029 1146 1127 1224 ΙΙΪΙΞ

332 1346 402 1387 La
436 1359 551 1398 pace
582 1352 626 1387 et
653 1346 809 1397 gratia
844 1345 918 1386 del
952 1351 1115 1386 nostro
1151 1343 1351 1397 Signore
1382 1345 1453 1386 sia
1481 1357 1666 1397 sempre
1689 1358 1778 1386 con
1798 1348 1892 1387 noi.

249 1418 418 1459 Amen.

330 1489 418 1530 Per
435 1501 526 1530 non
543 1500 766 1530 mancare
785 1489 829 1529 al
845 1493 1009 1529 nostro
1029 1486 1180 1528 officio
1195 1487 1241 1528 di
1257 1488 1479 1539 scriuere,
1495 1489 1727 1529 scriuemo
1745 1489 1895 1540 quelle

248 1574 374 1613 cose,
399 1563 440 1602 le
463 1561 590 1613 quali
623 1572 815 1612 sapemo
840 1559 914 1600 ch'
940 1560 1090 1600 anche
1111 1559 1170 1600 V.
1195 1558 1245 1600 P.
1270 1560 1312 1599 16
1348 1560 1514 1611 sappia
1540 1558 1568 1601 ².
1602 1559 1780 1601 Perche
1800 1561 1848 1601 ui
1870 1564 1894 1600 e

248 1633 496 1674 manifesto
525 1632 556 1672 li
577 1632 830 1679 sacerdoti.
855 1631 928 1672 ch'
954 1631 1001 1672 in
1023 1637 1187 1683 questo
1219 1631 1397 1682 luogho
1426 1642 1558 1682 sono,
1588 1642 1745 1672 essere
1776 1643 1892 1672 sern-

248 1716 331 1757 pre
371 1703 591 1755 occupati
631 1704 679 1744 in
720 1703 990 1743 confessare
1027 1708 1072 1742 et
1114 1702 1430 1743 comunicare.
1468 1702 1486 1743 I
1526 1702 1652 1754 quali
1691 1703 1894 1744 uisitano

247 1787 409 1828 spesse
444 1775 569 1816 uolte
603 1776 665 1827 gl'
702 1774 890 1815 infermi
916 1780 960 1814 et
992 1773 1238 1824 carcerati,
1278 1779 1323 1814 et
1357 1775 1614 1814 consolano
1649 1775 1711 1825 gl'
1743 1774 1894 1815 affiitti

247 1854 424 1901 quanto
460 1858 680 1899 possono.
718 1845 780 1886 Di
814 1846 894 1897 piu
929 1846 961 1886 il
995 1856 1191 1885 numero
1214 1845 1260 1886 di
1282 1845 1422 1897 quelli
1452 1845 1527 1886 chi
1551 1846 1590 1885 si
1613 1845 1893 1886 confessario

246 1931 410 1972 spesso
432 1925 477 1959 et
495 1917 835 1968 comunicansi,
859 1917 972 1968 ogni
991 1917 1159 1968 giorno
1182 1928 1358 1957 cresce.
1379 1915 1424 1957 S’
1442 1917 1641 1973 insegna
1660 1918 1738 1958 alli
1757 1917 1892 1958 scho-

245 1992 335 2032 lari
356 2003 380 2031 e
401 1992 508 2031 altri
532 1990 605 2030 chi
627 1990 895 2041 uenghono,
919 1989 964 2028 la
987 1988 1194 2028 dottrina
1216 1988 1494 2029 christiana.

327 2063 384 2103 Et
399 2063 439 2103 si
455 2062 646 2113 predica
664 2061 782 2101 nelle
800 2059 1076 2101 domeniche
1099 2071 1123 2100 e
1144 2059 1262 2100 feste
1284 2060 1330 2100 in
1352 2066 1517 2100 nostra
1540 2060 1701 2100 chiesa
1719 2071 1743 2100 e
1764 2060 1812 2100 in
1831 2062 1893 2100 31-

246 2134 307 2174 tri
328 2133 489 2185 luoghi
511 2145 605 2173 non
627 2144 716 2172 con
737 2143 890 2183 puoco
912 2131 1074 2172 frutto.
1100 2130 1177 2171 Ma
1199 2137 1317 2171 tutte
1339 2136 1502 2183 queste
1523 2143 1649 2182 cose,
1673 2137 1718 2171 et
1742 2132 1893 2173 anche

246 2206 326 2257 piu
347 2206 394 2246 di
415 2210 579 2256 queste
601 2216 684 2256 per
706 2204 823 2244 altre
845 2205 982 2243 lettre
1010 2203 1057 2242 ui
1078 2214 1193 2243 sono
1215 2208 1336 2243 state
1359 2203 1535 2243 scritte.

328 2277 451 2317 Delli
473 2276 613 2316 studii
635 2287 787 2328 puoco
809 2275 869 2315 ho
893 2286 919 2314 a
951 2274 1066 2314 dire.
1098 2273 1277 2314 Perche
1306 2273 1337 2314 li
1365 2273 1505 2314 studii
1536 2273 1782 2315 domestici
1810 2287 1894 2327 per

248 2351 291 2389 la
313 2349 469 2400 gratia
488 2347 534 2388 di
554 2346 647 2388 Dio
671 2358 826 2387 uanno
848 2346 982 2386 bene.
1006 2346 1067 2386 Li
1094 2345 1300 2386 scholari
1335 2344 1594 2386 fuoristieri
1624 2357 1740 2386 sono
1766 2345 1854 2397 130,
1880 2346 1895 2386 i

248 2420 375 2472 quali
395 2425 526 2460 tanto
547 2419 668 2458 nelle
689 2419 855 2458 lettere
876 2428 1009 2457 come
1030 2417 1139 2457 nelli
1160 2416 1304 2457 buoni
1326 2416 1527 2456 costumi
1548 2417 1691 2457 fanno
1712 2417 1894 2468 grande

247 2491 408 2532 frutto.

330 2561 506 2613 Questo
536 2561 792 2602 carnauale
819 2565 1012 2611 passato
1049 2559 1289 2600 recitorno
1330 2571 1394 2599 un
1438 2559 1628 2610 dialogo
1663 2565 1828 2600 contro
1863 2559 1894 2599 li

249 2632 433 2684 peccati
461 2632 534 2672 ch'
561 2632 608 2672 in
642 2633 747 2683 quel
783 2637 940 2682 tempo
978 2631 1018 2670 si
1055 2636 1394 2681 commettono',
1427 2635 1472 2670 et
1501 2631 1529 2670 l’
1560 2631 1681 2670 altro
1707 2631 1891 2681 giorno,

249 2704 377 2744 uersi
397 2709 442 2744 et
464 2703 670 2743 orationi
693 2702 882 2742 innanzi
899 2702 930 2741 il
949 2701 1228 2752 Vicelegato
1251 2708 1296 2742 et
1320 2701 1428 2742 altri
1452 2701 1611 2742 nobili:
1633 2701 1744 2742 dalli
1765 2701 1894 2753 quali

250 2786 366 2814 sono
390 2775 500 2814 stati
521 2773 666 2814 lodati
688 2774 720 2813 li
738 2773 857 2824 putti
879 2779 923 2813 et
946 2773 976 2813 il
997 2778 1159 2813 nostro
1179 2772 1316 2813 modo
1334 2771 1379 2812 di
1396 2772 1557 2813 uiuere
1574 2779 1618 2812 et
1637 2773 1892 2823 insegnare

248 2846 310 2896 gl'
343 2846 465 2885 altri.

306 2957 314 2975 ¹
358 2957 607 2991 Autographae
624 2958 749 2991 duplici
766 2957 858 2985 solio,
874 2957 982 2990 primo
999 2964 1030 2983 n.
1047 2956 1090 2988 58,
1109 2957 1219 2984 ¹altero
1236 2964 1299 2983 non
1316 2961 1508 2984 numerato.

305 3003 318 3021 ²
357 3003 468 3030 Primo
484 3005 673 3038 scripserat
691 3004 887 3038 Viperanus
903 3004 964 3030 che
980 3004 1091 3031 anche
1107 3005 1163 3031 voi
1178 3004 1209 3030 le
1221 3006 1402 3039 sappz'ate.
