2047 3179
228 165 300 202 640
762 166 988 203 LITTERAE
1008 174 1368 206 QUADRIMESTRES

232 262 375 303 distat
396 263 576 303 duobus
597 263 887 304 milliaribus.
911 263 978 303 Eo
1000 263 1141 303 etiam
1158 262 1230 302 die
1248 273 1331 313 per
1352 261 1532 301 litteras
1554 267 1749 312 rogatus
1766 273 1867 302 sum

233 347 259 373 a
290 333 543 374 Canonicis
573 341 617 375 et
644 334 827 375 ciuibus
855 334 1013 386 oppidi
1039 334 1197 374 Lozou
1227 332 1254 383 ¹,
1286 332 1520 384 Episcopo
1542 332 1714 372 subditi
1744 333 1867 373 ciuili

228 404 347 455 jure,
371 405 417 445 in
440 406 581 445 ferias
600 405 657 446 D.
682 405 891 456 Taurini,
915 406 1013 446 eius
1040 404 1130 445 loci
1159 403 1359 456 patroni,
1389 403 1549 455 quinto
1581 401 1868 454 Septembris

233 476 554 526 celebrandas,
584 477 750 528 quibus
776 477 920 528 petita
946 475 1159 528 praestiti
1186 474 1441 516 honorifice
1468 486 1494 514 a
1520 473 1764 514 Praefecto
1791 486 1866 514 ex-

233 554 411 599 ceptus.
436 546 580 588 Sexto
599 546 900 600 Septembris,
924 558 1125 599 pransus
1141 546 1321 598 negotii
1337 545 1560 597 spiritalis
1575 545 1729 596 gratia
1747 545 1869 597 apud

233 618 485 659 Dominam
506 619 679 659 Montis
705 619 890 668 Morini,
918 625 1023 670 post
1051 618 1299 657 lectionem
1326 616 1641 668 theologicam
1672 617 1870 657 accersi-

234 698 310 730 tus
330 702 433 731 sum
455 702 481 730 a
497 690 908 730 Reuerendissimo
931 688 1134 729 Domino
1155 688 1456 739 Euscopiam.
1486 687 1611 739 apud
1632 698 1771 739 quem
1790 687 1870 727 ho-

234 762 449 813 spitatus,
474 761 697 813 postridie
720 760 954 812 Ryomum
975 760 1213 811 profectus
1234 771 1351 799 sum.
1371 759 1532 811 Itaque
1547 758 1677 798 feriis
1694 758 1869 798 Natiui-

234 833 344 873 tatis
366 831 540 874 Sacrae
561 832 775 883 Virginis
795 832 929 871 binas
952 830 1074 882 apud
1096 830 1153 871 D.
1179 830 1426 882 Virginem
1447 830 1698 870 conciones
1714 829 1871 879 habui,

239 916 383 956 quum
404 905 544 944 Vnica
567 903 728 943 haberi
750 903 886 943 solita
908 903 981 952 sit,
1005 913 1111 942 cum
1132 908 1263 942 tanto
1284 901 1444 954 populi
1471 901 1705 951 confluxu,
1730 912 1872 952 quan-

237 982 335 1016 tum
355 976 490 1015 locus
512 987 680 1026 capere
702 975 865 1025 potuit.
897 973 1139 1024 Canonici,
1163 985 1269 1013 curn
1296 972 1559 1024 Praepositi
1586 971 1870 1024 praesentia,

235 1047 403 1098 gratiis
423 1046 556 1096 actis,
580 1046 894 1086 nummarium
915 1044 1197 1096 stipendium
1221 1045 1487 1084 obtulerunt
1508 1043 1636 1093 mihi,
1655 1043 1733 1095 qui
1749 1043 1873 1083 dole-

235 1119 349 1158 bant
369 1129 442 1158 me
463 1117 578 1157 nihil
599 1117 859 1164 admittere3
885 1124 933 1156 at
955 1116 1078 1156 hunc
1095 1115 1346 1156 Societatis
1367 1126 1546 1155 morem
1563 1126 1665 1154 esse
1685 1125 1875 1165 respon-

236 1190 297 1238 di,
330 1200 387 1229 ne
419 1189 619 1240 amplius
645 1193 885 1239 vrgerent;
915 1186 1216 1239 Praepositus
1246 1186 1303 1227 D.
1333 1186 1549 1237 Virginis
1575 1185 1872 1237 RyomensiS,

237 1261 446 1301 studiosa
467 1260 670 1312 quadam
697 1260 1010 1300 aemulatione
1040 1259 1324 1310 alteriusque
1353 1257 1524 1309 prioris
1550 1257 1748 1308 hospitis
1777 1268 1876 1308 per·

236 1332 474 1383 missione,
505 1343 578 1372 me
611 1332 657 1371 in
686 1331 851 1371 alienis
879 1331 1072 1371 aedibus
1098 1330 1330 1381 hospitari
1357 1329 1549 1369 minime
1583 1339 1752 1380 passus
1789 1334 1873 1368 est.

236 1404 397 1455 Itaque
419 1403 605 1444 aedium
626 1403 761 1455 copia
783 1402 898 1442 mihi
919 1401 1125 1452 offertur,
1149 1401 1318 1453 piaque
1346 1400 1401 1440 de
1430 1399 1619 1451 hospitii
1641 1399 1875 1439 oblatione

237 1476 358 1516 inter
386 1476 651 1526 complures
679 1473 924 1514 altercatio
951 1473 1015 1514 fit.
1045 1472 1348 1524 Praepositus
1374 1471 1431 1512 D.
1461 1470 1691 1522 Virginis,
1724 1470 1803 1522 qui
1834 1476 1878 1510 et

238 1547 508 1588 Canonicus
528 1546 652 1587 sacri
673 1546 833 1586 sacelli
853 1545 1150 1597 Ryomensis‚
1181 1555 1362 1584 summo
1385 1542 1554 1583 affectu
1581 1542 1877 1582 desiderabat

237 1618 366 1659 feriis
387 1618 700 1659 Exaltationis
717 1616 919 1658 Sanctae
937 1616 1102 1658 Crucis
1119 1616 1376 1656 solemnem
1392 1615 1518 1654 illam
1535 1613 1810 1654 concionem
1826 1613 1873 1653 in

239 1702 376 1731 sacro
398 1691 572 1730 sacello
593 1688 858 1729 habendam
882 1688 1065 1739 offerre3
1087 1699 1253 1728 verum
1275 1687 1384 1738 quia
1414 1685 1598 1726 Biliomi
1625 1684 1877 1725 solemnior

240 1761 396 1813 agitur
416 1761 663 1809 sestiuitas,
694 1772 780 1800 nec
809 1760 909 1811 ipse
936 1759 1052 1799 satis
1078 1770 1220 1799 ausus
1250 1764 1320 1798 est
1350 1769 1423 1797 me
1451 1757 1668 1808 precibus
1688 1767 1874 1807 Vrgere,

239 1845 326 1874 nec
349 1844 436 1884 ego
458 1832 587 1884 potui
614 1832 761 1884 ipsius
789 1832 915 1871 votis
943 1830 1211 1881 suffragari3
1242 1841 1350 1869 nam
1379 1836 1422 1868 et
1449 1828 1579 1868 feriis
1606 1827 1877 1867 Natiuitatis

242 1905 515 1955 virgineae,
545 1903 866 1952 Biliomenses,
894 1902 1003 1942 licet
1034 1902 1181 1941 altero
1215 1900 1549 1940 concionatore
1578 1898 1700 1947 freti,
1734 1908 1876 1949 aegre

242 1977 446 2016 tulerant
467 1974 804 2027 Ryomensium
831 1981 957 2014 vota.
989 1972 1133 2024 Atqui
1162 1973 1268 2024 piae
1297 1970 1601 2012 aemulationi
1623 1969 1779 2010 omnia
1800 1969 1877 2009 tri-

240 2049 402 2098 buens,
425 2047 747 2095 Biliomenses‚
770 2045 1042 2096 neutiquam
1071 2055 1185 2095 erga
1207 2055 1280 2084 me
1309 2042 1526 2093 offensos,
1557 2042 1741 2081 ratione
1768 2040 1879 2092 legi-

241 2120 355 2159 tima
375 2118 559 2170 pacaui.

320 2189 426 2230 Non
449 2189 586 2241 pauci
608 2201 664 2229 ex
687 2189 790 2229 aliis
816 2187 1085 2228 ciuitatibus
1106 2198 1161 2226 ac
1185 2186 1300 2226 locis
1317 2185 1376 2226 ad
1398 2187 1599 2237 primum
1618 2184 1791 2225 missae
1811 2195 1882 2224 sa-

241 2261 485 2312 crificium,
516 2261 698 2301 decimo
725 2259 894 2300 abhinc
924 2259 1012 2309 die,
1043 2257 1334 2310 Septembris
1362 2257 1468 2307 220,
1499 2257 1545 2297 in
1567 2267 1749 2296 summo
1770 2261 1882 2295 tem-

241 2335 317 2385 plo
344 2333 540 2373 solemni
569 2332 720 2373 officio
748 2344 775 2371 a
802 2343 890 2381 me,
916 2330 1003 2371 Dei
1028 2330 1237 2380 gratuita
1259 2329 1546 2380 dignatione,
1571 2326 1872 2377 offerendum,

243 2405 445 2445 Vestrae
468 2403 762 2445 auctoritatis
782 2402 978 2454 imperio
1001 2401 1059 2442 ad
1087 2399 1347 2442 Sacerdotii
1378 2399 1657 2450 dignitatem
1676 2397 1768 2438 21.⁰
1788 2397 1876 2446 die,

243 2476 299 2516 D.
325 2475 566 2516 Matthaeo
588 2475 818 2525 dedicato,
843 2474 900 2514 ab
928 2472 1151 2513 Antistite
1179 2471 1513 2512 Clarmontano
1540 2468 1878 2521 promouendo,

245 2548 291 2586 in
312 2546 434 2587 hanc
451 2547 615 2587 vrbem
637 2545 886 2594 confluent;
910 2544 1029 2584 inter
1051 2554 1168 2594 quos
1190 2542 1316 2582 DJfflS
1341 2541 1643 2592 Praepositus
1671 2551 1778 2580 cum
1799 2539 1880 2578 ali-

243 2625 356 2669 quot
377 2617 700 2659 sacerdotibus
721 2618 894 2668 pietate
916 2613 1407 2663 commendatissimis,
1431 2611 1629 2664 Ryomo‚
1653 2609 1882 2651 Sacerdo-

244 2697 314 2729 tes
336 2689 563 2730 Canonici
583 2700 641 2729 ex
663 2687 834 2740 oppido
863 2687 1038 2736 Lozou‚
1069 2684 1272 2725 Domina
1302 2683 1475 2724 Montis
1503 2682 1689 2733 Morini,
1718 2693 1743 2722 e
1770 2692 1883 2721 suae

248 2760 436 2800 ditionis
466 2770 606 2811 pago,
630 2770 736 2799 cum
767 2769 851 2798 sua
884 2756 1077 2805 familia,
1110 2761 1155 2795 et
1184 2754 1401 2807 permulti
1432 2765 1491 2794 ex
1523 2752 1731 2793 finitimis
1763 2751 1880 2792 locis

246 2831 335 2870 huc
368 2831 698 2870 conuolabunt.
723 2828 841 2869 Nam
870 2828 1031 2868 Rmus.
1060 2826 1322 2878 Episcopus
1349 2823 1566 2865 sacrificii
1588 2823 1724 2875 primi
1754 2823 1875 2863 diem

304 2993 310 3010 ¹
352 2990 418 3022 Sic3
431 2990 612 3017 Laus-sous)
