2047 3179
149 106 200 145 58
673 105 900 144 LITTERAE
914 117 1274 150 QUADRmasTREs

233 203 552 244 Concionatus
580 203 666 244 fuit
692 203 742 244 Ρ.
768 202 909 244 Auila
935 203 1119 256 Hispali
1140 204 1416 244 concionem
1443 202 1630 254 quidem
1656 213 1786 253 egre-

145 274 295 326 >giam3
321 287 380 315 ex
401 274 691 315 auditoribus
713 281 869 315 autem
889 275 1099 315 nonnulli
1119 275 1356 315 dicebant:
1382 274 1457 314 hic
1479 279 1606 314 recte
1635 274 1783 325 profc-

152 352 227 386 cto
256 352 416 398 posset
445 346 566 387 inter
601 346 716 387 duos
744 346 915 386 choros
950 346 1247 397 concionari;
1281 346 1399 386 inter
1435 345 1552 385 duos
1579 357 1785 397 namque

142 418 320 458 choros
354 418 514 469 templi
542 417 734 458 maioris
758 429 852 458 non
880 418 1154 458 conceditur
1179 404 1362 469 Hispali
1392 416 1663 456 concionari
1691 417 1784 456 nisi

143 488 578 540 famigeratissimis
599 489 1028 529 concionatoribus.

229 560 434 601 Profecti
455 566 563 601 sunt
584 559 774 601 tandem
795 559 901 600 inde
919 560 977 600 ad
994 559 1218 601 Sanctum
1235 558 1414 599 Lucam
1434 559 1442 576 ¹
1461 557 1512 598 P.
1533 557 1783 599 Francisci

148 632 292 682 iussu,
316 638 367 672 vt
388 631 601 683 Collegii‚
625 632 751 683 quod
767 631 973 672 Domina
994 631 1105 671 Dux
1126 635 1140 654 ²
1161 631 1253 671 illic
1276 629 1521 680 construit,
1553 630 1785 681 possesio—

145 714 254 743 nem
282 708 517 755 caperent.

228 773 278 813 P.
301 785 417 814 vero
448 773 623 815 Sancta
645 773 773 814 Crux
794 772 829 824 ³,
853 773 932 825 qui
962 785 987 813 e
1006 773 1250 814 Lusitania
1279 773 1369 812 huc
1397 771 1539 822 venit,
1563 776 1614 811 vt
1642 772 1782 822 bona,

139 856 266 896 quae
290 845 532 886 Granatae
551 845 761 895 haberet,
785 844 995 896 Collegio
1017 844 1079 885 ibi
1100 843 1257 884 futuro
1280 843 1499 894 donaret,
1522 843 1615 883 iam
1637 843 1783 883 Illibe-

145 928 223 957 ros
258 917 498 969 profectus
526 922 610 958 est.
640 916 773 957 Bona
801 921 957 957 autem
986 916 1159 957 donata
1190 921 1316 955 sunt:
1348 914 1534 965 domUS,
1565 926 1685 966 quae
1712 915 1784 955 bis

143 988 268 1028 mille
290 999 459 1029 aureos
480 989 607 1029 valet
628 999 867 1039 nummos,
893 987 1059 1028 deinde
1081 986 1340 1037 nonaginta
1363 991 1457 1025 tres
1486 984 1681 1026 ducatos
1703 997 1781 1025 au-

143 1071 249 1099 reos
271 1060 487 1100 annualis
504 1065 761 1112 prouentus
776 1059 976 1111 largitus
994 1065 1078 1099 est.
1098 1057 1348 1098 Donantur
1364 1062 1613 1107 praeterea
1630 1056 1781 1097 eidem

138 1130 353 1182 Collegio
376 1143 434 1171 ex
455 1141 588 1183 parte
608 1131 764 1171 Patris
785 1130 1002 1182 Magistri
1027 1129 1223 1183 Joannis
1244 1128 1449 1168 Aluarez
1470 1126 1484 1146 ⁴
1505 1128 1676 1180 viginti
1697 1139 1783 1168 sex

141 1200 301 1242 ducati
322 1208 579 1254 prouentus
608 1203 751 1243 etiam
772 1202 935 1253 annui,
961 1213 1019 1241 ex
1052 1201 1219 1253 quibus
1244 1210 1476 1240 summam
1505 1199 1782 1251 colligemus

134 1279 330 1314 -centum
351 1280 396 1314 et
417 1274 664 1315 duodecim
684 1274 963 1315 ducatorum
991 1278 1177 1325 praeter
1200 1271 1402 1312 domum.

221 1345 423 1397 Agimus
455 1346 530 1386 hic
560 1357 645 1386 sex
672 1357 815 1397 supra
845 1345 1036 1396 viginti;
1070 1356 1128 1384 ex
1155 1343 1227 1384 his
1255 1342 1474 1383 vndecim
1502 1342 1686 1394 absunt;
1718 1343 1782 1384 in-

134 1417 262 1457 firmi
283 1429 380 1458 sex.
406 1416 620 1468 Quatuor
641 1417 949 1469 professores,
971 1427 1139 1466 nempe
1161 1414 1339 1455 Doctor
1361 1413 1502 1454 Plaza
1525 1411 1554 1462 ⁵,
1579 1415 1656 1466 qui
1674 1426 1778 1455 con-

140 1488 368 1529 scientiae
391 1500 531 1529 casus
554 1488 833 1529 enucleabat
849 1488 1125 1539 laboratque
1142 1486 1359 1526 tertiana.
1380 1485 1429 1525 Ρ.
1450 1484 1616 1525 deinde
1631 1485 1749 1539 Jaen
1766 1485 1781 1503 ‘³

133 1571 343 1610 graecus
378 1560 618 1600 institutor
648 1559 919 1613 quotidiana
955 1564 1157 1599 vexatus
1191 1557 1324 1608 febri3
1363 1563 1410 1596 at
1437 1568 1551 1596 Vero
1584 1562 1780 1608 uterque

140 1632 280 1672 lenta:
305 1637 403 1671 tum
420 1631 588 1672 Frater
603 1630 734 1672 Roca
757 1631 784 1683 ⁷,
805 1631 882 1683 qui
899 1637 943 1671 et
960 1629 1265 1671 humanitatis
1283 1634 1326 1668 et
1345 1627 1603 1668 rhetorices
1625 1628 1778 1668 cathe-

134 1702 275 1743 dram
295 1702 718 1754 interpretabatur,
742 1703 922 1743 ventris
943 1702 1071 1743 fluxu
1093 1707 1137 1742 et
1163 1699 1397 1741 stomachi
1425 1699 1686 1750 debilitate,
1721 1699 1780 1739 ab

132 1786 194 1814 eo
216 1780 452 1826 tempore,
478 1787 569 1827 quo
591 1775 683 1815 huc
704 1775 853 1825 venit,
885 1785 1070 1826 semper
1098 1772 1293 1814 affectus
1321 1773 1421 1814 fuit.
1451 1769 1619 1812 Frater
1646 1782 1777 1822 prae-

138 1853 267 1886 terea
289 1845 543 1887 Marcellus
564 1846 593 1897 ⁸,
617 1847 697 1898 qui
718 1846 775 1887 ob
802 1846 1034 1886 stomachi
1064 1845 1352 1885 debilitatem
1378 1854 1622 1896 magnam,
1647 1842 1776 1883 mini-

136 1928 262 1957 mam
303 1918 503 1958 classem
543 1929 627 1970 per
661 1918 826 1958 horam
862 1917 1107 1957 dumtaxat
1147 1917 1420 1967 exercebat,
1464 1915 1634 1968 quique
1672 1915 1776 1954 loco

136 1987 187 2028 Ρ.
210 1989 329 2042 Jaen
351 1988 577 2030 suffectus
599 1989 707 2040 fuit,
731 1996 783 2029 vt
812 2000 1037 2040 graecam
1065 1989 1314 2029 lectionem
1342 1992 1617 2039 exponeret,
1648 1985 1695 2026 id
1714 1985 1775 2024 la-

133 2060 265 2100 boris
285 2071 392 2101 cum
412 2060 535 2101 ferre
556 2072 650 2101 non
671 2066 844 2112 posset,
869 2060 1058 2100 omnino
1080 2059 1264 2111 Vtrique
1286 2058 1475 2099 lectioni
1497 2056 1777 2109 supersedit.

135 2131 186 2171 P.
211 2132 353 2172 etiam
374 2131 572 2172 Pertusa
594 2130 608 2151 ⁹
630 2132 687 2172 ab
709 2144 763 2172 eo
785 2139 1010 2182 tempore,
1035 2143 1126 2182 quo
1147 2143 1205 2171 ex
1227 2130 1470 2170 Lusitania
1492 2129 1645 2179 venit,
1673 2139 1779 2169 ven-

131 2203 220 2243 tris
246 2215 388 2243 cursu
419 2210 464 2244 et
493 2203 661 2255 capitis
690 2202 850 2243 dolore
880 2213 1064 2254 semper
1094 2201 1340 2242 laborauit.
1366 2200 1461 2242 Alii
1482 2201 1573 2241 duo
1594 2199 1775 2250 Patres,

191 2461 200 2481 ¹
242 2461 333 2489 Urbs
349 2466 400 2489 est
417 2469 522 2496 prope
539 2461 657 2489 Baetis
674 2461 819 2488 fluminis
836 2467 907 2494 ora,
925 2459 1094 2487 Sanlucar
1110 2459 1149 2486 dc
1166 2459 1379 2487 Barrameda
1394 2459 1497 2487 dicta.

187 2508 201 2527 ‘2
241 2510 339 2537 Anna
355 2510 395 2536 de
412 2510 553 2543 Aragon
568 2514 601 2537 ct
618 2509 764 2540 Gurrea,
782 2508 803 2535 S
831 2508 1008 2536 Francisci
1025 2508 1143 2541 amita,
1161 2507 1237 2534 Dux
1254 2508 1325 2541 vel,
1338 2512 1374 2535 ut
1388 2507 1459 2542 jam
1475 2514 1553 2534 usus
1570 2507 1673 2533 habet
1689 2505 1774 2537 „Du-

138 2557 227 2585 cissa
243 2558 283 2585 de
298 2557 432 2585 Medina
450 2557 600 2585 Sidonia.

185 2605 199 2624 ⁵
241 2605 272 2632 Ρ.
293 2605 442 2633 Didacus
458 2606 496 2632 de
513 2605 715 2639 Santacruz‚
731 2604 958 2632 communiter
975 2604 1012 2631 P.
1032 2604 1232 2631 Santacruz
1251 2604 1490 2631 Granatenszs
1504 2602 1629 2630 dictus.

186 2653 199 2673 ⁴
237 2652 280 2687 Is,
297 2654 352 2688 qui
367 2653 598 2681 Granatensis
614 2654 719 2680 etiam
735 2657 824 2684 erat.
841 2652 989 2686 joannes
1003 2652 1129 2679 Paulus
1142 2653 1245 2686 vulgo
1258 2652 1448 2679 dicebatur.

187 2700 201 2719 ⁵
240 2701 275 2727 Ρ.
293 2700 351 2728 Dr.
367 2701 516 2734 Joannes
532 2701 571 2728 de
588 2702 620 2728 la
636 2701 752 2728 Plaza.

186 2748 200 2765 ‘²
240 2749 277 2775 P.
293 2749 441 2782 Joannes
457 2749 496 2776 de
512 2748 608 2781 Jacn.

186 2797 198 2815 Τ
240 2796 364 2824 Frater
379 2797 527 2830 Joannes
542 2797 581 2823 de
600 2796 702 2824 Roca.
719 2796 805 2824 Vide
822 2804 907 2831 quae
929 2797 1075 2824 diximus
1092 2798 1123 2824 in
1148 2802 1228 2824 tom.
1245 2804 1285 2830 ιι,
1303 2803 1380 2831 pag.
1396 2795 1449 2828 70,
1466 2799 1581 2822 annot.
1605 2794 1632 2825 3.
1655 2794 1710 2821 ubi
1733 2793 1775 2820 de

127 2847 195 2874 {hoc
212 2845 336 2873 Fratre
352 2845 387 2872 fit
403 2852 526 2876 sermo.
543 2846 604 2872 sub
622 2845 752 2872 nomine
769 2845 910 2879 Antiqui
928 2845 1032 2873 Roca.

184 2893 199 2913 S
236 2894 278 2921 P.
294 2893 477 2921 Marcellus
492 2892 646 2920 Salazar.

184 2942 199 2963 9
239 2942 274 2970 Ρ.
292 2941 526 2970 Gundisalvus
544 2940 700 2969 Pertusa.
