2047 3179
860 162 942 198 AN.
975 161 1064 198 1555
1712 160 1781 196 4239

149 268 194 302 et
215 261 445 301 rationem
468 268 511 300 et
532 260 731 300 formam
754 264 879 299 recte
901 257 1091 298 uiuendi
1113 257 1263 307 docet,
1288 263 1331 296 et
1352 257 1479 305 leges
1501 263 1544 296 et
1566 257 1779 296 instituta

154 332 342 381 stabilit,
377 332 485 372 dum
508 332 753 371 vniuersos
781 342 808 369 a
832 329 955 369 vitiis
976 334 1020 368 et
1042 328 1281 368 erroribus
1303 326 1625 368 concicnando
1648 339 1780 366 reuo-

151 411 242 453 cat,
267 409 310 443 et
331 402 390 442 ad
411 403 536 442 vitae
559 401 843 442 christianae
865 399 1008 439 decus
1039 399 1327 447 cohortatur,
1358 403 1665 437 sacrosancta
1693 397 1779 436 Eu-

153 474 404 513 charistiae
426 473 651 521 sacraria,
677 473 851 512 cultum
874 477 917 510 et
940 481 1076 510 usum
1097 476 1229 509 curat
1262 475 1307 508 et
1338 470 1551 520 imperat,
1576 467 1684 507 dum
1707 467 1778 506 de-

151 545 289 596 nique
318 545 488 595 templa
519 543 687 593 diruta,
718 542 888 582 Vitiosa
919 547 963 581 et
990 540 1229 580 immunda
1266 539 1590 588 instauranda,
1628 537 1780 577 aedifi-

151 615 302 655 canda
324 621 368 654 et
389 613 664 654 illustranda
686 619 819 653 curat
836 620 880 652 et
900 612 1039 651 iubet.

230 685 321 725 Vbi
351 685 485 724 rediit
521 697 543 724 e
585 684 811 724 dioecesis
852 683 1149 730 lustratione,
1189 681 1440 721 comitatus
1489 687 1559 720 est
1595 688 1638 720 et
1678 680 1782 731 Epi-

150 767 357 807 scopum,
392 756 469 807 qui
497 763 540 795 et
569 756 667 806 ipse
694 766 843 806 pagos
871 760 914 794 et
942 754 1149 802 castella,
1185 752 1287 792 vrbi
1315 752 1529 803 proxima
1551 758 1595 791 et
1619 752 1665 791 in
1687 751 1781 802 pla—

148 827 260 866 nitie
296 827 569 873 constituta,
603 826 850 866 circumire
881 832 925 865 et
956 825 1204 875 explorare
1238 823 1398 863 uoluit:
1434 823 1480 862 in
1515 823 1604 862 hac
1639 822 1783 862 etiam

149 898 309 948 gregis
330 897 518 937 Domini
540 908 740 937 censura
760 907 862 936 sese
882 895 946 935 illi
968 895 1186 935 comitem
1208 893 1332 934 haud
1365 894 1604 944 ingratum
1633 899 1677 933 et
1707 892 1785 932 ad-

150 969 349 1009 iutorem
381 980 474 1008 non
503 969 720 1019 ignarum
750 967 996 1019 praestitit,
1031 968 1078 1007 in
1108 966 1247 1006 rebus
1278 966 1449 1006 diuinis
1481 964 1701 1016 agendis,
1740 969 1785 1004 et

150 1039 304 1090 rebus,
330 1050 447 1090 quae
470 1046 736 1090 spectarent
759 1045 802 1079 et
825 1039 1035 1079 valerent
1058 1038 1117 1078 ad
1141 1038 1407 1077 animarum
1429 1042 1688 1088 quaestum,
1709 1046 1786 1086 ge-

150 1110 322 1151 rendis.
347 1110 544 1161 Etenim,
569 1111 688 1150 inter
711 1110 801 1150 alia
822 1109 988 1159 officia,
1012 1109 1214 1149 habebat
1236 1108 1487 1148 conciones
1504 1108 1551 1147 in
1573 1106 1783 1146 Pastoris

149 1188 405 1233 conspectu
426 1182 485 1221 ad
505 1182 749 1233 populum,
774 1181 968 1221 hortans
989 1180 1237 1220 vniuersos
1262 1179 1320 1219 ad
1342 1179 1659 1229 poenitentiae
1681 1189 1783 1228 por-

126 1247 263 1302 tum,
287 1252 331 1292 id
354 1258 438 1302 est,
472 1253 527 1292 ad
562 1258 965 1292 sacramentorum
998 1251 1289 1302 frequentem
1316 1250 1681 1301 perceptionem,
1705 1249 1783 1288 ad-

156 1335 352 1363 monens
382 1323 484 1363 illos
513 1323 569 1363 de
598 1323 807 1363 Pastoris
837 1322 1114 1372 obedientia,
1144 1322 1200 1361 de
1228 1321 1331 1371 fide,
1367 1321 1422 1361 de
1454 1332 1535 1371 spe
1566 1326 1610 1360 et
1632 1331 1780 1370 regno

155 1395 257 1436 Dei.
281 1394 383 1434 Hae
414 1395 665 1434 conciones
696 1400 792 1434 tam
822 1394 989 1434 doctae
1010 1399 1054 1433 et
1074 1399 1239 1444 gratae
1261 1392 1447 1432 fuerunt
1471 1391 1777 1441 auditoribus,

151 1473 201 1506 ut
222 1478 315 1506 non
337 1466 474 1505 modo
491 1465 776 1513 sustinuerit,
800 1465 882 1505 sed
903 1471 947 1505 et
969 1464 1263 1515 superauerit
1285 1475 1430 1515 spem,
1457 1474 1597 1514 quam
1618 1462 1674 1502 de
1705 1462 1782 1501 illo

154 1537 417 1588 Episcopus
438 1542 482 1577 et
504 1536 745 1576 domestici
776 1541 1104 1587 conceperant,
1130 1541 1174 1575 et
1195 1535 1480 1586 efflagitatus
1501 1534 1639 1574 fuerit
1663 1540 1710 1573 ut
1732 1534 1779 1572 in

151 1607 431 1659 quibusdam
453 1608 658 1648 castellis
679 1608 900 1659 populum
917 1606 1122 1647 erudiret
1144 1606 1190 1646 in
1210 1607 1313 1657 lege
1335 1605 1539 1645 Domini.

232 1679 493 1730 Episcopus
514 1690 655 1730 porro
678 1689 851 1729 magna
872 1677 1059 1718 Patrem
1083 1683 1294 1717 nostrum
1315 1676 1642 1716 benevolentia
1665 1686 1786 1715 com-

156 1751 374 1802 plectitur
404 1756 449 1790 et
477 1750 615 1790 valde
646 1750 791 1790 utitur
829 1749 1141 1799 familiariter,
1174 1755 1273 1788 tum
1302 1755 1494 1800 propter
1529 1747 1784 1797 ingenium,

153 1821 306 1861 studia
329 1832 574 1871 moresque
597 1821 732 1870 illius,
757 1826 856 1860 tum
878 1820 934 1859 ob
959 1819 1220 1859 doctrinam
1249 1827 1292 1858 et
1322 1818 1624 1858 foelicitatem
1645 1817 1689 1857 in
1713 1828 1782 1856 re-

153 1891 240 1932 bus
261 1892 495 1943 gerendis.
521 1892 705 1931 Etenim
731 1891 796 1931 illi
824 1891 1051 1942 imprimis
1077 1901 1234 1930 rerum
1257 1889 1511 1929 arduarum
1533 1896 1576 1928 et
1607 1888 1783 1928 diuina-

155 1974 259 2003 rum
292 1963 612 2014 gubernacula
644 1961 791 2002 credit
819 1961 1118 2013 mandatque,
1143 1960 1363 2011 illumque
1393 1960 1439 2000 in
1461 1959 1709 2000 consilium
1730 1958 1785 1999 de

154 2034 293 2074 rebus
315 2034 509 2074 secretis
536 2033 738 2073 adhibet.

234 2105 362 2145 Idem
394 2104 535 2145 Pater
566 2105 874 2144 concionatus
909 2111 978 2143 est
1009 2103 1135 2143 feriis
1171 2102 1529 2143 solemnioribus
1561 2102 1607 2141 in
1642 2100 1792 2141 Diuae

154 2176 328 2216 Luciae
363 2176 499 2224 aede,
537 2186 656 2227 quas
687 2174 937 2215 conciones
971 2186 1171 2226 magnus
1194 2185 1378 2225 quoque
1409 2178 1689 2213 consecutus
1724 2178 1793 2212 est

155 2247 350 2287 fructus.
369 2246 421 2287 In
441 2246 806 2298 quadragesima
827 2245 1026 2286 instituit
1049 2245 1324 2285 concionem
1355 2245 1401 2284 in
1423 2250 1791 2284 commemorato

154 2318 342 2368 templo,
366 2324 411 2358 et
433 2317 638 2368 quotidie
660 2317 898 2367 virginum
921 2316 1097 2357 Christi
1118 2317 1208 2356 tria
1230 2322 1310 2356 aut
1342 2322 1543 2367 quatuor
1564 2314 1790 2354 coenobia

157 2388 301 2439 adire,
318 2389 513 2440 illasque
531 2388 742 2440 (imperio
758 2387 993 2439 Episcopi)
1014 2387 1258 2437 instruere,
1282 2387 1339 2427 ad
1359 2386 1663 2435 obedientiae,
1681 2396 1788 2436 pau-

157 2459 351 2510 pertatis
374 2465 418 2499 et
438 2459 714 2499 humilitatis
741 2458 941 2509 gloriam
963 2459 1161 2507 erudire,
1194 2458 1322 2498 viam
1359 2457 1556 2509 denique
1587 2468 1726 2496 uerae
1748 2464 1792 2495 et

158 2531 370 2580 integrae
402 2530 657 2581 religionis,
693 2541 719 2569 a
753 2541 843 2581 qua
865 2529 1118 2581 plurimum
1139 2529 1374 2580 aberrant,
1399 2529 1582 2569 docere.
1608 2527 1788 2568 Verum

159 2601 401 2640 enimvero
423 2600 470 2640 in
488 2600 589 2652 ipso
612 2606 785 2640 conatu
806 2599 1054 2651 frangitur,
1079 2600 1290 2640 incidens
1312 2600 1359 2640 in
1389 2599 1705 2639 valetudinem
1727 2598 1790 2637 in-

158 2671 356 2721 fi1·mam;
378 2678 423 2712 et
453 2672 542 2712 hac
572 2672 754 2712 ratione
784 2683 811 2710 a
843 2671 1123 2711 concionum
1153 2682 1360 2721 munere,
1384 2675 1791 2711 sacramentorum

160 2742 413 2793 functione,
430 2748 473 2783 et
495 2743 694 2783 caeteris
714 2742 803 2794 piis
824 2748 868 2782 et
890 2741 1128 2793 frugiferis
1150 2741 1311 2782 officiis
1333 2742 1550 2792 cessauit,
1571 2752 1654 2792 per
1677 2739 1793 2780 duos

161 2813 258 2853 fere
293 2824 477 2854 menses
507 2814 717 2865 grauiter
745 2813 982 2853 laborans.
1023 2812 1206 2864 Quanta
1239 2814 1286 2854 in
1313 2812 1550 2853 coenobiis
1571 2812 1786 2863 gesserit,

163 2883 441 2925 concionum
462 2890 506 2925 et
527 2884 907 2925 exhortationum
930 2884 1117 2936 auxilio,
1142 2884 1409 2924 testimonio
1427 2888 1535 2924 sunt
1556 2883 1794 2934 virginum

160 2954 336 2995 Christi
357 2961 568 3007 pastores
599 2968 653 2996 ac
682 2955 1018 3006 moderatores,
1049 2956 1142 3006 qui,
1175 2955 1304 2995 Patri
1330 2955 1625 3006 gratulantes
1646 2954 1702 2994 de
1732 2955 1796 2993 la-
