2047 3179
888 122 972 159 AN.
1003 122 1095 160 1554
1737 128 1801 166 111

169 228 263 256 non
284 218 524 269 proposuit
545 218 825 258 haeredibus
851 218 1129 270 relinquere,
1161 218 1242 259 sed
1270 219 1317 259 in
1338 220 1685 272 eleemosynam
1707 234 1804 263 ero·

169 298 300 338 gare.
331 288 562 341 Cupitque
589 289 875 330 Academiae
906 289 1199 330 Billomensis
1227 301 1412 330 ornnem
1440 291 1803 333 administratio-

168 370 276 398 nem
296 358 520 401 Societati
541 360 845 411 committere,
871 366 920 400 vt
940 372 1083 411 penes
1104 359 1386 400 Societatem
1402 372 1538 401 omne
1555 362 1801 405 arbitrium

168 441 224 470 ac
246 430 318 471 ius
339 431 526 472 existat.
550 431 683 471 Rmus
702 431 934 472 Dominus
954 431 1316 472 Clarmontanus
1343 443 1437 472 vna
1460 443 1566 472 cum
1587 432 1802 474 Illustris-

167 500 285 541 simo
321 501 424 542 viro
459 502 661 543 Domino
695 502 936 552 Montano,
976 503 1235 543 libellorum
1266 503 1505 554 regiorum
1542 504 1802 555 praefecto,

164 570 473 613 Reuerentiae
494 579 602 614 tuae
620 573 957 614 officiosissime
976 585 1026 613 se
1052 585 1228 625 suaque
1246 574 1555 615 commendat.

248 642 388 684 Ciues
409 643 581 686 Montis
603 645 772 696 Argini
795 643 821 696 ¹,
846 645 1015 685 oblatis
1035 650 1221 685 centum
1240 645 1371 685 libris
1401 645 1585 696 annuiS,
1611 645 1803 686 domici-

166 713 243 764 lio,
266 725 323 754 ac
343 716 622 766 supellectili
653 716 936 765 necessaria,
966 714 1212 756 Societatis
1246 716 1563 767 praesentiam
1590 716 1801 757 erudien-

165 784 252 825 dae
274 785 505 826 iuuentuti
527 787 766 837 affectant,
791 798 845 827 ac
867 787 1004 827 tertio
1027 792 1107 827 aut
1127 792 1295 838 quarto
1318 786 1488 827 abhinc
1509 787 1583 827 die
1602 787 1804 828 Praeses

163 855 296 896 vrbis
315 867 401 896 nos
423 857 606 909 inuiset,
638 857 932 899 familiariter
953 869 1059 898 cum
1088 857 1228 898 Patre
1254 857 1344 898 hoc
1378 858 1434 898 de
1463 858 1651 909 negotio
1673 865 1802 899 actu-

164 936 259 976 rus3
283 927 464 967 vtinam
486 930 671 970 colonia
702 929 809 969 illuc
843 929 1070 979 mittatur,
1093 940 1203 968 nam
1232 928 1541 969 concionandi
1572 936 1616 969 et
1636 929 1802 971 Sacra-

161 1003 319 1038 menta
340 998 698 1041 administrandi
721 1000 958 1040 liberrima
979 1000 1170 1040 daretur
1191 1000 1342 1050 copia,
1358 1000 1636 1051 praesertim
1658 1013 1803 1053 quum

160 1067 391 1109 dioecesis
425 1070 484 1110 sit
510 1070 807 1122 Senonensis,
831 1083 917 1112 nec
953 1071 1035 1111 vlli
1069 1070 1132 1111 ibi
1166 1077 1406 1112 morentur
1432 1071 1656 1123 religiosi.
1691 1071 1800 1124 Sed,

160 1140 282 1190 proh
304 1140 450 1181 dolor!
475 1143 797 1194 operariorum
818 1142 975 1194 inopia
996 1153 1084 1182 nos
1104 1142 1289 1194 premit.

240 1210 479 1262 Quantum
501 1214 559 1254 ad
580 1214 854 1265 Euangelici
876 1213 995 1254 lucri
1016 1214 1358 1254 incrementum
1379 1214 1558 1264 attinet,
1582 1225 1677 1254 non
1699 1215 1801 1255 sine

159 1281 354 1323 foenore
375 1284 550 1325 laboris
571 1285 705 1325 nobis
727 1285 866 1325 cessit
893 1284 1193 1336 impendium.
1219 1284 1434 1336 Quinque
1461 1285 1698 1325 exercitiis
1729 1297 1799 1325 sa-

159 1354 253 1393 cris
275 1353 455 1405 imbuti,
480 1356 703 1396 vnctione
724 1355 923 1407 Spiritus
944 1354 1106 1396 Sancti
1128 1355 1333 1405 delibuti,
1359 1356 1587 1396 aduersus
1615 1356 1802 1397 hostem

160 1424 207 1464 in
227 1425 515 1476 palaestram
531 1426 745 1477 prodiere
765 1426 1035 1478 pugnaturi,
1059 1437 1258 1478 quorum
1279 1426 1386 1477 duo,
1410 1427 1528 1467 alter
1557 1426 1800 1478 sacerdos,

162 1495 281 1536 alter
309 1496 582 1537 adolescens
611 1497 762 1538 bonae
789 1497 903 1549 spei,
936 1496 1160 1538 Societati
1187 1508 1236 1537 se
1259 1497 1554 1538 addixerunt.
1579 1497 1669 1549 Qui
1693 1510 1799 1538 con-

161 1567 306 1607 stanti
327 1568 484 1608 animo
507 1580 556 1608 se
579 1569 774 1609 vincunt
795 1579 849 1608 ac
871 1574 1096 1620 superant
1116 1568 1163 1609 in
1188 1568 1287 1609 dies
1308 1568 1536 1609 aduersus
1552 1575 1803 1621 peccatum

165 1643 447 1689 pugnantes.
470 1637 649 1680 Nobilis
667 1639 742 1680 ille
764 1651 787 1680 e
808 1638 985 1680 familia
1003 1639 1268 1680 Cardinalis
1284 1639 1675 1691 Vendommae12,
1700 1652 1800 1681 cas-

162 1720 238 1749 ses
265 1710 457 1761 elapsus
487 1721 644 1761 aegre,
673 1710 758 1751 reti
788 1711 1064 1762 euangelico
1091 1710 1345 1751 aduolauit.
1369 1710 1457 1751 Vir
1484 1711 1560 1751 ille
1587 1712 1800 1763 Burgun-

157 1780 244 1820 dus
263 1779 277 1798 ³
298 1781 500 1832 patriam
531 1782 746 1833 accessit,
771 1782 878 1822 data
900 1782 1034 1822 nobis
1054 1781 1144 1822 fide
1174 1793 1224 1822 se
1247 1794 1273 1822 a
1295 1782 1446 1823 reditu
1469 1783 1611 1823 animi
1643 1783 1801 1824 decre-

154 1858 255 1892 tum
272 1852 407 1892 nobis
431 1852 816 1905 deprompturum
837 1865 896 1894 ex
917 1853 1086 1894 animo:
1111 1853 1167 1893 de
1188 1853 1320 1893 cuius
1341 1864 1538 1894 accessu
1568 1855 1684 1895 satis
1706 1866 1798 1895 am-

155 1922 375 1973 bigimus.

234 1993 495 2034 Monachus
530 1995 607 2034 ille
634 1994 964 2036 Benedictinus
985 1995 1272 2036 vberrimum
1299 1995 1503 2036 fructum
1530 1996 1601 2036 sui
1622 1996 1802 2037 laboris

154 2064 326 2104 retulit.
350 2063 434 2105 Est
456 2066 531 2105 hic
555 2065 748 2117 quidam
775 2065 1041 2107 Canonicus
1075 2066 1310 2117 regularis
1335 2064 1498 2107 Sancti
1524 2066 1798 2119 Augustini,

154 2134 421 2186 theologiae
456 2136 705 2177 doctoratu
746 2144 852 2189 post
886 2136 1069 2177 Pascha
1108 2136 1447 2188 insigniendus,
1479 2137 1793 2189 ecclesiastes,

154 2205 300 2246 diuini
331 2207 524 2247 honoris
553 2207 739 2258 zelotes,
778 2208 857 2259 qui
883 2208 1132 2259 plurimum
1161 2207 1296 2248 nobis
1324 2213 1454 2259 optat
1483 2207 1692 2260 adiungi:
1715 2209 1800 2250 sed

155 2276 257 2317 eius
279 2276 498 2318 affectum
519 2278 711 2318 alterius
731 2278 971 2330 religionis
991 2278 1220 2330 professio
1248 2277 1454 2331 impedit,
1480 2290 1587 2320 cum
1613 2292 1799 2321 summo

156 2347 302 2387 animi
323 2348 469 2400 ipsius
491 2348 666 2389 dolore.

234 2417 353 2470 Ego,
377 2418 532 2460 Patris
554 2420 751 2471 imperio
773 2420 957 2469 missus,
982 2420 1030 2460 in
1058 2420 1262 2472 quadam
1287 2419 1509 2470 Abbatia,
1533 2420 1704 2462 Portus
1727 2434 1799 2463 re-

155 2488 222 2539 gii
237 2488 253 2507 ⁴
273 2490 461 2530 nomine
482 2490 724 2541 insignita,
749 2503 832 2531 sex
851 2491 1117 2531 milliarium
1139 2491 1418 2542 gallicorum
1435 2491 1684 2533 interuallo
1706 2493 1796 2534 Lu-

156 2560 270 2600 tetia
287 2559 468 2611 dissita,
495 2561 801 2602 concionatus
824 2572 926 2602 sum
947 2573 1000 2602 eo
1023 2562 1096 2602 die
1118 2561 1368 2613 dominico,
1391 2574 1482 2614 quo
1512 2563 1702 2604 iubilaei
1724 2575 1796 2604 so-

154 2632 372 2673 lemnitas
387 2644 446 2673 ex
467 2631 707 2673 Pontificis
729 2631 906 2673 indulto
927 2633 1164 2673 celebrata
1185 2638 1254 2673 est
1271 2633 1317 2673 in
1339 2633 1543 2674 dioecesi
1563 2634 1796 2676 Parisien-

211 2792 222 2813 ¹
263 2793 350 2820 Vide
365 2801 480 2829 supra,
497 2798 523 2821 t.
542 2801 578 2829 11,
596 2801 675 2829 pag.
688 2794 750 2829 662,
767 2795 919 2823 annot.‘2.

208 2840 222 2858 ’ὲ
262 2840 406 2868 Carolus
422 2840 580 2869 Bourbon
596 2842 636 2869 de
652 2842 837 2870 Vendome.
852 2841 938 2870 Vide
955 2842 1105 2871 PoiANc1
1122 2843 1257 2876 Chron„
1272 2846 1295 2871 t.
1311 2851 1358 2877 ιν,
1370 2850 1450 2878 pag.
1466 2842 1528 2878 3211,
1541 2850 1573 2871 n.
1586 2843 1649 2871 693.

209 2887 224 2905 ⁵
261 2888 432 2916 Antonius
446 2887 593 2916 Lassar?
609 2889 696 2917 Vide
713 2890 864 2917 POLANCI
881 2889 1082 2925 Chrom‘con,
1098 2894 1124 2918 t.
1143 2898 1190 2925 xv,
1204 2898 1286 2925 pag.
1303 2890 1366 2926 321,
1382 2897 1417 2918 n.
1435 2889 1499 2917 687.

210 2934 225 2955 ⁴
262 2934 349 2963 Vide
365 2936 515 2964 PoLANc1
533 2936 734 2971 chronicon,
751 2942 775 2964 t.
791 2945 837 2972 ιν,
853 2945 930 2972 pag.
945 2937 1009 2973 325,
1025 2945 1055 2965 n.
1071 2938 1134 2965 695.
