2047 3179
919 129 1002 166 AN.
1034 129 1125 167 1555
1769 129 1842 168 283

887 578 1164 634 COGL'IV

284 810 540 849 Edmundus
560 813 799 860 Augerius‚

332 875 403 913 Ex
422 877 742 915 commissione
763 877 905 915 Patris
926 877 1142 915 Everardi
1162 877 1445 921 Mercuriani,

383 942 503 979 Patri
528 943 691 989 'gnatio
712 943 765 980 de
784 943 967 991 Loyola.
1292 935 1297 941 ⁴

430 1006 626 1053 Perusio,
648 1008 670 1044 4
689 1008 920 1045 Februarii
941 1007 1033 1045 1555
1052 1008 1076 1042 ¹.

1019 1180 1023 1196 l

980 1198 1076 1239 IHS

296 1358 396 1398 Pax
421 1359 597 1399 Christi
620 1366 707 1399 etc.

298 1430 550 1481 ‚Quonz'anu
577 1430 717 1470 Pater
747 1431 792 1470 in
821 1429 1006 1470 Christo
1036 1431 1351 1480 obseruande,
1388 1430 1530 1470 liuius
1566 1431 1851 1471 narrationis

218 1500 314 1540 tale
339 1500 615 1541 institutam
645 1513 748 1540 esse
777 1501 991 1552 noluisti,
1019 1505 1070 1541 nt
1092 1501 1243 1541 multa
1266 1502 1438 1553 paucis
1467 1501 1853 1553 complectamur,

217 1571 352 1611 uideo
375 1583 445 1611 me
467 1583 559 1611 non
581 1576 679 1611 tam
698 1572 848 1623 copia,
870 1583 1010 1623 quam
1032 1573 1167 1612 modo
1189 1572 1426 1622 indigere:
1444 1584 1532 1623 qno
1555 1573 1853 1612 tametsz'sc'm

212 1647 446 1693 prorsum
478 1643 761 1693 destitutus,
795 1643 903 1682 inde
930 1647 1086 1683 tamen
1109 1643 1276 1683 ordiar
1304 1644 1426 1683 vnde
1448 1643 1587 1684 finem
1616 1651 1852 1695 postremo

218 1724 569 1764 sumpseramus
599 1713 628 1751 ².
659 1714 783 1753 Nam
810 1714 1015 1754 omnium
1042 1714 1239 1754 fratrum
1268 1715 1411 1754 animi
1434 1715 1586 1766 magis
1614 1727 1670 1755 ac
1702 1716 1856 1766 magis

218 1784 445 1825 uirtutum
466 1784 618 1824 studio
639 1785 855 1825 roborari
875 1785 1107 1825 uidentur:
1132 1791 1280 1837 ‘neque
1301 1797 1415 1826 uero
1439 1786 1498 1826 ad
1518 1786 1606 1826 hoc
1628 1787 1794 1826 modus
1811 1792 1855 1826 et

218 1855 569 1907 compendiaria
589 1855 820 1907 quaedam
837 1856 912 1896 uia
930 1856 1072 1896 deest.
1089 1856 1281 1896 Praeter
1294 1857 1417 1896 enim
1434 1857 1622 1897 solitam
1642 1857 1854 1897 laborum

220 1926 605 1977 magnitudinem,
631 1926 858 1967 accedunt
889 1934 933 1967 et
966 1939 1092 1967 noua
1121 1927 1326 1979 quotidie
1354 1928 1628 1978 certamina,
1652 1927 1854 1968 fortasse

221 1998 537 2048 inexpectata,
564 1997 863 2037 nihilominus
880 2004 1037 2038 tamen
1058 1998 1344 2049 gratissima.
1367 1998 1635 2039 Studiorum
1652 1999 1771 2039 ratio
1789 1999 1857 2039 sic

219 2067 556 2120 propemodum
579 2080 628 2108 se
650 2068 802 2117 habet,
828 2074 877 2108 vt
898 2076 1230 2120 praeceptores
1252 2070 1480 2120 reliquum
1503 2082 1528 2109 a
1551 2070 1723 2110 scholis
1745 2077 1854 2110 tem-

220 2150 323 2190 pus,
356 2139 542 2190 graecis
569 2138 716 2178 ferme
743 2139 890 2179 literis
917 2139 1202 2191 impendant.
1235 2140 1420 2180 Caeteri
1445 2141 1667 2181 inferiora
1696 2147 1739 2181 et
1767 2153 1852 2192 pro

221 2221 307 2249 sua
328 2209 521 2261 quisque
545 2210 668 2249 uirili
690 2215 876 2250 tractat.

303 2280 509 2321 Numero
532 2281 668 2320 solito
690 2282 889 2322 accessit
910 2283 1176 2334 nuperrime
1203 2282 1478 2323 adolescens
1506 2283 1696 2334 quidam
1721 2294 1854 2334 peru-

222 2351 374 2399 sinus,
406 2357 450 2391 et
486 2352 609 2391 uitae
645 2351 897 2402 probitate,
936 2359 979 2393 et
1011 2359 1208 2394 naturae
1235 2354 1399 2405 opibus
1429 2366 1522 2393 non
1556 2353 1859 2394 mediocriter

220 2423 490 2474 spectabilis
511 2421 539 2459 ⁵.
563 2422 699 2462 Hunc
721 2429 769 2462 ut
787 2423 914 2463 Deus
933 2424 1186 2475 pelliceret,
1210 2425 1336 2465 nulla
1358 2424 1510 2476 magis
1532 2425 1622 2464 alia
1642 2436 1691 2465 re
1714 2436 1856 2477 quam

275 2606 285 2626 ¹
329 2606 590 2640 Autographae,
606 2611 701 2634 totae
723 2614 824 2634 manu
840 2607 1007 2635 Edmundi
1025 2609 1178 2642 Augerii,
1195 2609 1227 2635 in
1242 2609 1321 2636 folio
1344 2609 1482 2642 duplici,
1499 2616 1553 2635 nn.
1568 2609 1603 2635 56
1621 2614 1653 2635 et
1669 2608 1791 2635 57.-1n
1808 2609 1857 2636 eis

221 2655 384 2681 nonnulla
400 2654 527 2681 delevit
545 2655 724 2687 Polancus‚
741 2662 826 2689 quae
842 2655 874 2681 in
891 2659 987 2683 textu
1002 2656 1127 2683 italicis
1143 2656 1404 2683 characteribus
1425 2656 1587 2684 distincta
1609 2656 1770 2690 reperies;
1789 2656 1859 2683 alia

222 2708 306 2728 vero
321 2702 529 2733 emendavit,
547 2709 631 2736 quae
648 2702 689 2729 ad
705 2703 851 2736 paginae
866 2703 995 2730 calcem
1009 2711 1070 2738 pro
1085 2711 1177 2730 more
1199 2708 1315 2731 nostro
1331 2704 1581 2731 adnotabimus.
1604 2704 1735 2731 Harum
1756 2711 1858 2738 porro

221 2748 420 2776 litterarum
436 2749 484 2775 itu
503 2749 764 2776 emendatarum
785 2749 850 2776 duo
864 2751 1066 2785 apographa
1088 2755 1220 2782 extant,
1240 2751 1334 2785 prius
1355 2758 1401 2777 sc.
1424 2750 1455 2777 in
1472 2751 1527 2778 fol.
1543 2751 1578 2778 62
1592 2755 1625 2778 et
1646 2751 1690 2784 63,
1712 2752 1859 2778 alterum

223 2795 258 2822 in
271 2796 328 2833 foll.
343 2795 378 2823 65

233 2871 235 2875 ,
276 2841 290 2861 ²
329 2842 423 2870 Haec
438 2843 487 2870 ita
502 2845 689 2878 composuit
705 2844 882 2872 Polancus:
902 2845 942 2872 Ut
954 2846 1049 2879 inde,
1065 2846 1169 2873 Pater
1185 2847 1221 2872 in
1238 2845 1373 2872 Christo
1389 2846 1622 2878 obseruande,
1638 2846 1861 2873 narrationis

219 2890 447 2924 principium
464 2897 620 2922 sumam,
635 2891 728 2918 unde
739 2891 849 2926 finem
866 2894 1047 2926 postremo
1055 2897 1341 2927 sumpseramus,
1357 2893 1516 2920 omniunt
1528 2893 1694 2927 fratrum
1711 2893 1861 2920 animi...

277 2936 292 2955 5
330 2937 472 2964 dotibus
488 2945 553 2964 non
571 2937 790 2965 mediocriter
802 2939 1006 2972 praedilus.
1027 2940 1214 2967 POLAxcus.
