2047 3179
843 123 878 159 A
888 135 925 160 N.
959 123 1048 159 1555
1686 122 1753 159 331

206 221 382 262 Eodem
417 221 513 261 fcrc
549 229 757 272 tempore
793 219 973 259 incolae
1009 217 1330 259 Castrificardi
1360 219 1498 270 (quod
1534 218 1755 270 oppidum

118 292 259 333 tertio
282 293 388 332 hinc
414 292 554 332 distat
575 290 777 341 milliari)
799 296 1089 341 rogauerunt
1111 289 1254 329 D.1¹¹1¹n
1280 289 1670 338 Gubernatorem,
1706 295 1752 329 et

123 375 208 403 nos
229 375 311 414 per
333 362 589 403 plebanum
615 361 639 413 ¹,
665 368 712 402 ut
734 361 825 402 duo
848 372 906 400 ex
922 360 1094 400 nostris
1112 372 1167 400 eo
1184 360 1495 407 mitterentur,
1517 359 1595 410 qui
1613 359 1755 399 etiam

121 434 370 474 iubilaeum
392 434 696 485 publicarent.
720 432 836 473 Cum
858 432 998 482 igitur
1021 431 1191 471 ibidem
1212 431 1355 470 semel
1377 436 1456 470 aut
1476 430 1547 469 bis
1565 430 1754 469 concio—

123 512 262 545 natus
284 505 446 544 fuisset
467 503 516 544 Ρ.
539 504 745 557 Joannes
766 502 1064 551 Laurentius,
1087 502 1171 542 fuit
1193 508 1351 541 tantus
1373 500 1532 552 populi
1555 512 1753 541 concur-

122 587 201 615 sus
224 576 282 616 ad
305 575 662 625 confessionem,
692 580 740 614 ut
768 580 930 614 noctes
952 573 1113 613 diebus
1135 583 1417 623 cogeremur
1437 571 1746 621 coniungere.

121 645 302 687 Placuit
323 652 477 686 autem
498 645 683 686 diuinae
702 644 900 686 bonitati
920 644 1210 694 amplissima
1237 641 1439 695 Spiritus
1461 641 1622 683 Sancti
1657 653 1755 682 mu-

116 729 233 757 nera
253 729 334 769 per
356 729 441 757 nos
463 717 675 757 omnibus
695 715 941 768 impartiri.
969 714 1089 755 Nam
1111 713 1243 754 multi
1264 712 1587 754 concubinarii
1610 712 1750 762 (inter

118 799 237 839 quos
268 788 410 839 aliqui
439 793 573 828 erant
599 786 792 839 publici)
824 798 935 827 suas
966 785 1253 826 concubinas
1282 784 1581 835 reliquerunt;
1621 783 1753 824 multi

119 859 244 899 uitae
266 858 654 909 emendationem,
679 865 723 899 et
743 856 1072 910 perfectiorem
1092 855 1281 896 uiuendi
1304 856 1535 895 rationem
1559 866 1751 906 accepe-

114 936 239 980 runt;
264 941 425 970 omnes
456 941 678 981 magnam
705 929 895 981 spiritus
922 927 1399 968 communicationem
1431 938 1480 966 se
1513 926 1754 977 accepisse

116 1000 410 1041 confitentur.
436 1000 583 1041 Faces
605 1001 746 1041 etiam
764 1000 790 1039 5
811 999 965 1040 factae
987 1010 1094 1039 cum
1115 1009 1297 1039 summa
1320 997 1442 1037 illius
1462 997 1623 1049 populi
1641 1008 1748 1037 con-

119 1073 364 1122 solatione,
390 1084 588 1124 quarum
610 1081 702 1112 una
723 1071 808 1112 fuit
835 1071 956 1111 inter
978 1070 1095 1110 duos
1126 1069 1378 1121 primarios
1406 1068 1746 1119 adolescentes,

110 1143 196 1195 qui
217 1143 379 1183 decem
401 1154 631 1184 annorum
659 1143 847 1195 propria
870 1141 1114 1182 inimicitia
1145 1141 1273 1180 illum
1295 1140 1518 1191 populum
1548 1139 1595 1179 in
1628 1139 1746 1179 duas

115 1214 346 1255 factiones
368 1214 571 1254 diuisum
591 1214 825 1263 tenebant,
859 1213 932 1253 uel
962 1211 1162 1252 daemon
1191 1211 1346 1263 potius
1376 1222 1460 1262 per
1488 1210 1607 1250 illos.
1632 1209 1752 1250 Nam

116 1286 335 1337 quamuis
358 1285 488 1325 multi
510 1285 890 1334 concionatores,
920 1292 965 1323 et
992 1283 1071 1323 alii
1100 1293 1303 1333 magnae
1325 1281 1623 1322 auctoritatis
1644 1281 1750 1332 uiri,

120 1357 355 1396 multoties
387 1356 508 1396 inter
542 1356 645 1396 illos
680 1355 798 1396 tanti
828 1354 1050 1395 momenti
1078 1364 1244 1405 pacem
1273 1352 1390 1392 inire
1417 1357 1745 1403 attentassent,

55 1471 58 1474 ,
117 1439 354 1478 nunquam
379 1434 535 1467 tamen
556 1427 647 1467 tale
669 1426 780 1478 quid
801 1426 1012 1466 obtinere
1032 1430 1299 1476 potuerunt.
1318 1423 1666 1464 Reseruauerat
1685 1423 1751 1463 in-

116 1497 245 1538 finita
264 1498 450 1538 bonitas
471 1498 558 1538 Dei
581 1498 702 1538 hanc
724 1497 842 1538 tanti
868 1495 1020 1536 meriti
1041 1497 1252 1535 lauream
1273 1494 1474 1534 alumnis
1500 1493 1752 1534 Societatis

113 1570 241 1623 Jesu,
266 1570 359 1622 qui,
398 1570 568 1610 auditis
602 1580 764 1610 eorum
798 1567 1170 1609 confessionibus
1200 1566 1403 1615 (fuerant
1434 1565 1558 1606 enim
1586 1577 1747 1606 eorum

116 1640 261 1681 animi
297 1641 344 1681 in
379 1640 684 1680 concionibus
713 1639 1014 1680 uehementer
1048 1637 1278 1688 excitati),
1324 1637 1566 1690 utriusque
1601 1637 1751 1688 partis

123 1723 403 1752 consensum
438 1711 575 1751 facile
602 1711 926 1763 impetrarunt.
959 1708 1278 1760 Postmodum,
1301 1708 1608 1760 congregatis
1642 1708 1752 1749 hinc

119 1783 225 1823 inde
247 1769 528 1835 'primatibus
553 1788 596 1822 et
623 1781 865 1833 utriusque
888 1781 1037 1833 partis
1068 1779 1282 1821 affinibus
1312 1779 1359 1820 in
1388 1779 1584 1830 temp10,
1610 1790 1743 1830 prae-

118 1854 196 1894 uia
218 1854 430 1894 oratione
452 1853 516 1905 (ut
544 1854 592 1893 in
618 1853 720 1893 aliis
751 1853 890 1893 etiam
918 1852 1095 1892 factum
1116 1853 1218 1902 est),
1256 1862 1305 1891 se
1341 1856 1502 1891 mutuo
1524 1856 1631 1890 sunt
1653 1861 1746 1890 am-

111 1925 303 1976 plexati,
327 1931 458 1965 tanta
481 1924 746 1964 animorum
768 1923 1095 1974 commotione,
1127 1928 1176 1962 ut
1196 1922 1352 1962 nullus
1372 1927 1510 1972 esset,
1543 1921 1621 1973 qui
1642 1921 1748 1961 ube-

111 2007 188 2036 res
212 1996 484 2048 lachrymas
505 2007 599 2035 non
619 1994 889 2035 effunderet.
923 1993 1095 2034 Postea
1115 1993 1253 2034 simul
1275 1992 1575 2033 comedentes
1598 1998 1642 2032 et
1664 2003 1747 2043 per

111 2068 275 2108 urbem
297 2079 389 2107 una
410 2066 694 2117 incedentes,
724 2066 956 2117 permulta
991 2071 1272 2116 argumenta
1299 2069 1554 2116 perpetuae
1583 2063 1740 2103 amici-

112 2138 207 2178 tiae
238 2137 564 2188 ostenderunt;
595 2137 745 2177 solent
772 2136 913 2177 etiam
939 2135 1209 2188 frequenter
1231 2133 1445 2175 confiteri
1466 2140 1510 2174 et
1538 2144 1744 2174 commu-

112 2209 275 2248 nicare

191 2279 366 2320 Factae
388 2284 495 2319 sunt
515 2278 563 2319 in
593 2278 757 2319 eodem
779 2277 949 2330 oppido
978 2279 1151 2318 multae
1178 2277 1521 2326 restitutiones;
1554 2287 1747 2327 repara-

111 2356 211 2391 tum
231 2357 300 2391 est
321 2351 544 2402 templum
565 2361 682 2401 pene
704 2350 961 2401 collapsum
982 2356 1026 2389 et
1053 2348 1342 2398 derelictum,
1377 2353 1544 2387 ornata
1577 2348 1746 2388 altaria

111 2421 437 2473 corporalibus
458 2426 502 2461 et
523 2420 626 2460 aliis
648 2420 950 2470 ornamentis,
971 2426 1016 2460 et
1032 2420 1156 2471 quod
1177 2431 1387 2460 summae
1409 2418 1745 2458 consolationis

110 2492 214 2533 loco
246 2492 379 2532 nobis
408 2491 684 2543 relinquitur
715 2496 784 2531 est
806 2491 966 2532 uidere
993 2497 1145 2531 totum
1175 2491 1304 2531 illum
1333 2490 1554 2541 populum
1587 2490 1632 2529 in
1656 2488 1746 2531 Dei

111 2563 336 2613 obsequio
366 2562 777 2603 feruentissimum.
814 2561 934 2602 Nam
961 2563 1112 2602 solent
1140 2561 1200 2601 ad
1233 2571 1319 2600 nos
1346 2560 1626 2600 cateruatim
1652 2560 1745 2600 fre-

102 2640 306 2686 quenter
327 2633 503 2684 uenire,
524 2639 622 2673 tam
643 2633 732 2673 uiri
757 2644 899 2685 quam
926 2633 1168 2683 mulieres,
1190 2631 1543 2683 frequentantes
1570 2632 1747 2672 confes-

108 2706 288 2746 sionem
310 2710 354 2745 et
375 2704 761 2754 communionem3
784 2703 915 2744 multi
933 2703 1121 2755 quidem
1137 2702 1443 2754 frequentiUS,
1462 2702 1650 2754 plurimi
1666 2714 1744 2743 au-

108 2782 216 2827 tem,
242 2782 286 2816 et
306 2775 403 2816 fere
425 2786 601 2826 omneS,
625 2776 792 2816 saltem
812 2776 956 2816 semel
981 2775 1027 2814 in
1055 2785 1228 2814 mense.

164 2934 175 2954 ¹
212 2938 281 2969 per
296 2935 511 2968 Plebanum,
522 2942 583 2970 per
599 2935 804 2967 Paroehum.
820 2935 875 2970 qui
891 2936 1007 2963 italice
1024 2935 1150 2962 dicitur
1166 2934 1334 2962 Piovano.
1352 2934 1439 2962 Vide
1455 2941 1570 2969 supra,
1585 2941 1664 2968 pag.
1679 2934 1744 2963 321.
