2047 3179
177 150 248 188 302
703 150 927 187 LITTERAE
943 161 1300 193 QUADRIMESTRES

178 246 346 287 effecit:
365 247 432 287 sic
453 247 577 287 enim
599 254 642 287 et
659 253 766 287 tuae
784 248 1015 287 uoluntati
1033 254 1078 287 et
1100 254 1290 287 nostrae
1308 247 1602 287 obedientiae
1623 258 1814 299 respon-

179 318 406 359 debimus.

257 388 523 430 Literarum
545 389 714 440 studia,
735 396 780 429 et
801 389 959 429 omnia
983 389 1335 430 exercitationis
1351 401 1528 441 genera
1546 389 1592 429 in
1614 389 1815 440 discipli-

178 461 252 501 nis
281 473 337 501 ac
366 461 590 511 scientiis,
614 467 944 512 praeterquam
967 461 1091 512 quod
1120 461 1166 500 in
1197 461 1360 501 eodem
1383 473 1473 512 quo
1497 462 1646 500 solent
1674 471 1816 500 cursu

179 532 293 583 sint,
316 532 522 584 quotidie
549 531 646 572 fere
675 531 864 583 aliquod
892 532 1233 572 incrementum
1263 538 1471 582 sumunt,
1495 543 1581 572 nec
1616 531 1815 583 quicque

178 616 236 652 ex
264 604 341 652 iis,
374 603 464 643 nisi
495 603 617 655 quod
639 603 866 643 maiorem
899 603 1205 642 intentionem
1233 609 1313 643 aut
1333 603 1584 643 Vtilitatem
1615 602 1813 651 adferat,

176 675 444 715 remittitur.
468 674 630 726 Itaque
652 680 697 713 et
718 673 962 713 domestici
984 680 1027 713 et
1055 673 1194 713 alieni
1224 674 1271 714 in
1293 674 1562 725 cognitione
1584 673 1816 714 doctrina·

177 758 280 786 rum
303 747 497 786 multum
520 745 788 797 proficiunt,
814 756 920 784 cum
943 743 1179 784 auditione
1203 744 1414 795 assidua,
1439 751 1535 785 tum
1559 744 1816 800 scriptione

176 817 424 870 frequenti.
449 816 538 857 Sed
561 828 703 868 quum
726 816 844 855 haec
865 817 1000 867 quasi
1031 817 1268 867 praesidia
1296 817 1527 868 quaedam
1556 816 1614 856 ad
1636 816 1815 856 maiora

177 888 467 929 conficienda
496 892 845 938 comparantur,
877 887 924 927 in
945 898 1017 936 e0,
1038 888 1170 927 cuius
1198 899 1342 928 causa
1363 888 1482 928 haec
1504 888 1813 938 attinguntur,

176 971 341 1001 omnes
362 959 693 1010 cogitationeS,
718 970 905 998 omnem
930 959 1211 998 laborem‘et
1239 959 1520 999 industriam
1550 959 1699 999 nostri
1726 955 1816 998 fra'-

176 1037 272 1072 tres
307 1031 563 1079 collocant,
597 1030 661 1069 ita
695 1034 745 1068 ut
779 1036 877 1069 tam
894 1029 1018 1069 domi
1040 1041 1179 1081 quam
1214 1029 1329 1070 foris
1362 1029 1549 1070 uirtutis
1579 1029 1817 1081 specimen

177 1101 333 1142 edant.
357 1102 467 1152 Alii,
492 1101 570 1152 qui
591 1100 850 1140 domestica
868 1106 1034 1140 curant
1050 1101 1256 1152 negotia,
1276 1101 1322 1141 id
1340 1113 1524 1153 quoque
1541 1100 1743 1153 student,
1768 1107 1817 1140 ut

177 1174 224 1213 in
245 1174 335 1213 hac
357 1178 523 1212 sancta
543 1171 772 1223 religione
793 1171 933 1212 finem
953 1172 1247 1224 propositum
1269 1179 1635 1224 consequantur,
1659 1178 1704 1212 et
1725 1171 1817 1212 hoc

177 1257 261 1297 pro
296 1256 345 1284 se
379 1243 540 1283 sedulo
568 1243 765 1295 quisque
793 1242 994 1293 faciens,
1019 1255 1198 1292 omnes,
1222 1255 1305 1296 per
1339 1243 1428 1284 Dei
1462 1244 1814 1295 benignitatem,

183 1317 282 1356 uita
305 1326 360 1355 ac
382 1315 596 1366 exemplo
620 1321 817 1366 prosunt
837 1315 1067 1366 proximo.
1245 1364 1248 1368 .

257 1386 412 1427 Pridie
434 1397 575 1437 quam
597 1386 861 1426 studiorum
883 1387 1169 1426 curriculum
1191 1386 1560 1437 ingrederemur,
1587 1387 1818 1438 epigram-

179 1464 304 1498 mata
326 1458 532 1497 hebraea
554 1462 599 1497 et
625 1468 802 1508 graeca
825 1457 884 1497 ad
906 1469 1067 1497 omnes
1090 1457 1347 1509 auditores,
1371 1458 1518 1497 latina
1545 1458 1593 1498 in
1613 1458 1816 1509 singulo-

180 1541 283 1570 rum
315 1529 526 1569 uirorum
553 1528 761 1578 laudem,
795 1528 873 1580 qui
904 1529 1134 1580 dignitate
1164 1529 1490 1580 praestabant,
1515 1529 1819 1581 pronunciari

179 1602 472 1651 curauimus,
497 1606 541 1640 et
562 1606 726 1652 postea
748 1601 986 1640 orationes
1008 1600 1127 1640 duae
1150 1600 1337 1640 habitae
1359 1607 1486 1650 sunt,
1511 1612 1603 1640 una
1625 1612 1815 1651 graeca,

176 1674 324 1713 altera
355 1672 526 1721 latina,
556 1684 676 1723 quae
708 1672 864 1712 omnia
895 1671 983 1711 Dei
1013 1671 1177 1712 fauore
1209 1678 1307 1712 tam
1341 1672 1568 1712 foeliciter
1603 1672 1817 1712 confecta

174 1750 303 1795 sunt,
326 1750 376 1784 ut
399 1743 606 1783 omnium
626 1743 813 1783 laudem
836 1749 880 1783 et
902 1744 1116 1795 plausum
1140 1744 1483 1795 promouerint,
1509 1744 1634 1795 quod
1656 1744 1818 1795 optimi

174 1816 346 1868 quique
369 1821 413 1854 et
434 1815 713 1855 nobilissimi
736 1826 842 1854 cum
863 1815 994 1855 uultu
1015 1822 1113 1855 tum
1136 1815 1292 1855 uerbis
1314 1815 1599 1855 indicabant.
1621 1814 1816 1856 Audito-

172 1898 279 1927 rum
294 1887 556 1938 frequentia
575 1892 707 1926 tanta
725 1892 841 1936 erat,
862 1893 1088 1937 quantam
1105 1888 1237 1926 locus
1261 1898 1430 1938 capere
1450 1891 1648 1937 poterat:
1673 1886 1816 1926 homi—

173 1970 256 1998 nes
295 1970 355 1998 ex
394 1958 520 1998 omni
547 1969 721 2009 genere
763 1969 817 1997 ac
858 1956 1125 1998 conditione
1172 1963 1515 1998 conuenerant}
1558 1958 1678 1997 inter
1713 1958 1816 1997 reli-

173 2041 305 2082 quos,
349 2029 428 2081 qui
462 2029 749 2068 authoritate
795 2040 851 2068 ac
886 2029 1129 2069 nobilitate
1166 2029 1415 2069 clarissimi
1450 2034 1614 2079 erant,
1653 2029 1817 2069 aderat

174 2100 333 2142 Rmus.
355 2101 622 2142 Cardinalis
653 2100 662 2118 ¹
692 2112 785 2140 vna
822 2112 929 2140 cum
948 2108 1163 2152 praetore
1184 2100 1659 2152 frequentissimoque
1682 2112 1814 2140 sena—

173 2179 238 2223 tu,
271 2172 432 2213 Rmus.
475 2172 740 2223 Episcopus
773 2170 1104 2223 Syracusanus
1139 2172 1167 2223 ²,
1207 2172 1375 2224 quibus
1403 2172 1618 2211 omnibus
1649 2177 1813 2212 nostra

174 2244 385 2284 instituta
417 2244 481 2283 ita
502 2244 737 2294 placuere,
761 2250 811 2282 ut
831 2249 1140 2294 precarentur
1162 2243 1296 2283 nobis
1324 2243 1531 2282 omnium
1560 2255 1717 2283 rerum
1740 2255 1817 2283 no-

176 2323 383 2355 strarum
405 2316 545 2355 talem
568 2326 854 2354 successum.

257 2386 570 2437 Concionum,
596 2397 716 2437 quae
737 2385 985 2425 dominicis
1007 2385 1168 2425 diebus
1190 2386 1236 2425 in
1268 2392 1427 2426 nostro
1458 2387 1631 2437 templo
1655 2385 1817 2426 haberi

176 2460 350 2509 solent,
374 2458 501 2498 nulla
523 2457 572 2497 fit
595 2457 822 2497 remissio
849 2456 1077 2497 Doctrina
1100 2457 1382 2508 christiana,
1406 2469 1526 2509 quae
1556 2454 1720 2497 diebus
1741 2468 1815 2497 ve-

175 2530 303 2569 neris
338 2529 558 2579 docetur,
596 2539 771 2579 magno
806 2527 964 2568 fructu
1000 2528 1316 2577 continuatur,
1349 2528 1741 2580 quemadmodum
1773 2534 1817 2568 et

172 2601 426 2641 conciones
444 2601 490 2640 in
508 2600 806 2640 monasteriis
823 2611 1069 2640 sacrarum
1086 2600 1339 2651 uirginum:
1360 2601 1436 2652 qui
1458 2601 1656 2650 laboreS,
1675 2611 1817 2651 quam

175 2672 436 2712 vberrimos
457 2671 638 2712 fructus
659 2671 897 2720 adferant,
921 2683 1016 2711 non
1037 2671 1174 2711 facile
1196 2670 1409 2711 dixerim.

255 2742 386 2782 Multi
408 2749 550 2792 certe,
575 2749 617 2782 et
640 2742 845 2782 maxime
863 2754 921 2781 ex
937 2742 1164 2782 nobilium
1179 2753 1367 2793 genere,
1386 2748 1636 2794 postquam
1654 2742 1712 2783 ad
1729 2754 1816 2783 nos

235 2929 241 2948 ¹
284 2928 406 2955 Petrus
423 2928 604 2962 'l‘agliavia
622 2928 660 2953 de
679 2927 831 2960 Aragon,
850 2927 1116 2954 Panormitanus
1133 2926 1319 2962 Episcopus
1333 2931 1365 2955 et
1379 2928 1588 2956 Cardinalis.

232 2977 246 2995 ²
285 2976 513 3011 Hieronymus
530 2976 568 3002 «lc
587 2975 749 3001 nonnum.
