2047 3179
206 135 278 174 288
725 137 950 175 LlTTERAE
970 150 1329 182 QUADRIMESTRES

206 239 335 274 terea
358 240 427 273 est
449 246 476 274 a
496 234 717 285 Regibus,
742 236 1047 287 religionibus
1068 236 1325 288 quibusuiS,
1345 242 1395 276 vt
1417 248 1736 288 quascumque
1759 237 1846 277 cir-

207 316 262 345 ca
284 305 464 353 domos,
488 306 545 346 ab
568 305 946 347 aedificatoribus
981 314 1138 347 tamen
1174 313 1379 356 taxataS,
1412 308 1592 358 possint
1613 307 1763 359 pretio
1786 308 1844 348 ab

206 377 273 416 eis
295 383 457 417 taxato
479 389 649 417 emere.
682 377 876 418 Reditus
912 379 1054 418 annui
1082 378 1220 417 huius
1243 377 1440 428 Collegii
1468 384 1574 418 sunt
1595 379 1844 429 sexaginta

206 448 331 488 mille
353 449 686 489 terunciorum.

284 518 348 560 At
378 520 418 560 si
453 520 509 560 de
538 520 911 572 Archiepiscopo
942 519 949 538 ¹
981 522 1243 571 loquamur,
1273 519 1531 560 delectatus
1560 521 1746 572 quidem
1774 527 1844 562 est

204 591 375 631 mirum
402 591 448 631 in
476 592 665 632 modum
694 592 900 632 aduentu
922 590 1174 632 Societatis
1195 590 1243 630 in
1270 591 1393 631 hanc
1414 592 1594 642 vrbem,
1619 604 1710 643 quo
1733 599 1842 633 tem—

203 674 317 713 pore
339 663 573 714 parochos
595 674 756 703 omnes
778 669 822 702 et
842 661 1146 702 beneficiatos
1168 662 1227 702 ad
1244 673 1293 701 se
1313 663 1576 703 accersiuit.
1598 663 1721 703 Inter
1744 675 1846 704 cae-

204 741 306 774 tera
328 740 499 784 autem,
525 745 643 785 quae
666 734 756 773 illis
778 733 1077 784 significauit,
1102 733 1192 772 hoc
1220 733 1362 773 etiam
1390 733 1437 773 in
1468 734 1673 774 medium
1704 735 1844 775 addu-

203 805 286 855 xit,
311 817 500 856 nempe,
524 805 647 845 hanc
668 803 951 845 Societatem
973 804 1250 844 suscitatam
1273 816 1299 844 a
1319 804 1421 844 Deo
1443 806 1617 856 optimo
1639 806 1849 846 maximo

205 889 258 917 eo
280 882 490 929 tempore
511 877 809 928 potissimum
829 875 988 926 fuisse,
1012 887 1103 928 quo
1127 875 1372 916 charitatis
1394 875 1553 916 feruor
1581 877 1706 929 apud
1728 878 1844 918 chri-

200 949 380 989 stianos
407 948 544 988 valde
580 948 868 1000 multumque
903 952 1180 1000 tepesceret.
1219 947 1373 999 Atque
1408 948 1604 1000 proinde
1641 960 1846 1000 magnae

203 1021 289 1060 sibi
312 1020 576 1061 confusioni
597 1020 803 1060 futurum
825 1027 873 1061 ut
895 1020 1081 1061 aliunde
1104 1023 1253 1062 exteri
1274 1023 1366 1062 huc
1398 1028 1661 1062 commeent
1691 1021 1846 1061 factu-

202 1093 242 1132 ri
269 1104 388 1144 quae
409 1092 497 1143 ipsi
526 1092 699 1144 alioqui
729 1092 886 1132 facere
915 1098 1202 1134 tenerentur.
1234 1093 1297 1134 At
1323 1104 1436 1133 uero
1465 1092 1844 1144 quandoquidem

201 1164 441 1215 piissimus
462 1163 591 1204 Deus
613 1162 899 1204 Societatem
920 1164 1010 1205 huc
1029 1166 1279 1216 attulisset,
1299 1164 1494 1205 Patrum
1511 1165 1611 1205 eius
1629 1164 1845 1215 exemplo

201 1235 347 1275 vitam
371 1246 505 1275 suam
526 1246 709 1276 morum
731 1235 1002 1286 integritate
1025 1242 1165 1288 atque
1195 1237 1422 1277 uirtutum
1444 1236 1691 1288 splendore
1713 1235 1842 1275 insti-

201 1312 398 1346 tuerent.
436 1305 562 1346 Idem
589 1306 689 1358 ipse
710 1313 956 1357 praeterea
985 1306 1216 1347 Dominus
1253 1306 1654 1359 Archiepiscopus
1675 1305 1840 1357 elargi-

199 1384 274 1417 tus
302 1377 437 1417 nobis
468 1383 538 1417 est
572 1377 715 1417 tritici
737 1378 1085 1427 eleemosinam,
1110 1379 1225 1419 mihi
1247 1379 1391 1419 etiam.
1409 1378 1523 1418 nihil
1544 1378 1734 1430 petenti,
1759 1377 1837 1417 irn-

200 1459 277 1488 mo
301 1448 427 1488 aliud
464 1448 637 1500 agenti,
670 1460 780 1489 suos
809 1450 1042 1489 concessit
1069 1461 1207 1490 casus
1229 1449 1258 1490 ².
1282 1449 1467 1490 Gaudet
1499 1461 1525 1489 a
1547 1449 1681 1489 nobis
1702 1448 1844 1489 inuisi

204 1526 345 1572 atque
368 1520 579 1561 salutari.
602 1519 733 1560 Haec
756 1520 926 1561 ciuitas
953 1528 1023 1561 est
1053 1521 1262 1561 omnium
1293 1521 1429 1561 huius
1460 1526 1649 1561 nostrae
1677 1520 1844 1572 Hispa-

200 1591 306 1632 niae
327 1592 550 1632 maxima.
574 1591 727 1632 Habet
747 1592 1120 1642 Vniuersitatem,
1146 1593 1189 1633 in
1213 1605 1305 1645 qua
1328 1599 1470 1643 artes,
1494 1592 1747 1643 theologia,
1771 1603 1842 1631 sa-

201 1664 269 1704 cri
305 1663 445 1704 etiam
481 1675 688 1704 canones
722 1664 1107 1716 interpretantur.
1143 1664 1353 1706 Conatur
1389 1664 1530 1704 etiam
1565 1663 1682 1703 alias
1717 1663 1844 1703 insti-

199 1741 331 1775 tuere
354 1735 619 1784 cathedras,
644 1742 806 1787 vtpote
828 1735 942 1776 iuris
964 1736 1202 1787 Caesarei,
1226 1736 1502 1786 medicinae,
1527 1735 1665 1776 simul
1695 1741 1739 1775 et
1759 1735 1846 1775 lin-

197 1816 415 1858 guarum.
439 1806 592 1846 Habet
614 1806 673 1847 ad
695 1807 811 1847 haec
835 1806 1045 1858 Collegia
1067 1808 1156 1847 tria
1179 1806 1207 1857 ⁵,
1233 1807 1521 1847 continentia
1556 1806 1742 1858 quidem
1767 1817 1840 1846 oc-

198 1878 383 1930 toginta
419 1879 642 1928 collegas:
682 1884 751 1918 est
778 1878 919 1919 etiam
950 1877 1183 1919 Sacellum
1212 1877 1425 1930 Regium,
1459 1889 1550 1929 quo
1581 1877 1840 1929 Hispaniae

197 1948 353 2001 Reges
385 1949 665 1997 conduntur3
702 1949 835 1990 cuius
864 1949 1187 1990 sacrificorum
1208 1950 1331 1990 bona
1362 1961 1474 2001 pars
1496 1959 1679 1988 morum
1702 1948 1841 1988 hone-

197 2026 318 2060 state
353 2027 397 2061 et
426 2021 741 2061 sanctimonia
769 2021 957 2072 pollent:
989 2028 1098 2062 sunt
1129 2021 1239 2061 item
1266 2021 1384 2061 bene
1413 2031 1527 2071 erga
1556 2031 1642 2060 nos
1665 2018 1838 2059 affecti:

198 2099 268 2132 est
295 2092 437 2132 etiam
470 2092 545 2132 hic
574 2092 729 2132 forum
763 2092 982 2133 iudiciale
1010 2092 1227 2144 Regium,
1259 2092 1383 2145 quod
1414 2091 1667 2132 Audientia
1690 2090 1840 2141 Regia

196 2170 384 2212 vocant;
417 2164 551 2204 cuius
582 2163 794 2212 Praeses,
825 2163 1089 2215 Episcopus
1118 2164 1372 2205 Auulensis
1402 2161 1431 2214 ⁴,
1465 2163 1600 2203 nobis
1635 2161 1843 2202 amicitia

197 2235 474 2288 conjunctus
509 2242 593 2285 est,
619 2235 697 2287 qui
732 2235 920 2288 quidem
955 2237 1067 2276 mihi
1088 2235 1259 2276 nudius
1290 2236 1455 2275 tertius
1484 2235 1607 2275 serio
1628 2233 1842 2274 narrauit

197 2307 464 2348 decreuisse
492 2319 542 2348 se
564 2307 686 2348 mille
709 2319 879 2348 aureos
901 2308 1100 2348 ducatos
1122 2307 1332 2359 Collegio
1356 2306 1584 2347 Auulensi
1606 2306 1839 2346 instruen-

197 2378 255 2418 do
278 2379 406 2420 dare.

277 2450 427 2491 Huius
456 2450 664 2491 ciuitatis
692 2451 905 2491 homines
940 2457 1047 2491 sunt
1082 2451 1300 2491 nimirum
1329 2451 1426 2502 apti
1453 2448 1696 2490 doctrinae
1720 2447 1839 2487 chri-

196 2522 379 2562 stianae
400 2521 698 2574 recipiendae
719 2530 764 2562 et
785 2534 889 2563 eam
920 2522 1035 2562 mire
1058 2522 1235 2562 sitiunt:
1258 2528 1366 2562 sunt
1388 2522 1530 2562 etiam
1553 2518 1835 2572 quampluri-

196 2592 272 2641 mi,
298 2593 376 2644 qui
397 2593 545 2633 vitam
568 2593 820 2634 virtutibus
852 2600 1096 2643 exornent,
1130 2599 1291 2645 vtpote
1319 2592 1543 2644 reliquiae
1574 2591 1695 2640 illae,
1720 2600 1840 2641 quae

253 2828 262 2845 ¹
302 2826 406 2853 Petro
423 2825 595 2852 Guerrcro

249 2874 263 2891 ²
301 2872 450 2902 Scilicet.
470 2872 670 2899 facultatem
684 2872 884 2899 absolvendi
902 2873 933 2899 in
949 2873 1084 2899 casibus
1099 2872 1159 2905 ipsi
1177 2871 1444 2906 Ai‘chiepiscopo
1461 2869 1663 2897 reservatis

250 2920 264 2939 5
302 2920 418 2947 Sancti
436 2920 576 2947 Caccihi
594 2920 811 2946 seminarium
829 2924 860 2946 et
879 2919 1032 2953 Collegia
1049 2918 1164 2946 Sancti
1182 2918 1297 2946 Jacobi
1314 2924 1347 2945 ct
1364 2918 1511 2945 Sanctae
1528 2917 1747 2945 Camerinac.

251 2969 265 2988 ⁴
304 2968 453 2995 Didacus
470 2967 508 2994 de
527 2968 638 2994 Alaba
656 2973 686 2994 ct
704 2966 880 3000 Esqntvcl.
