2047 3179
955 121 1038 157 ΑΝ.
1070 121 1162 158 1554
1829 126 1871 164 61

233 215 329 255 hoc
351 226 511 266 regno.
545 215 650 256 Duo
678 221 832 256 autem
867 216 1086 256 inchoata
1112 223 1233 266 sunt,
1265 228 1462 268 quorum
1494 229 1637 258 vnum
1667 218 1872 261 Bibonae

236 287 288 327 fit
309 287 527 337 expensis
556 286 712 327 Ilmae.
736 286 980 337 Ducissae,
1010 293 1055 327 et
1086 287 1144 327 ad
1172 288 1294 327 illius
1324 287 1626 328 fundamenta
1658 292 1872 340 ponenda

240 357 333 397 duo
361 364 519 408 patres
541 357 751 409 profecti,
775 357 867 408 qui,
898 358 964 398 vti
996 357 1094 398 fieri
1116 359 1233 398 solet
1264 358 1310 398 in
1342 358 1565 399 aedificiis
1587 361 1874 402 extruendis,

241 428 443 479 primum
464 428 666 479 lapidem
697 434 965 480 posuerunt.
997 428 1121 469 Illius
1148 428 1314 469 domus
1343 429 1619 470 Paternitati
1648 436 1755 471 tuae
1787 431 1874 472 for-

242 509 368 538 mam
396 499 621 549 misimus;
651 499 839 539 hortum
866 499 1029 539 eodem
1049 499 1096 539 in
1123 500 1226 540 loco
1257 499 1481 540 habemus
1503 500 1640 540 valde
1675 513 1876 542 commo-

234 568 353 609 dum
375 581 479 609 cum
502 581 729 621 aquarum
751 570 902 621 copia.

324 639 540 681 Alterum
570 641 830 692 Collegium
855 640 1105 693 Syracusis
1126 642 1358 682 extruitur
1387 654 1529 694 opera
1561 649 1605 683 et
1636 643 1878 694 diligentia

250 710 456 761 Assueri,
490 711 568 752 filii
598 711 833 763 Proregis.
864 713 941 763 qui
968 713 1121 753 locum
1150 713 1369 753 idoneum
1396 725 1422 753 a
1454 713 1634 754 ciuibus
1661 714 1879 766 impetra<

245 782 327 822 uit.
356 781 548 822 Reditus
576 783 774 823 offerunt
801 782 854 823 80
880 783 1142 834 vnciarum3
1172 796 1356 834 verum,
1391 784 1468 825 vbi
1503 785 1749 826 Vtilitatem
1785 787 1879 826 ani-

237 864 429 893 marum
460 854 587 894 ciues
616 854 850 905 uidebunt,
887 854 991 895 illos
1025 855 1228 895 maiores
1254 855 1434 896 futuros
1470 867 1729 908 speramus.
1762 856 1882 898 Nam

247 925 305 965 D.
338 923 589 975 Assuerus,
625 925 702 977 qui
732 925 908 966 ciuitati
930 932 1132 977 praeest,
1162 937 1245 977 pro
1281 932 1442 966 nostra
1473 926 1709 968 Societate
1745 928 1882 969 ualde

238 995 446 1045 laborat,
466 1002 510 1036 et
532 996 698 1036 iterum
719 1002 857 1049 atque
876 997 1046 1037 iterum
1067 998 1181 1049 petit
1201 998 1270 1038 vti
1291 997 1340 1037 P.
1372 998 1680 1039 Prouincialis
1702 999 1883 1051 aliquos

249 1066 420 1115 mittat;
451 1072 495 1107 et
526 1067 766 1108 mittentur
795 1079 899 1108 cum
927 1068 1130 1119 primum
1159 1068 1258 1109 fieri
1278 1069 1463 1120 poterit.
1490 1068 1716 1121 Magister
1737 1069 1881 1111 Anto-

247 1138 354 1178 nius
372 1137 529 1178 Vinch
551 1137 800 1191 Syracusis
821 1138 906 1179 fuit
927 1145 971 1179 et
992 1140 1337 1191 possessionem
1357 1141 1577 1192 suscepit.

331 1209 505 1249 Rector
538 1210 673 1250 huius
702 1210 898 1262 Collegii
925 1222 1029 1251 cum
1056 1211 1246 1251 Vicario
1276 1212 1575 1263 agrigentino
1605 1214 1748 1253 multa
1779 1214 1882 1255 loca

242 1276 403 1331 ‘Regni
434 1282 749 1332 perlustrauit,
782 1281 826 1322 in
855 1282 1021 1334 quibus
1052 1289 1326 1334 repererunt
1353 1284 1565 1324 homines
1592 1284 1884 1325 densissimis

242 1358 553 1403 'peccatorum
586 1353 789 1393 tenebris
815 1361 1111 1404 excaecatos,
1145 1355 1263 1394 alios
1292 1354 1337 1394 in
1369 1355 1623 1406 adulteriis,
1656 1356 1884 1407 quosdam

244 1423 301 1463 ‘in
322 1423 650 1475 concubinatu,
675 1436 761 1464 nec
781 1436 958 1476 paucos
978 1425 1023 1464 in
1044 1437 1188 1465 vsura
1218 1432 1263 1466 et
1285 1426 1388 1466 aliis
1410 1426 1536 1466 vitiis
1557 1427 1786 1476 viuentes,
1807 1439 1884 1479 pa-

244 1501 406 1535 stores
426 1495 563 1535 simul
584 1507 688 1536 cum
711 1496 876 1536 ouibus
897 1497 1132 1546 errabant;
1157 1508 1276 1548 quae
1293 1498 1463 1548 omnia,
1484 1510 1768 1550 quamquam
1790 1511 1881 1539 non

254 1566 438 1617 penitus
473 1567 765 1618 sustulerint,
796 1574 954 1608 tamen
981 1579 1153 1619 magna
1184 1580 1243 1609 ex
1270 1575 1402 1620 parte
1429 1576 1754 1610 correxerunt.
1789 1570 1884 1610 Mo-

243 1637 461 1678 ‘nasteria
484 1637 653 1678 ibidem
674 1638 827 1689 aliqua
857 1638 1235 1680 reformauerunt
1263 1646 1307 1680 et
1336 1640 1394 1680 ad
1424 1640 1671 1692 pristinam
1706 1641 1887 1693 religio-

253 1709 327 1749 nis
348 1708 547 1749 formam
568 1715 924 1750 reuocauerunt.
949 1710 1021 1750 Ex
1048 1710 1128 1750 tali
1150 1711 1425 1751 lustratione
1454 1712 1663 1752 locorum
1692 1723 1797 1752 cum
1821 1713 1885 1753 vi-

252 1780 417 1820 derent
438 1780 575 1820 Valde
606 1792 828 1832 magnum
852 1781 1055 1822 fructum
1077 1781 1135 1821 ad
1157 1782 1355 1822 salutem
1376 1783 1616 1823 hominum
1638 1795 1884 1835 promana-

245 1863 319 1902 re,
353 1851 641 1892 adornarunt
670 1852 904 1892 hominem
924 1853 1040 1892 bene
1068 1852 1257 1893 doctum
1278 1859 1323 1893 et
1343 1853 1484 1905 pium,
1510 1854 1587 1906 qui
1610 1855 1887 1906 peragrabit

207 1951 210 1954 ⁴
244 1923 402 1972 vicos,
427 1924 619 1963 castella
643 1929 687 1962 et
709 1923 798 1963 alia
819 1924 938 1974 loca,
972 1929 1015 1963 et
1037 1924 1302 1964 communia
1324 1925 1400 1964 illa
1423 1932 1634 1976 peccata,
1660 1932 1887 1977 quantum

255 1994 355 2035 fieri
392 2000 564 2046 potest,
602 1994 886 2044 emendabit;
930 1995 1052 2047 quod
1088 2007 1179 2047 quo
1215 1996 1505 2036 commodius
1528 1996 1626 2047 fiat,
1664 1997 1886 2038 Vicarius

256 2066 582 2117 agrigentinus
604 2066 755 2116 ipsum
776 2066 824 2106 in
844 2066 933 2106 illis
953 2067 1092 2107 rebus
1114 2078 1195 2118 per
1218 2067 1316 2107 dies
1339 2068 1514 2119 aliquot
1544 2067 1766 2108 instituet.

336 2137 565 2189 Repertus
602 2143 671 2177 est
714 2144 957 2189 praeterea
998 2137 1163 2178 modus
1203 2139 1440 2179 minuendi
1485 2139 1886 2191 consuetudinem,

253 2220 396 2260 quam
427 2209 558 2248 multi
589 2209 634 2248 in
662 2209 748 2248 hoc
776 2208 939 2260 Regno
971 2209 1159 2257 habent,
1190 2210 1236 2249 in
1264 2221 1407 2250 vsura
1440 2209 1680 2259 frumenti,
1720 2211 1808 2250 olei
1845 2217 1890 2251 et

255 2280 543 2332 reliquarum
565 2291 736 2319 rerum.

337 2351 538 2391 Fructus
560 2356 715 2390 autem
736 2350 1035 2402 quotidianus
1062 2351 1212 2391 nostri
1232 2350 1430 2402 Collegii
1451 2363 1543 2392 non
1574 2353 1775 2404 exiguus
1804 2359 1888 2404 est;

249 2422 525 2473 conciones,
549 2422 787 2471 lectiones,
818 2421 1218 2462 xenodochiorum
1248 2422 1542 2463 visitationes
1564 2429 1607 2463 et
1629 2435 1888 2475 carcerum,

257 2506 343 2545 pro
379 2493 603 2534 coniectis
632 2493 678 2532 in
707 2504 945 2533 carcerem
967 2494 1041 2533 uel
1072 2493 1286 2533 triremes
1314 2493 1568 2534 liberandis
1600 2495 1893 2535 intercessio-

259 2576 365 2615 nes,
401 2565 552 2604 bonae
587 2563 940 2604 adhortationes
975 2570 1019 2604 et
1053 2576 1219 2604 sacrae
1255 2565 1606 2606 communiones
1643 2566 1893 2607 continuae

256 2642 387 2686 sunt,
430 2635 597 2688 quibus
637 2636 808 2675 multae
848 2635 1032 2675 animae
1071 2635 1328 2676 liberantur
1363 2648 1389 2675 a
1425 2637 1605 2688 laqueis
1641 2637 1813 2677 diaboli
1849 2643 1894 2677 et

259 2707 446 2747 Christo
480 2706 858 2747 reconciliantur.
895 2706 1006 2746 Eius
1042 2707 1108 2746 rei
1144 2707 1357 2758 exempla
1392 2707 1568 2758 aliquot
1604 2707 1893 2748 subiicienda

252 2783 389 2818 sunt:
419 2777 636 2828 foemina,
673 2789 792 2828 quae
821 2783 1012 2829 propter
1041 2777 1197 2817 mariti
1224 2778 1419 2818 iniurias
1448 2790 1497 2818 se
1528 2784 1677 2819 totam
1709 2778 1895 2819 diabolo

255 2849 537 2900 vdeuouerat,
575 2860 630 2889 ea
665 2847 948 2898 conditione,
984 2854 1035 2888 vt
1070 2859 1118 2889 se
1155 2860 1181 2889 a
1215 2849 1318 2889 viro
1352 2849 1594 2901 liberaret,
1631 2849 1743 2890 facti
1774 2856 1896 2901 post-

254 2931 317 2960 ea
338 2921 598 2972 poenitens,
623 2920 749 2960 venit
770 2920 828 2959 ad
850 2920 1074 2970 templum
1101 2926 1327 2969 nostrum,
1352 2926 1396 2960 et
1427 2932 1525 2961 rem
1552 2920 1681 2961 Patri
1712 2921 1898 2961 cuidam
