2047 3179
893 171 977 208 AN.
1009 170 1100 207 1555
1751 171 1823 207 613

895 622 1110 677 CDXX

253 855 463 893 Nicolaus
483 856 714 902 BeIIefiHe,

299 920 370 957 Ex
388 921 709 959 commissione
729 922 874 959 Patris
895 922 1121 960 Paschasii
1148 921 1298 965 Broe't‚

348 986 469 1023 Patri
488 985 658 1033 Ignatio
678 987 730 1024 de
749 987 932 1034 Loyola.

394 1051 587 1096 Parisiis,
608 1052 631 1088 2
651 1052 923 1099 Septembris
941 1052 1033 1090 1555
1052 1055 1076 1087 ¹.

925 1191 1061 1244 Jesus

257 1332 421 1373 Gratia
439 1339 482 1372 et
503 1345 597 1384 pax
625 1333 813 1374 Domini
840 1335 989 1375 nostri
1017 1335 1127 1388 Jesu
1157 1334 1332 1375 Christi
1363 1347 1467 1375 cum
1495 1335 1708 1376 omnibus
1728 1347 1806 1375 no-

178 1403 261 1443 bis.
282 1403 454 1444 Amen.

253 1475 303 1515 In
324 1475 409 1521 his,
434 1488 553 1527 quae
583 1477 710 1517 breui
730 1477 1004 1528 compendio
1021 1478 1233 1517 enarrari
1250 1483 1446 1529 possunt
1463 1476 1806 1528 (obseruandis-

173 1546 287 1586 sime
308 1546 461 1596 Pater)
484 1548 649 1595 longas
668 1555 917 1588 contexere
935 1548 1170 1588 orationes
1191 1560 1597 1600 superuacaneum
1618 1549 1805 1590 omnino

173 1617 425 1668 videretur,
448 1619 571 1669 apud
593 1630 673 1658 eos
695 1619 1002 1670 potissimum,
1027 1631 1225 1670 quorum
1246 1627 1511 1671 promptam
1538 1620 1714 1670 ingenii
1734 1632 1806 1660 so-

172 1688 354 1728 lertiam
375 1689 644 1729 laconismis
674 1689 897 1729 delectari
937 1696 1228 1741 compertum
1258 1697 1341 1730 est.
1379 1690 1675 1742 Quapropter
1702 1703 1804 1743 pro-

172 1769 364 1808 gressus
384 1766 574 1800 nostros
596 1760 961 1812 quadrimestres
993 1761 1275 1808 summatim,
1302 1768 1528 1812 quantum
1557 1761 1657 1801 fieri
1678 1768 1804 1813 pote-

172 1830 231 1869 rit
250 1830 539 1881 breuissime,
577 1832 964 1882 perstringemus,
1001 1843 1055 1871 ea
1086 1831 1175 1871 leui
1202 1832 1319 1883 pede
1353 1838 1801 1883 praetercurrentes,

168 1912 287 1952 quae
309 1902 547 1941 molestias
569 1902 721 1953 potius
743 1903 959 1952 ingerere
986 1914 1139 1953 posse,
1171 1914 1311 1954 quarn
1336 1904 1625 1954 voluptatem
1653 1905 1801 1955 suspi-

168 1983 343 2021 camur,
367 1973 582 2023 quamuis
599 1973 638 2013 si
659 1981 884 2024 perpetuo
921 1980 966 2013 et
987 1974 1034 2014 in
1069 1973 1297 2024 omnibus,
1335 1981 1385 2013 vt
1421 1981 1637 2015 strenuos
1666 1975 1800 2015 decet

168 2042 341 2083 Christi
361 2044 545 2094 milites,
571 2044 777 2084 animum
797 2044 1095 2084 intendamus
1118 2045 1177 2084 ad
1207 2045 1538 2096 Coryphaeum
1567 2052 1611 2085 et
1639 2046 1798 2086 autho-

167 2126 266 2154 rem
287 2121 513 2165 nostrum,
538 2115 670 2155 cuius
691 2116 878 2156 nomine
915 2116 1088 2156 arduos
1124 2116 1279 2156 subire
1306 2116 1492 2156 labores
1525 2123 1571 2172 et
1600 2117 1801 2157 aduersa

99 2232 107 2240 ,Δ
165 2197 314 2237 aequo
336 2186 492 2225 animo
523 2187 724 2226 tolerare
753 2193 822 2226 est
849 2187 1240 2237 gloriosissimum
1271 2194 1315 2227 et
1336 2188 1711 2228 immarcessibili
1736 2188 1800 2228 di-

167 2267 311 2306 gnum
332 2268 522 2307 corona,
547 2257 660 2297 nihil
683 2269 776 2297 non
795 2257 1184 2309 jucundissimum
1217 2264 1263 2297 et
1298 2258 1450 2298 obuiis
1485 2259 1606 2298 Vlnis
1628 2259 1798 2310 ample—

166 2326 372 2367 xandum
393 2327 525 2367 nobis
543 2328 761 2368 obortum
795 2340 897 2369 esse
934 2329 1158 2380 conqueri
1184 2329 1455 2380 poterimus.
1493 2328 1615 2380 Quin
1644 2329 1800 2380 potius

166 2409 270 2438 cum
292 2397 436 2438 Paulo
471 2404 515 2438 et
553 2399 867 2439 exultabimus
907 2406 952 2439 et
990 2400 1296 2450 gloriabimur
1334 2400 1381 2439 in
1422 2400 1798 2441 tribulationibus

164 2468 351 2519 nostris,
375 2480 573 2520 quarum
595 2470 862 2510 meminisse
884 2470 994 2510 olim
1010 2482 1106 2510 non
1122 2471 1420 2510 mediocriter
1438 2471 1631 2521 iuuabit;
1655 2477 1797 2523 vtque

162 2547 257 2580 tarn
278 2540 528 2590 plurimum
549 2551 635 2580 nos
656 2540 933 2591 exhilarent,
958 2548 1171 2581 recreent
1193 2548 1237 2581 et
1270 2542 1584 2592 consolentur,
1622 2542 1697 2582 cui
1713 2542 1795 2593 igi·

134 2648 137 2650 ,
161 2617 236 2650 tur
256 2610 372 2650 haec
395 2611 556 2651 audire
577 2612 823 2651 molestum
844 2611 951 2652 erit?
985 2611 1102 2652 Cum
1136 2623 1221 2652 suo
1254 2612 1395 2652 etiam
1421 2612 1576 2653 fructu
1604 2624 1698 2652 non
1720 2625 1794 2653 ca—

160 2687 306 2731 reant,
331 2681 414 2721 sed
447 2688 670 2732 tanquam
691 2683 847 2733 palma
870 2694 989 2734 quae
1020 2682 1151 2722 oneri
1180 2683 1485 2723 succumbere
1516 2683 1678 2734 nescit,
1703 2696 1794 2736 quo

160 2752 311 2803 magis
344 2753 643 2804 opprimitur,
681 2753 1003 2793 vehementius
1038 2754 1084 2793 in
1115 2754 1261 2794 altum
1295 2753 1547 2804 contendit.
1587 2753 1791 2795 Virescit

157 2834 357 2874 namque
380 2824 574 2863 vulnere
595 2823 760 2873 virtuS,
781 2829 825 2864 et
847 2835 936 2876 quo
950 2824 1325 2865 vehementiores
1342 2832 1449 2865 sunt
1461 2825 1789 2866 contradictio-

212 2985 219 3004 ¹
260 2985 520 3019 Autographae,
535 2988 630 3012 totae
646 2992 745 3012 manu
763 2985 906 3019 Nicolai‚
921 2985 1047 3020 duplici
1059 2986 1092 3013 in
1107 2986 1198 3020 folio,
1215 2993 1271 3013 nn.
1290 2986 1343 3013 324
1358 2990 1391 3012 et
1406 2985 1468 3013 325.
