2047 3179
225 137 296 174 (116
754 141 979 179 LITTERAE
994 153 1353 185 QUADR1MEsTREs

230 234 379 275 nibus.
403 236 656 277 Praeterea
679 238 819 278 etiam
841 235 1045 279 inuisere
1067 240 1221 289 coepit
1242 251 1343 289 eos,
1369 240 1446 291 qui
1467 247 1659 291 propter
1689 241 1868 281 scelera

227 316 310 345 sua
333 307 649 349 coniiciuntur
678 309 723 349 in
752 310 957 361 vincula,
994 322 1100 351 cum
1130 309 1458 362 Episcopatus,
1495 319 1593 351 tum
1623 318 1814 352 senatus
1838 312 1864 359 ¹,

226 387 332 416 cum
355 379 561 419 maxima
583 380 864 422 miserorum
881 388 925 421 et
943 381 1174 433 applausu
1189 388 1234 421 et
1252 382 1586 432 consolatione,
1607 382 1732 434 apud
1748 393 1867 434 quos

226 447 478 499 aliquando
499 462 688 492 sacrum
709 451 835 493 fecit:
860 452 1129 503 frequenter
1150 459 1307 493 autem
1330 453 1516 493 illorum
1537 453 1866 494 audit‘confes·

226 519 396 571 siones,
412 522 537 573 quod
553 530 680 563 certe
690 523 919 564 hactenus
935 524 1140 563 insolens
1156 523 1257 574 fuit,
1276 530 1326 564 vt
1343 525 1511 576 quihus
1528 526 1669 565 semel
1682 525 1728 565 in
1741 536 1866 565 anno

227 590 438 632 confiteri
457 593 561 643 (nisi
583 594 639 634 iis
662 595 739 646 qui
762 596 821 634 ad
843 602 1078 635 tormenta
1100 595 1422 646 rapiebantur)
1440 601 1541 636 erat
1559 597 1864 647 consuetudo,

226 661 308 701 sed
329 668 554 716 tanquam
574 665 712 705 bruta
735 666 996 706 animantia
1024 666 1085 706 ibi
1118 666 1352 716 degebant
1387 667 1558 718 ignari,
1584 679 1670 707 nec
1702 679 1866 708 curan-

227 738 296 772 tes
318 734 412 775 vllo
434 736 572 776 modo
596 748 716 788 quae
739 744 844 777 sunt
863 737 1069 788 spiritus,
1095 749 1181 777 nec
1204 749 1324 789 quae
1346 738 1655 779 christianum
1685 738 1866 779 decent.

225 803 331 855 Jam
352 818 466 846 vero
483 819 566 858 per
586 807 676 847 Dei
709 808 915 858 gratiam
950 808 1068 848 mira
1100 809 1225 849 facta
1263 816 1332 849 est
1368 810 1782 861 metamorphosis,
1819 817 1868 850 ut

227 887 347 926 quac
371 879 513 928 aloga
549 886 689 919 antea
725 886 873 929 erant,
909 880 1122 920 homines
1145 880 1419 931 efficiantur,
1453 893 1721 933 nouumque
1742 882 1869 922 vitae

225 958 374 998 genus
396 949 656 990 instituant.
676 950 778 991 Hoc
800 963 1024 1003 peperere
1047 952 1345 992 inhibitiones
1362 952 1497 992 nobis
1513 952 1682 993 factae.
1706 953 1869 1004 Itaque

226 1019 526 1071 diligentibus
547 1022 700 1064 Deum
724 1024 878 1063 omnia
901 1030 1216 1074 cooperantur
1238 1024 1284 1063 in
1304 1024 1493 1074 bonum,
1517 1036 1575 1064 ex
1596 1024 1732 1064 malis
1744 1024 1869 1064 enim

225 1091 347 1131 bona
369 1092 538 1132 elicere
560 1101 732 1134 norunt
756 1102 800 1134 et
823 1095 1039 1135 omnibus
1060 1095 1178 1135 bene
1195 1095 1277 1135 vti.

309 1163 562 1215 Postquam
585 1172 742 1206 autem
772 1166 976 1218 diploma
1005 1167 1357 1218 prouocationis
1387 1166 1690 1217 extorsimus,
1722 1168 1868 1207 recla-

227 1236 462 1276 mantibus
484 1248 605 1288 pene
626 1238 842 1278 omnibus·
864 1238 1044 1289 amicis,
1068 1238 1192 1289 quod
1208 1239 1342 1278 nobis
1358 1238 1642 1290 grauissima
1661 1238 1868 1289 pericula

226 1307 470 1347 imminere
491 1308 723 1359 viderent,
748 1321 805 1349 ne
826 1310 1047 1349 videlicet
1066 1310 1113 1349 in
1140 1321 1381 1349 carcerem
1403 1309 1765 1360 coniiceremur,
1790 1309 1869 1349 ali-

234 1379 364 1430 isque
406 1380 618 1431 pluribus
653 1381 882 1421 molestiis
916 1381 1075 1421 vexati
1112 1380 1486 1432 exploderemur,
1525 1381 1708 1420 sublato
1744 1380 1872 1421 omni

230 1456 371 1501 metu,
396 1457 440 1491 et
463 1452 624 1492 diuino
646 1452 833 1503 honori,
860 1452 1063 1501 vincula,
1087 1464 1320 1503 carcereS,
1346 1459 1597 1504 ceteraque
1629 1452 1674 1492 id
1701 1462 1865 1503 genus,

226 1534 347 1573 quae
370 1522 417 1562 in
439 1535 525 1563 nos
546 1530 764 1575 poterant
787 1524 955 1575 moliri,
978 1529 1330 1575 postponentes,
1356 1523 1515 1564 diuina
1538 1534 1619 1574 spe
1641 1523 1747 1581 freti
1771 1535 1868 1563 rur-

224 1605 305 1633 sus
327 1593 385 1633 ad
409 1593 453 1634 S.
480 1594 773 1635 Germanum
795 1595 1092 1645 reuertimus,
1124 1602 1168 1635 et
1196 1595 1402 1635 Instituti
1430 1595 1579 1635 nostri
1609 1595 1789 1645 munia,
1819 1600 1869 1634 vt

226 1666 371 1717 prius,
398 1666 528 1706 obire
549 1678 635 1718 pro
658 1667 840 1707 viribus
863 1667 1071 1707 nitimur.
1098 1667 1277 1707 Verum
1307 1678 1399 1706 non
1431 1667 1569 1717 pauci
1590 1678 1766 1716 eorum,
1792 1665 1870 1717 qui

227 1749 312 1778 nos
334 1738 564 1778 accedere
587 1745 952 1789 consueuerant,
977 1745 1020 1778 et
1042 1749 1230 1778 sacram
1253 1738 1630 1778 communionem
1658 1737 1870 1788 frequen-

224 1818 325 1849 tare
348 1817 393 1849 et
418 1810 664 1849 nobiscum
686 1809 985 1850 familiariter
1007 1810 1297 1859 conuersari,
1329 1810 1500 1861 quique
1527 1821 1618 1849 non
1646 1810 1869 1860 vulgares

224 1891 507 1932 progressus
530 1882 577 1921 in
598 1882 772 1933 pietate
794 1881 963 1921 secisse
984 1881 1282 1931 videbantur,
1305 1887 1403 1921 tum
1421 1881 1630 1931 iuuenes,
1651 1892 1759 1920 cum
1774 1892 1867 1920 ma-

225 1960 405 1999 tronae,
434 1959 535 1992 orta
559 1960 838 2004 tempestate
860 1953 1210 1993 succubuerunt
1232 1959 1275 1992 et
1305 1951 1577 1992 defecerunt
1606 1952 1652 1992 in
1679 1951 1868 1992 tribula-

230 2024 437 2064 tionibus
476 2025 666 2075 nostris,
708 2025 880 2076 partim
920 2036 1121 2064 censura
1163 2024 1384 2076 Episcopi
1424 2023 1657 2073 deterriti,
1699 2023 1870 2075 partim

226 2108 370 2136 suasu
406 2103 451 2136 et
487 2097 684 2137 consilio
721 2096 934 2136 reuocati
969 2095 1280 2147 quorumdam
1315 2095 1592 2144 Doctorum,
1625 2094 1702 2146 qui
1732 2094 1871 2134 nullis

231 2174 433 2219 parcunt
456 2168 639 2207 technis
667 2175 717 2207 vt
750 2179 836 2207 nos
865 2167 1043 2207 inuisos
1074 2167 1272 2207 reddant
1303 2173 1347 2206 et
1377 2172 1622 2218 suspectos
1657 2165 1870 2205 omnibus

227 2239 566 2291 cuiuscumque
600 2245 753 2279 status
789 2246 833 2278 et
870 2238 1065 2286 ordinis,
1102 2238 1231 2289 ipsos
1263 2245 1585 2278 conuenerunt
1617 2236 1867 2287 principeS,

229 2312 484 2362 praelatos,
509 2316 554 2350 et
576 2311 757 2350 aulicos
779 2321 897 2362 pene
919 2321 1097 2360 omneS,
1121 2321 1202 2349 eos
1223 2315 1380 2349 autem
1401 2309 1621 2357 maxime,
1645 2319 1761 2360 quos
1789 2313 1869 2347 aut

228 2383 389 2422 fauere
412 2382 562 2432 nobis,
587 2390 667 2422 aut
688 2381 806 2421 bene
829 2392 942 2431 erga
966 2392 1053 2420 nos
1081 2380 1274 2421 affectos
1303 2381 1628 2431 suspicantur,
1661 2379 1865 2428 sinistra,

226 2454 385 2505 impia,
417 2454 667 2501 scelerata,
699 2453 871 2504 vbique
900 2453 956 2492 de
987 2452 1124 2492 nobis
1154 2452 1365 2503 improbe
1400 2457 1687 2491 euomentes:
1724 2461 1870 2501 quare

229 2525 401 2565 mirum
423 2536 565 2575 quam
585 2524 707 2564 male
730 2523 854 2575 apud
872 2534 1034 2563 omnes
1052 2523 1313 2573 audiamus,
1336 2523 1628 2574 hypocritas,
1648 2521 1869 2561 schisma-

228 2596 371 2646 ticos,
396 2602 702 2646 arrogantes,
727 2602 1053 2644 contumaces,
1082 2594 1216 2645 pacis
1243 2594 1472 2634 ecclesiae
1500 2593 1868 2645 perturbatores,

230 2679 313 2707 nos
345 2667 654 2719 proclamant.
691 2665 814 2716 Quid
839 2666 1072 2717 superest?
1101 2664 1150 2705 Si
1179 2665 1379 2718 denique
1408 2665 1544 2706 facile
1576 2675 1715 2704 aures
1745 2662 1871 2703 exhi-

232 2739 424 2789 buisset,
449 2744 528 2778 aut
551 2749 798 2778 assensum
820 2737 1113 2789 praebuisset
1140 2735 1291 2787 Regia
1316 2736 1556 2786 Maiestas,
1580 2735 1673 2775 imo
1694 2734 1784 2774 nisi
1805 2745 1870 2773 re-

284 2922 291 2941 ¹
335 2929 402 2949 008.
419 2922 510 2956 qui...
525 2923 754 2957 conjiciuntur
771 2922 803 2948 in
819 2921 967 2954 vincula,
983 2928 1058 2948 cum
1075 2922 1116 2947 ab
1133 2919 1303 2954 Episcopo
1319 2921 1349 2947 in
1372 2927 1512 2947 carcere
1531 2919 1776 2953 ecclesiastico,
1799 2924 1870 2947 tum

229 2979 247 2994 .-ι
267 2968 393 2996 Senatu
411 2970 441 2996 in
456 2969 560 3002 civili,
578 2977 634 2997 scu
652 2969 832 2996 saeculari.
