2047 3179
269 176 340 214 562
785 178 1012 216 LITTERAE
1033 190 1392 223 QUADRIMESTRES

269 287 357 327 que
379 274 586 325 sentiret,
613 286 667 315 ac
690 274 855 315 deinde
883 276 1108 327 paulatim
1138 275 1295 316 diuino
1323 278 1514 318 seruitio
1544 290 1647 319 sese
1669 281 1907 332 mancipa-

270 353 355 395 ret,
381 358 407 386 a
430 358 521 398 quo
538 357 677 396 nunc,
702 346 780 397 qui
802 347 943 386 etiam
960 347 1220 398 incorrupti
1239 347 1471 399 videntur,
1491 350 1606 390 satis
1623 356 1731 391 sunt
1751 352 1906 392 alieni.

350 417 442 458 Sed
463 429 568 458 cum
590 417 691 457 istis
713 418 916 469 querelis
936 418 1126 457 minime
1161 418 1220 458 sit
1242 418 1335 458 iam
1364 420 1510 468 locus,
1550 421 1610 461 ad
1640 423 1905 463 institutum

267 496 481 531 nostrum
503 500 648 541 ocyus
665 500 881 540 propero,
906 489 1117 528 dicturus
1151 490 1444 541 compendio:
1481 492 1684 543 primum
1719 494 1906 545 quidem

270 562 326 602 de
343 568 470 602 statu
497 573 552 601 ac
587 571 844 612 progressu
882 560 1152 600 scholarum
1186 567 1470 614 nostrarum,
1505 570 1549 603 et
1585 571 1830 615 praeterea
1852 565 1908 605 de

269 634 358 685 piis
378 632 616 673 exercitiis
638 631 830 671 Patrum
858 643 914 671 ac
943 630 1143 672 fratrum
1177 639 1461 684 nostrorum,
1501 635 1667 686 quibus
1690 635 1905 677 aedifica-

268 706 443 745 tionem
464 710 508 744 et
529 705 727 743 salutem
749 703 908 754 populi
936 702 1073 743 huius
1099 710 1458 754 promeruerunt
1484 717 1567 757 per
1594 706 1761 747 horum
1795 719 1909 758 qua-

269 783 374 817 tuor
395 775 627 817 mensium
655 775 872 826 spatium.

349 847 577 889 Accessio
600 853 763 886 sextae
785 846 965 895 classis,
990 858 1138 898 nuper
1159 847 1288 887 iussu
1312 847 1404 888 R.Cli
1425 848 1579 890 Patris
1600 850 1873 892 visitatoris
1899 851 1906 870 ¹

269 925 468 969 erectae,
492 918 581 958 hoc
602 924 685 968 est,
711 917 878 957 classis
899 919 1220 969 paruulorum,
1244 919 1322 970 qui
1343 919 1389 959 in
1412 921 1728 971 cognitionem
1750 923 1908 974 alpha-

268 992 376 1040 beti,
401 997 445 1031 et
468 989 658 1030 omnino
681 989 728 1028 in
745 988 929 1028 ratione
948 989 1134 1040 legendi
1152 1001 1208 1029 ac
1224 990 1458 1031 scribendi
1476 992 1796 1044 instituuntur,
1815 1006 1910 1034 non

268 1074 437 1115 parum
458 1061 587 1101 auxit
609 1071 856 1100 numerum
878 1060 1165 1100 scholarium
1192 1067 1476 1112 nostrorum,
1508 1064 1695 1104 tametsi
1723 1065 1907 1105 illorum

268 1135 363 1175 iam
381 1133 479 1174 fere
501 1132 695 1183 triginta
719 1132 920 1172 caeteris
941 1131 1137 1172 admixti
1160 1140 1330 1184 essent,
1354 1145 1486 1185 quos,
1510 1135 1791 1187 importunis
1808 1148 1908 1188 prc-

268 1206 402 1246 cibus
422 1205 537 1245 uicti
557 1209 807 1256 parentum
828 1203 1051 1254 ipsorum,
1077 1204 1204 1254 passi
1226 1216 1428 1255 eramus,
1460 1217 1565 1245 cum
1594 1207 1691 1247 suis
1721 1208 1797 1248 uel
1817 1207 1907 1248 fra-

269 1278 417 1318 tribus
438 1277 511 1316 uel
533 1275 825 1327 paedagogis
860 1274 1066 1326 quotidie
1095 1275 1142 1314 in
1172 1276 1347 1316 nostris
1382 1277 1555 1318 scholis
1589 1278 1812 1329 residere,
1854 1291 1908 1319 ea

269 1355 427 1389 tamen
449 1349 568 1399 lege,
592 1354 641 1386 ut
678 1346 734 1387 de
756 1346 812 1386 iis
848 1346 1116 1386 erudiendis
1151 1348 1327 1387 nullam
1356 1348 1701 1400 susciperemus
1722 1351 1909 1402 prouin-

272 1421 410 1461 ciam.
435 1420 485 1460 In
507 1419 637 1459 tenui
658 1418 795 1458 labor
817 1423 901 1467 est,
927 1423 975 1457 at
997 1429 1092 1457 non
1114 1418 1265 1458 tenuis
1299 1419 1465 1469 gloria,
1503 1426 1552 1460 ut
1573 1420 1637 1460 ait
1657 1420 1792 1462 Maro
1813 1421 1843 1459 ⁴².
1867 1422 1910 1462 A

267 1492 450 1532 duobus
471 1491 679 1531 tribusue
702 1489 777 1529 hic
798 1488 1068 1529 subeundus
1090 1495 1160 1529 est
1190 1489 1336 1538 labor,
1366 1496 1410 1530 et
1437 1490 1625 1542 quidem
1652 1498 1909 1544 utcumque

268 1564 427 1614 durus,
452 1573 590 1614 quem
611 1568 768 1601 tamen
789 1560 926 1600 facile
944 1560 1128 1611 mitigat
1145 1572 1267 1612 spes,
1290 1561 1383 1601 imo
1401 1561 1494 1601 iam
1516 1569 1646 1603 certa
1667 1565 1908 1615 experien-

268 1637 348 1686 tia,
372 1633 630 1686 spiritualis
653 1632 882 1672 Vtilitatis.
907 1631 1116 1672 Primum
1142 1633 1340 1672 testulae
1370 1632 1488 1673 istae
1520 1640 1749 1686 recentes,
1788 1622 1909 1687 quae

267 1708 341 1748 uel
364 1707 411 1747 in
446 1704 755 1757 hypocaustis
791 1703 975 1743 desides
1012 1710 1267 1754 torperent,
1301 1710 1380 1744 aut
1416 1716 1499 1755 per
1534 1706 1738 1757 compita
1769 1707 1908 1747 noxie

268 1782 572 1829 uagarentur,
599 1782 678 1815 aut
714 1775 778 1825 (ut
814 1774 1043 1814 donemus
1078 1775 1368 1826 praeclarius
1396 1787 1503 1816 cum
1531 1777 1620 1816 illis
1651 1777 1730 1828 agi
1752 1778 1908 1829 posse)

268 1850 379 1890 alibi
401 1851 523 1890 lente
546 1859 602 1887 ac
623 1847 777 1886 minus
798 1845 1026 1886 foeliciter
1048 1845 1166 1886 haec
1187 1845 1352 1886 eadem
1367 1846 1633 1888 rudimenta
1653 1848 1905 1900 discerent,

267 1933 392 1962 nunc
415 1927 562 1961 totum
583 1930 702 1971 pene
724 1917 847 1958 diem
882 1917 1008 1968 apud
1034 1929 1121 1957 nos
1143 1917 1337 1969 exigunt
1372 1919 1667 1959 lectiunculis
1703 1921 1801 1961 suis
1830 1933 1908 1961 na-

267 2000 435 2034 uantes
466 1991 680 2043 opellam.
714 1989 857 2029 Hisce
892 1989 1154 2028 rationibus
1189 1989 1316 2029 ducti
1352 1996 1571 2040 parentes
1606 1991 1683 2042 pia
1704 1991 1909 2042 quadam

265 2063 620 2116 importunitate
642 2061 776 2101 nobis
799 2060 903 2100 illos
931 2060 1248 2100 obtruserunt.
1286 2060 1409 2111 Quin
1435 2061 1591 2111 etiam,
1623 2068 1813 2114 praeter
1835 2063 1910 2103 do-

265 2136 461 2185 ctrinae,
486 2145 625 2186 quam
647 2132 715 2173 sic
736 2131 971 2180 hauriunt,
996 2131 1258 2182 utilitatem,
1280 2138 1323 2171 et
1340 2139 1526 2183 praeter
1545 2133 1795 2174 commoda
1815 2135 1908 2174 alia

265 2208 370 2248 aliis
392 2205 672 2254 communia,
697 2203 999 2255 quotidianae
1022 2203 1192 2243 missae
1214 2203 1445 2243 intersunt
1468 2204 1634 2255 officio,
1659 2211 1708 2245 ut
1733 2217 1760 2244 a
1782 2211 1907 2245 tene-

265 2280 330 2320 ris
352 2277 619 2330 unguiculis
640 2276 801 2326 iugum
824 2274 1015 2314 Domini
1036 2274 1137 2314 leue
1155 2281 1344 2326 portare
1360 2281 1691 2316 consuescant.

344 2350 526 2390 Horum
546 2347 762 2398 exemplo
785 2357 840 2385 ac
862 2346 1115 2386 foelicitate
1145 2345 1370 2386 stimulati
1389 2347 1414 2386 5
1436 2353 1516 2386 aut
1537 2346 1561 2386 6
1583 2347 1674 2387 viri
1706 2347 1905 2399 hispani,

263 2423 476 2462 uolentes
498 2419 778 2460 detrimenta
801 2417 1062 2457 ociositatis
1090 2417 1272 2457 aulicae
1303 2417 1531 2469 deuitare,
1562 2419 1908 2470 quodammodo

266 2503 607 2544 repuerascere
637 2501 732 2530 non
768 2489 1069 2537 erubuerunt,
1104 2494 1148 2528 et
1176 2500 1202 2527 a
1237 2488 1370 2529 nobis
1400 2489 1746 2530 contenderunt
1785 2489 1908 2542 apud

266 2565 370 2604 illos
393 2562 588 2603 institui.
630 2560 798 2601 Postea
840 2571 969 2610 uero,
1007 2571 1113 2600 cum
1153 2559 1321 2599 horum
1356 2571 1578 2600 numerus
1619 2562 1909 2602 excreuisset

264 2635 324 2675 ad
345 2634 447 2683 XII,
473 2640 517 2674 et
541 2633 695 2673 adhuc
716 2632 875 2683 plures
896 2636 1122 2671 venturos
1155 2632 1497 2682 promitterent,
1535 2633 1825 2683 postulatum
1846 2632 1907 2672 lo-

263 2719 371 2747 cum
392 2706 550 2755 alium,
576 2704 633 2744 ab
656 2703 757 2743 istis
773 2702 932 2754 pueris
954 2707 1271 2753 segregatum,
1295 2713 1389 2741 vna
1411 2713 1519 2742 cum
1539 2702 1771 2754 Magistro
1794 2713 1908 2743 suae

263 2779 453 2828 linguae
471 2774 804 2824 concessimus,
817 2780 867 2813 ut
884 2780 1075 2825 possent
1093 2773 1383 2813 commodius
1401 2773 1585 2824 legendi
1599 2785 1653 2813 ac
1667 2772 1909 2814 scribendi

322 2960 330 2978 ¹
372 2959 407 2986 1³.
427 2959 622 2993 Hieronymi
640 2957 786 2984 Natalis.

317 3008 330 3026 2‘
374 3006 636 3039 Georgicorum,
652 3006 707 3032 lib.
726 3013 770 3037 μ’,
789 3013 819 3032 v.
835 3010 862 3031 o.
