2047 3179
231 168 302 206 518
747 168 977 206 LITTERAE
996 179 1355 212 QUADRIMESTRES

231 271 530 305 sacramento
553 265 880 306 Eucharistiae
903 265 1229 315 ministrandO,
1249 265 1327 317 qui
1348 264 1423 304 hic
1444 270 1567 314 sunt,
1593 263 1867 303 sacerdotes

233 336 459 388 occupari
485 337 568 377 tibi
595 344 757 377 notum
785 343 876 387 est,
907 338 985 388 qui
1011 347 1229 376 carceres
1258 342 1302 376 et
1338 340 1640 387 aegrotantes
1674 334 1868 374 uisitant

231 407 521 460 afflictosque
542 409 696 460 quoad
717 415 914 460 possunt
935 409 1252 448 consolantur.
1277 406 1432 458 Atque
1453 417 1616 446 eorum
1646 416 1869 446 numerus

229 479 278 518 in
300 479 398 520 dies
427 487 642 531 augetur,
680 481 759 532 qui
790 479 1099 520 confessionis
1132 484 1176 518 et
1208 478 1536 518 Eucharistiae
1568 483 1868 517 sacramenta

230 550 498 603 frequenter
527 551 802 603 suscipiunt.

312 621 556 663 Docentur
577 623 711 674 pueri
732 622 998 662 doctrinam
1019 621 1348 671 christianam,
1379 626 1424 661 et
1451 620 1684 661 habentur
1706 619 1870 659 diebus

228 694 477 734 vdominicis
499 701 542 734 ct
568 693 714 745 festis,
739 699 838 733 tum
865 699 1027 733 nostro
1049 693 1096 733 in
1123 693 1311 744 templo,
1348 698 1447 732 tum
1475 692 1578 732 aliis
1608 692 1655 731 in
1680 691 1817 741 locis,
1843 701 1871 730 a

228 766 405 806 nostris
426 766 693 816 conciones,
718 777 777 805 ex
799 765 965 817 quibus
986 776 1079 804 non
1100 764 1311 804 modicus
1338 763 1518 804 fructus
1538 763 1812 815 percipitur.

311 836 401 878 Sed
436 837 553 877 haec
589 842 634 877 et
669 837 741 877 his
776 837 911 888 plura
950 835 959 854 ¹
995 836 1078 876 tibi
1107 836 1275 876 litteris
1303 835 1421 875 alias
1450 833 1714 886 significata
1746 839 1868 874 sunt.

229 908 411 949 Verum
439 909 495 948 de
522 909 752 948 bonarum
782 907 1024 948 literarum
1058 907 1225 947 studiis
1253 918 1406 958 pauca
1438 904 1637 946 dicenda
1665 905 1778 946 mihi
1806 905 1871 945 ui-

229 980 411 1020 dentur.
443 980 563 1020 Nam
592 979 849 1020 domestica
878 979 1067 1031 quidem
1093 979 1249 1019 studia
1281 989 1520 1030 prospere,
1558 977 1718 1017 diuina
1743 977 1869 1017 adiu-

230 1058 374 1092 uante
402 1051 572 1103 gratia,
606 1051 881 1103 procedunt.
911 1050 1108 1091 Externi
1136 1062 1250 1090 uero
1280 1049 1497 1101 discipuli
1517 1054 1705 1088 centum
1727 1054 1771 1087 et
1792 1048 1870 1088 tri-

229 1124 361 1173 ginta
383 1130 504 1173 sunt,
529 1123 622 1174 qui,
646 1123 917 1163 scholarum
931 1127 1203 1162 nostrarum
1220 1120 1364 1161 dediti
1380 1120 1619 1167 institutis,
1642 1131 1790 1171 aeque
1810 1118 1870 1159 ad

228 1195 377 1235 bonos
401 1206 554 1235 mores
576 1200 625 1234 ut
654 1194 714 1235 ad
747 1194 1013 1234 doctrinam
1044 1193 1373 1233 informantur.
1406 1191 1644 1232 Proximis
1664 1191 1868 1231 baccha-

229 1266 413 1306 nalibus
436 1266 676 1317 dialogum
693 1272 860 1305 contra
883 1271 1130 1317 corruptos
1148 1276 1202 1305 ea
1219 1269 1497 1316 tempestate
1516 1263 1758 1303 hominum
1774 1273 1869 1302 mo-

230 1349 322 1389 res,
348 1343 392 1378 et
419 1338 584 1389 paucis
611 1343 719 1377 ante
747 1337 912 1378 diebus
942 1348 1109 1377 uersus
1145 1337 1323 1388 aliquot
1353 1341 1397 1375 et
1433 1335 1672 1375 orationes
1699 1334 1869 1374 habue-

232 1414 340 1449 runt
361 1420 524 1449 coram
549 1409 822 1460 Prolegato,
850 1408 1181 1460 praesentibus
1203 1408 1346 1448 etiam
1375 1407 1478 1447 aliis
1499 1406 1643 1447 totius
1665 1405 1871 1445 ciuitatis

230 1481 538 1533 primoribus,
577 1493 604 1520 a
639 1481 808 1532 quibus
842 1480 1023 1520 laudati
1056 1479 1189 1532 pueri
1224 1485 1268 1520 et
1302 1484 1518 1519 nostrum
1549 1483 1646 1517 tam
1682 1476 1872 1517 uiuendi

227 1564 372 1605 quam
393 1552 592 1593 docendi
613 1552 879 1592 institutum
900 1563 1199 1603 summopere
1220 1551 1375 1602 palam
1404 1555 1474 1590 est
1496 1548 1868 1600 comprobatum.

227 1623 477 1664 Mouentur
498 1624 571 1664 his
597 1623 737 1664 rebus
768 1623 911 1674 ciues,
941 1624 1019 1675 qui
1040 1620 1054 1639 ²
1088 1623 1260 1663 liberos
1291 1633 1402 1662 suos
1428 1621 1564 1661 nobis
1585 1618 1869 1660 erudiendos

226 1696 434 1736 tradant.
464 1695 710 1736 Venerunt
744 1695 854 1735 hinc
877 1694 937 1734 ad
970 1701 1016 1735 te
1037 1706 1184 1747 nuper
1206 1694 1298 1734 duo
1334 1694 1484 1734 bonae
1518 1692 1689 1733 indolis
1716 1691 1869 1731 adole-

230 1774 432 1819 scentes,
446 1767 525 1819 qui
537 1766 789 1808 Societatis
801 1773 992 1807 nostrae
1005 1766 1195 1807 uiuendi
1210 1766 1442 1806 rationem
1453 1764 1584 1816 sequi
1597 1764 1753 1804 animo
1766 1774 1872 1814 pro-

228 1845 503 1891 posuerant.
527 1838 618 1890 Qui
645 1850 726 1879 eos
745 1838 986 1879 imitentur
1021 1849 1080 1878 ex
1108 1838 1181 1878 his
1209 1836 1590 1878 adolescentibus
1618 1835 1870 1875 nonnullos

224 1911 359 1951 breui
380 1911 480 1951 fore
501 1921 762 1962 speramus.
786 1909 858 1950 De
877 1909 1116 1961 Prolegati
1138 1921 1194 1949 ac
1216 1908 1416 1949 aliorum
1437 1907 1716 1959 optimatum
1738 1911 1783 1946 et
1804 1912 1871 1946 to-

225 1983 321 2023 tius
341 1982 542 2035 denique
563 1982 770 2022 ciuitatis
791 1993 907 2033 erga
928 1993 1015 2022 nos
1039 1981 1195 2021 animo
1217 1980 1329 2033 quid
1357 1979 1562 2020 scribam
1582 1990 1677 2019 non
1699 1977 1868 2028 habeo,

227 2065 368 2106 quem
388 2054 671 2094 beneuolum
691 2064 806 2105 erga
822 2065 909 2093 nos
930 2053 1160 2093 hactenus
1182 2051 1522 2104 perspeximus.
1546 2049 1672 2090 Nihil
1696 2048 1820 2089 enirn
1844 2060 1871 2088 a

226 2126 366 2167 nobis
385 2126 582 2178 geritur,
607 2125 731 2177 quod
753 2125 940 2165 illorum
956 2125 1246 2164 uoluntatem
1263 2122 1498 2164 offendere
1515 2122 1680 2174 possit,
1700 2119 1871 2172 quippe

229 2197 309 2250 qui
331 2196 344 2216 ³
367 2197 583 2238 omnibus
605 2196 881 2237 satisfacere
911 2195 1212 2247 omniumque
1235 2194 1495 2234 commodis
1521 2204 1606 2244 pro
1633 2197 1768 2244 parte
1791 2201 1869 2230 no·

232 2275 332 2309 stra
360 2269 499 2318 uirili,
530 2275 573 2308 et
606 2267 762 2319 quoad
789 2267 896 2307 licet
925 2278 1111 2318 semper
1144 2265 1374 2306 inseruire
1409 2265 1695 2304 studeamus.
1736 2261 1868 2314 Spes,

235 2352 354 2392 quae
376 2341 432 2380 de
454 2340 592 2380 huius
615 2339 812 2390 Collegii
829 2338 1043 2390 profectu
1067 2337 1235 2378 animis
1257 2336 1498 2377 hominum
1520 2335 1868 2386 concipiuntur,

229 2423 434 2463 magnae
456 2417 577 2452 sunt.
602 2411 650 2452 Si
671 2410 783 2463 quid
803 2410 895 2461 fiet,
919 2422 1012 2450 non
1034 2409 1461 2461 praetermittemus
1494 2407 1552 2447 ad
1574 2413 1618 2446 te
1640 2405 1868 2446 scribere.

310 2483 432 2524 Vale
454 2483 657 2533 interim,
687 2494 866 2534 nosque
894 2482 986 2522 tuis
1015 2481 1308 2521 orationibus
1344 2478 1698 2520 commendatos
1734 2476 1868 2516 habe.

308 2554 545 2606 Perusiae,
570 2561 738 2606 quarto
756 2565 906 2593 nonas
923 2553 1054 2599 Iunii.
1080 2564 1203 2592 anno
1222 2564 1248 2592 a
1270 2551 1526 2592 Natiuitate
1540 2549 1730 2590 Domini
1753 2548 1870 2588 1555.

767 2624 819 2665 T.
844 2624 897 2665 R.
922 2624 971 2665 Ρ.
995 2635 1176 2675 seruus,

825 2717 1063 2772 Io[ANNEs]
1096 2719 1337 2760 ANTomus
1368 2717 1657 2758 VIPERANUS.

287 2859 296 2879 ¹
337 2859 513 2886 PorANcus
528 2859 656 2886 delevit
673 2859 779 2885 verba
792 2857 900 2892 plura
917 2857 995 2890 tibi,
1009 2861 1043 2883 et
1059 2863 1178 2883 eorum
1193 2856 1266 2882 loco
1281 2854 1421 2889 scripsit
1437 2853 1587 2881 similia.

286 2906 300 2925 ⁴²
338 2906 524 2938 POLANcus.
542 2908 590 2933 ut.

286 2954 300 2974 δ
339 2954 514 2980 POLANcus
537 2954 666 2981 delevit
682 2954 789 2981 verba
804 2952 857 2979 De
872 2952 1055 2985 Prolegati
1075 2959 1180 2986 usque
1202 2951 1244 2979 ad
1265 2953 1397 2985 quippe
1421 2950 1493 2983 qui,
1515 2952 1548 2988 et
1568 2948 1654 2975 haec
1678 2944 1870 2973 substituit:

242 3002 362 3029 Totius
377 3002 539 3028 ciuitatis
554 3002 671 3028 animi
685 3009 769 3034 erga
786 3008 846 3027 nos
862 3000 1024 3027 beneuolz·
1035 3000 1220 3032 videntum·
1236 3006 1298 3026 uec
1314 2999 1461 3029 mirum,
1476 2997 1608 3030 quippe
1623 3001 1739 3022 cum...
