2047 3179
867 128 948 164 Ax.
982 128 1070 165 1555
1715 123 1786 162 587

155 229 451 271 Societatem.
488 227 609 268 Rodus
638 227 686 268 Ρ.
711 226 844 266 Prior
887 225 894 243 ¹
935 225 1137 275 incoepit
1179 225 1355 275 aliquot
1396 223 1602 263 redditus
1623 234 1706 273 pro
1728 223 1785 262 iis

155 312 447 352 comparare,
481 300 557 351 qui
580 299 635 339 de
671 297 902 339 Societate
925 297 983 336 ad
1001 307 1085 335 nos
1108 296 1292 335 venturi
1314 303 1434 334 sunt.
1469 294 1571 345 Ipse
1599 305 1784 345 quoque

156 371 355 412 Senatus
376 371 642 412 ostenderet
662 368 883 410 Societati
905 378 1089 407 omnem
1107 365 1496 415 benevolentiam,
1521 365 1560 404 si
1582 364 1784 404 Societa-

157 443 216 483 tis
232 443 307 483 hic
331 443 475 494 aliqui
495 448 664 482 essent.

237 513 508 553 Praeteritis
536 514 636 553 istis
665 511 901 552 mensibus
932 510 1238 561 plurimorum
1267 507 1423 547 audiui
1451 506 1785 555 confessiones,

157 585 276 624 inter
299 596 414 636 quos
435 584 622 624 fuerunt
644 583 721 635 qui
746 582 792 622 18
815 581 949 622 annis
970 592 1062 620 non
1085 586 1218 619 erant
1239 579 1356 618 bene
1384 577 1600 617 confessi:
1625 577 1785 616 habui·

158 667 259 695 mus
296 655 435 695 etiam
466 638 610 694 unum
645 653 1026 694 concionatorem
1062 649 1372 698 haereticum,
1399 649 1551 688 virum
1579 648 1782 697 doctum,

157 726 234 778 qui
255 727 502 777 plusquam
522 725 574 765 20
595 726 729 765 annis
751 723 1000 764 haereticis
1023 721 1325 770 cohabitauit,
1345 727 1388 760 et
1408 720 1520 771 ipsis
1538 719 1788 759 conciona-

156 805 230 836 tus
251 803 335 847 est,
360 797 438 848 qui
460 797 553 836 iam
574 808 632 836 ex
653 802 750 836 toto
782 794 922 835 corde
960 793 1018 833 ad
1053 792 1227 833 Christi
1250 792 1499 831 ecclesiam
1530 801 1788 829 conuersus

157 874 246 918 est,
280 868 578 918 maximaque
609 866 887 907 contritione
920 863 1074 905 cordis
1106 863 1177 903 sui
1212 863 1471 902 detestatus
1507 868 1577 900 est
1604 872 1790 900 omnem

137 945 316 988 ,actam
336 938 382 977 in
417 938 505 978 hac
537 938 697 977 schola
730 938 903 977 malam
937 947 1072 976 suam
1103 934 1264 982 vitam,
1303 934 1366 973 ita
1401 939 1451 972 ut
1487 932 1701 972 omnibus
1731 932 1791 971 sit

161 1010 374 1060 exemplo
392 1017 436 1048 et
465 1009 778 1049 admirationi:
810 1007 1093 1059 generaliter
1124 1013 1193 1045 est
1221 1005 1353 1044 nobis
1390 1004 1645 1052 confessus,
1670 1008 1714 1042 et
1732 1014 1792 1042 ex

161 1080 302 1120 corde
325 1080 383 1120 ad
401 1080 653 1120 Dominum
675 1090 946 1119 conuersus.
973 1077 1089 1117 Puto
1112 1075 1238 1128 quod
1257 1081 1415 1115 noster
1437 1074 1697 1125 Episcopus
1718 1072 1731 1091 ‘²
1751 1074 1792 1112 ei

166 1152 259 1192 iam
279 1151 536 1203 prouiderit
556 1158 602 1190 vt
625 1151 817 1201 incipiat
839 1148 1082 1189 catholicis
1105 1147 1395 1199 praedicare.

242 1222 440 1273 Quidam
462 1221 818 1261 sacramentarii
840 1221 914 1260 hic
931 1219 1071 1271 capti,
1098 1219 1216 1258 inter
1256 1228 1373 1269 quos
1406 1223 1475 1256 est
1509 1216 1582 1256 vir
1604 1215 1794 1267 quidam

162 1294 209 1334 in
230 1293 524 1332 naturalibus
546 1293 798 1332 admodum
819 1291 1044 1341 eruditus,
1069 1290 1149 1341 qui
1169 1290 1340 1329 multos
1362 1288 1450 1327 sibi
1472 1287 1612 1326 habet
1629 1286 1794 1326 cohae-

161 1371 331 1413 rentes,
356 1364 497 1403 etiam
520 1376 577 1403 ex
598 1362 917 1414 superioribus
939 1361 1157 1410 ciuitatis,
1183 1360 1335 1411 ipsum
1358 1358 1675 1399 defendentes.
1704 1357 1794 1397 Hic

161 1436 310 1476 voluit
331 1442 381 1474 Vt
397 1435 583 1486 publica
602 1434 854 1485 disputatio
872 1433 1000 1473 fieret
1019 1431 1073 1472 de
1091 1431 1363 1471 Venerabili
1380 1429 1687 1470 Sacramento
1706 1428 1793 1468 Eu-

163 1506 430 1547 charistiae:
454 1506 536 1545 sed
562 1505 688 1545 facta
721 1517 816 1544 non
837 1511 907 1543 est
937 1503 1057 1543 sicut
1078 1502 1238 1542 voluit.
1277 1501 1327 1542 In
1348 1501 1582 1541 vacantiis
1617 1506 1687 1540 est
1717 1500 1794 1539 hic

163 1589 278 1628 mos,
302 1577 419 1617 Vtin
439 1577 599 1617 schola
632 1576 955 1626 theologorum
990 1573 1260 1614 baccalauri
1290 1572 1399 1612 dent
1436 1584 1546 1612 suas
1583 1571 1794 1623 proposi-

165 1649 336 1699 tiones,
379 1660 495 1700 quas
534 1653 706 1687 statuto
747 1646 820 1686 die
856 1645 1105 1686 defendere
1151 1644 1311 1684 velint.
1350 1643 1597 1684 Confrater
1635 1648 1797 1682 noster

166 1720 226 1760 M.
262 1720 466 1773 Joannes
497 1720 552 1759 de
582 1718 792 1759 Cathena
828 1717 1194 1768 disputationem
1230 1715 1390 1755 habuit
1434 1714 1490 1754 de
1526 1713 1797 1754 Venerabili

166 1789 472 1832 Sacramento
495 1789 834 1838 Eucharistiae,
858 1798 1124 1838 magnaque
1156 1798 1262 1826 cum
1296 1786 1452 1837 gratia
1490 1785 1703 1825 omnibus
1725 1796 1797 1824 sa-

166 1862 352 1912 tisfecit,
377 1863 441 1902 ita
463 1868 512 1901 vt
533 1873 626 1900 non
647 1866 769 1900 esset
789 1859 866 1910 qui
888 1871 980 1898 non
1007 1857 1359 1898 commendaret
1387 1856 1485 1896 eius
1515 1855 1796 1895 modestiam

167 1940 212 1974 et
233 1933 497 1974 doctrinam
517 1932 563 1972 in
598 1929 939 1982 respondendo:
972 1941 1056 1969 sua
1092 1928 1246 1969 studia
1283 1928 1522 1967 continuat
1558 1933 1602 1966 et
1637 1926 1800 1966 diebus

168 2004 413 2045 dominicis
441 2003 766 2043 concionatur.

245 2074 495 2116 Adfuimus
516 2074 656 2114 etiam
677 2072 872 2113 infirmis
897 2071 1066 2121 vocati,
1092 2082 1291 2123 quorum
1321 2069 1642 2109 confessiones
1671 2067 1799 2107 audi-

170 2148 336 2195 uimus,
369 2157 543 2197 eosque
564 2145 611 2184 in
647 2144 849 2184 Domino
885 2143 1116 2183 consolati
1150 2153 1323 2188 sumus,
1362 2152 1419 2180 ex
1457 2139 1624 2191 quibus
1659 2138 1803 2189 aliqui

171 2218 434 2268 migrarunt
467 2215 526 2256 ad
548 2215 818 2265 Dominum,
850 2214 992 2265 aliqui
1026 2214 1343 2262 reualuerunt,
1376 2218 1420 2251 et
1441 2211 1589 2250 vitam
1624 2221 1682 2250 ex
1702 2215 1801 2249 toto

171 2289 411 2339 corrigere
433 2287 633 2327 student.
675 2286 832 2326 Vicini
862 2285 1012 2325 nostri
1047 2285 1091 2324 in
1114 2295 1277 2324 eorum
1310 2283 1433 2322 bona
1464 2281 1804 2322 consuetudine

172 2358 422 2400 confitendi
443 2358 640 2408 singulis
657 2356 1024 2405 hebdomadibus
1046 2356 1189 2395 semel
1211 2359 1530 2406 perseuerant,
1570 2364 1676 2393 cum
1709 2363 1802 2392 ma-

172 2437 242 2471 tre
264 2430 324 2470 M.
354 2429 550 2482 Joannis
577 2427 696 2468 Redt
732 2427 759 2467 ⁵.
798 2426 1064 2478 Aliquando
1101 2426 1242 2465 etiam
1274 2424 1578 2464 concionatus
1613 2434 1729 2474 sum,
1761 2428 1805 2462 et

173 2500 394 2541 studiosis
417 2499 723 2539 christianam
744 2497 1008 2538 doctrinam
1029 2497 1303 2548 praelegere
1324 2494 1522 2545 incoepi.

248 2570 480 2610 Dominus
501 2570 676 2620 dirigat
696 2580 890 2620 gressus
912 2574 1098 2608 nostros
1120 2567 1167 2606 in
1194 2577 1280 2606 sua
1313 2564 1607 2616 beneplacita
1644 2564 1805 2604 volun-

146 2660 148 2663 *
172 2649 283 2692 tate,
309 2649 358 2681 vt
380 2642 425 2681 in
444 2642 543 2681 dies
560 2642 663 2692 plus
679 2640 859 2680 fructus
876 2638 1079 2678 Domino
1097 2637 1282 2677 adferre
1302 2637 1560 2686 valeamus,
1585 2642 1629 2675 et
1646 2641 1696 2675 vt
1716 2635 1806 2676 hoc

229 2801 237 2820 ¹
280 2801 317 2828 P.
334 2801 508 2829 Germ-dus
524 2801 783 2828 Kalckbrenner
799 2799 1006 2833 (Hammont,
1024 2796 1534 2830 Ham1n0ntanus).Carthusiae
1549 2796 1656 2830 prior.

228 2850 241 2868 ‘-’
279 2849 423 2876 Adolfus
438 2848 486 2876 III
503 2857 534 2875 v.
552 2848 809 2880 Schauenburg.

229 2897 242 2916 ⁵
279 2896 329 2923 De
346 2896 421 2930 hoc,
437 2897 532 2931 cujus
547 2896 673 2923 mentio
688 2896 825 2929 saepius
841 2895 934 2922 facta
950 2898 1002 2921 est
1018 2893 1141 2927 fietque
1157 2896 1229 2920 tum
1244 2892 1278 2920 in
1292 2892 1345 2919 his
1359 2891 1510 2919 Litteris
1525 2896 1595 2920 tum
1611 2892 1642 2919 in
1658 2892 1811 2920 PoLANCi

179 2944 358 2978 chronico,
372 2945 471 2978 plura
487 2943 659 2978 congessit
675 2943 861 2975 HANSEN,1.
877 2949 918 2976 c.,
934 2949 1012 2976 pag.
1031 2941 1089 2975 161,
1103 2946 1217 2968 annot.
1235 2942 1262 2968 1.
