2047 3179
902 150 984 187 AN.
1017 149 1108 187 1554
1750 152 1816 187 1613

181 254 228 291 la
249 258 375 292 terra
397 251 466 291 sia
489 250 640 290 uscito
660 248 690 288 il
718 259 867 288 suono
886 252 929 287 et
958 245 1216 286 rimbombo
1239 247 1353 295 loro,
1378 246 1485 285 altri
1504 246 1638 296 padri
1658 253 1701 286 et
1723 248 1811 287 sra-

185 323 279 362 16111
302 323 379 373 piu
400 321 596 371 antichi,
621 319 723 360 cioe
751 318 800 358 Ρ.
824 317 993 357 Daniel
1017 315 1041 367 ¹,
1067 316 1115 356 P.
1140 316 1295 356 Pietro
1318 317 1524 357 Uenosto
1553 323 1597 356 et
1632 317 1692 357 M.
1720 318 1812 358 An-

177 394 289 444 gelo
329 392 569 439 Pollicino,
611 389 862 441 predicano
902 388 948 427 di
976 387 1222 432 continuo,
1249 387 1509 438 parimente
1540 388 1580 427 16
1615 387 1730 427 16516
1766 390 1812 428 111

187 464 361 504 diuersi
394 461 668 503 monasterii
697 471 784 500 con
808 460 1046 509 singulare
1080 458 1223 498 frutto
1245 458 1362 498 delle
1393 459 1613 509 religiose
1650 459 1737 499 che
1768 461 1814 499 ui

188 547 301 575 sono
334 541 378 574 et
400 534 572 581 odeno,
597 538 641 573 et
668 531 857 573 riforma
883 529 989 570 delli
1011 530 1080 569 lor
1103 530 1323 579 costumi‚
1350 529 1445 569 uita
1468 537 1512 570 et
1544 531 1641 570 uoti
1673 531 1744 570 ch’
1771 533 1814 570 31

189 605 387 656 Signore
409 606 566 644 hanno
587 613 842 656 promesso.

265 676 308 717 A
327 682 490 728 questo
512 675 648 716 modo
670 676 705 714 s'
729 673 917 714 attende
951 684 1035 724 per
1066 672 1176 723 ogni
1197 672 1335 712 modo
1359 680 1402 712 et
1435 684 1572 713 uerso
1594 674 1814 724 possibile

185 759 269 798 per
291 747 441 787 uerita
469 754 512 786 et
546 758 659 786 uera
696 744 945 785 occasione
975 755 1002 783 a
1033 744 1312 783 annuntiare
1346 744 1429 793 x.⁰‚
1467 756 1559 783 non
1594 746 1693 785 solo
1716 757 1773 785 ne
1805 747 1816 785 i

186 818 340 869 giorni
362 818 408 858 di
428 818 571 867 festa,
596 828 670 857 ma
693 815 912 856 etiamdio
944 814 1139 866 profesti
1161 820 1205 854 et
1226 814 1401 862 feriali,
1427 816 1756 856 conciosiache
1786 817 1815 856 il

186 889 336 930 Padre
357 888 463 929 Don
484 888 629 929 Paulo
652 888 811 928 Rettor
835 892 995 926 nostro
1018 885 1030 903 ²
1048 887 1169 926 nella
1191 886 1349 926 chiesa
1378 887 1407 926 il
1432 898 1601 927 uenere
1618 887 1814 939 insegna

179 967 229 1001 -et
250 961 441 1012 predica
462 961 506 1000 la
527 959 730 1000 dottrina
752 958 1007 998 christiana
1026 969 1114 997 con
1136 969 1366 997 concorso
1384 958 1440 997 de
1456 959 1587 998 molti
1602 970 1697 998 non
1715 960 1815 1000 solo

179 1032 358 1072 vscolari
379 1032 498 1071 dello
520 1031 672 1071 studio
694 1030 926 1080 generale,
948 1041 1024 1068 ma
1045 1028 1088 1068 d'
1109 1030 1226 1068 altre
1247 1040 1445 1080 persone
1468 1028 1510 1068 d'
1532 1029 1642 1081 ogni
1661 1032 1817 1072 condi-

188 1103 326 1143 tione.
353 1102 412 1143 Di
433 1108 563 1142 tanta
586 1107 631 1141 et
651 1107 728 1141 tan
752 1100 941 1141 assidua
963 1099 1188 1139 instantia
1205 1100 1290 1139 che
1309 1100 1427 1140 colla
1446 1101 1765 1151 predicatione
1788 1103 1817 1143 il

186 1174 383 1225 Signore
405 1180 567 1213 nostro
590 1173 636 1213 fa
671 1173 717 1212 in
738 1179 901 1223 questa
936 1171 1049 1211 61113
1082 1183 1164 1222 per
1197 1172 1210 1210 i
1231 1171 1334 1211 suoi
1369 1172 1570 1213 ministri
1592 1173 1712 1213 della
1734 1186 1817 1215 soa

187 1245 477 1297 Compagnia
500 1251 766 1296 opportuna
783 1249 827 1283 et
843 1243 1289 1294 importunamente‚
1309 1254 1424 1283 sono
1442 1245 1693 1285 commossi
1709 1248 1819 1285 mol-

188 1317 221 1356 ti
244 1317 483 1367 peccatori
504 1326 844 1366 accorgersene
874 1314 948 1354 del
973 1313 1203 1365 profondo
1225 1314 1342 1354 delle
1364 1315 1446 1354 lor'
1476 1317 1818 1368 scelleratezze,

187 1388 306 1428 nelle
328 1388 454 1440 quali
475 1387 623 1428 orm-ai
639 1398 752 1427 eran
769 1385 1028 1434 sommersi,
1045 1391 1089 1425 et
1105 1386 1315 1437 risorger
1335 1397 1416 1436 per
1434 1398 1547 1427 uera
1564 1389 1820 1438 penitentia

189 1466 232 1500 et
250 1459 533 1500 confession’
548 1459 654 1499 delli
670 1459 740 1498 lor
757 1458 952 1510 peccati,
972 1457 1047 1497 nei
1063 1457 1187 1509 quali
1203 1469 1260 1497 ue
1278 1459 1321 1497 n'
1342 1470 1486 1498 erano
1505 1459 1657 1499 alcuni
1676 1459 1735 1500 da
1756 1460 1818 1511 10,

189 1531 376 1571 altricia
395 1530 449 1571 20
476 1531 586 1570 anni
606 1529 830 1581 giammai
850 1528 1118 1579 confessati,
1149 1534 1194 1568 et
1215 1529 1367 1580 questi
1399 1529 1716 1571 incontinente
1747 1544 1820 1572 co—

187 1602 447 1642 minciorno
468 1602 513 1641 la
534 1602 603 1641 lor
624 1600 877 1652 penitentia
912 1600 1014 1640 coll'
1040 1611 1180 1651 opere
1208 1600 1545 1651 dimonstrare,
1568 1603 1817 1653 percioche

190 1674 347 1714 alcuni
368 1674 454 1725 che
488 1673 516 1712 l'
556 1672 695 1712 altrui
730 1672 873 1712 robba
907 1683 989 1723 per
1023 1670 1186 1711 fraude
1221 1673 1489 1722 usurpatosi
1507 1679 1552 1712 et
1587 1681 1821 1715 rettenuto

189 1745 453 1794 haueuano,
476 1744 503 1784 l’
528 1745 622 1784 han
643 1743 872 1783 restituito
890 1749 934 1783 et
952 1754 1056 1783 reso
1075 1743 1133 1783 ad
1152 1743 1359 1793 ogniuno
1378 1743 1408 1783 il
1430 1755 1529 1795 suo,
1548 1746 1622 1785 nel
1645 1747 1720 1786 cui
1741 1759 1822 1787 nu-

181 1828 315 1856 mero
337 1828 428 1855 uno
446 1819 470 1855 e
487 1822 610 1855 stato
632 1814 719 1854 che
741 1820 876 1854 cento
898 1813 1031 1854 scudi
1053 1825 1278 1865 appresso
1301 1815 1344 1854 al
1365 1815 1521 1865 giusto
1546 1817 1755 1868 padrone
1777 1826 1822 1858 et

187 1899 459 1939 possessore
480 1886 678 1926 restitui.

266 1958 403 2007 Altri,
427 1958 441 1997 i
462 1957 602 2009 qualli
640 1968 729 1997 con
758 1957 799 1996 le
820 1957 890 1996 lor
913 1957 1170 1997 concubine
1206 1956 1266 1996 da
1302 1958 1444 2008 lungo
1476 1964 1633 2010 tempo
1656 1959 1822 2001 inuolti

188 2031 437 2079 iaceuano,
462 2029 501 2068 si
530 2030 629 2068 son’
655 2028 928 2079 suiluppati‚
953 2034 998 2068 et
1019 2039 1100 2079 per
1123 2028 1147 2067 l’
1184 2027 1313 2068 Iddio
1334 2029 1489 2079 gratia
1526 2036 1571 2069 et
1600 2031 1645 2070 la
1666 2043 1822 2072 53613-

189 2102 391 2142 mentale
414 2100 709 2140 confessione
748 2099 852 2139 fatti
886 2099 1045 2139 mondi
1075 2106 1118 2139 et
1146 2099 1274 2139 netti.
1313 2099 1371 2139 Et
1392 2111 1476 2151 per
1511 2101 1597 2141 che
1625 2104 1823 2144 sarebbe

189 2174 331 2223 longo
355 2184 380 2212 a
403 2172 501 2212 dire
524 2172 564 2211 le
586 2183 725 2222 opere
760 2171 1046 2222 particolari‚
1085 2171 1209 2221 quali
1239 2182 1323 2221 per
1358 2183 1516 2212 mezzo
1553 2172 1659 2213 delli
1687 2175 1824 2225 padri

185 2243 451 2284 >confessori
472 2243 502 2282 il
523 2241 722 2293 Signore
743 2243 778 2281 s'
803 2245 827 2281 e
854 2241 1057 2292 degnato
1092 2241 1215 2291 fare,
1250 2242 1296 2281 in
1318 2244 1634 2284 annomerarli
1657 2245 1699 2285 d’
1730 2257 1823 2287 una

191 2315 238 2354 in
260 2326 352 2354 una
379 2326 472 2353 non
507 2314 569 2353 mi
597 2312 829 2352 accadera
857 2313 1118 2362 dimorare‚
1153 2324 1228 2352 ma
1263 2313 1459 2353 ridurmi
1487 2315 1576 2355 alle
1598 2316 1678 2366 piu
1701 2328 1824 2358 com-

191 2386 319 2426 muni
340 2392 384 2425 et
404 2385 628 2435 generali,
654 2384 710 2424 de
731 2384 857 2435 quali
878 2384 1030 2435 quella
1052 2396 1146 2423 non
1174 2387 1198 2423 e
1219 2383 1277 2424 da
1302 2390 1459 2425 tacere
1493 2392 1537 2425 et
1572 2387 1739 2428 lassar'
1764 2389 1823 2430 da

188 2458 292 2498 -dire
313 2457 578 2508 qualmente
599 2456 674 2495 nel
694 2455 863 2506 giorno
895 2454 998 2495 dell’
1023 2455 1310 2495 Assuntione
1332 2455 1452 2496 della
1480 2456 1592 2497 ΒΜ
1616 2458 1824 2511 Vergine

188 2529 233 2569 51
253 2530 352 2568 5011’
377 2526 630 2568 60111655311
652 2531 696 2565 61
717 2526 1048 2566 communicati
1067 2527 1191 2566 nella
1213 2526 1373 2566 chiesa
1394 2533 1556 2569 nostra
1584 2529 1825 2581 duggento

194 2611 393 2652 persone
410 2610 499 2639 con
515 2597 809 2638 edificatione
826 2597 1005 2648 grande
1023 2597 1068 2637 di
1086 2599 1226 2638 molte
1240 2598 1356 2638 altre
1373 2599 1517 2651 genti,
1535 2600 1609 2640 ch'
1629 2601 1673 2641 al
1689 2613 1826 2644 meno

189 2672 240 2712 di
261 2676 392 2712 tanta
414 2669 648 2710 deuotion'
665 2675 709 2709 et
731 2669 854 2708 buon
875 2668 990 2709 odor
1011 2669 1057 2708 di
1078 2669 1186 2720 quei
1207 2669 1363 2710 deuoti
1383 2682 1442 2711 ne
1460 2682 1576 2712 sono
1595 2673 1706 2714 stati
1723 2685 1829 2726 par-

190 2742 335 2794 tecipi
356 2747 401 2782 et
421 2742 465 2782 al
486 2740 702 2781 imitarne
724 2740 865 2791 spinti
886 2746 930 2780 et
951 2740 1110 2780 mossi.

253 2927 263 2946 ¹
303 2926 340 2954 P.
356 2926 478 2953 Daniel
494 2926 730 2961 Paeybroeck.

251 2973 266 2993 ²
302 2973 337 3001 P.
354 2973 481 3001 Paulus
496 2973 692 3000 d'Achillis.
