2047 3179
174 122 241 160 184
688 125 916 162 LITTERAE
934 137 1296 169 QUADRIMESTRES

170 220 275 260 nell'
300 220 430 260 udire
452 220 750 272 confessioni,
771 224 1130 264 accrescendosi
1147 225 1346 264 tuttauia
1364 225 1392 263 il
1411 236 1604 264 numero
1625 224 1671 264 di
1688 226 1809 276 quel-

172 291 228 340 16,
253 297 555 344 quantunque
579 298 709 332 tanto
746 293 791 333 in
826 305 929 333 esse
958 300 1133 346 quanto
1156 296 1231 334 nel
1253 293 1471 335 Sanct.mo
1493 294 1624 335 Sacr.
1649 298 1683 322 ‘0
1705 295 1808 336 dell’

174 362 473 403 Eucharistia
504 364 544 403 le
573 365 724 404 donne
754 365 956 405 uincano
992 365 1022 405 li
1052 365 1274 417 huomini,
1306 366 1336 406 li
1371 366 1497 417 quali
1524 367 1655 407 multi
1679 378 1809 407 sono:

172 433 291 474 doue
312 445 405 474 una
427 441 556 474 certa
579 435 733 475 donna
756 436 799 475 la
822 437 958 487 quale
988 437 1032 476 ia
1064 443 1134 476 tre
1166 437 1276 476 anni
1304 448 1420 476 sono
1452 437 1612 477 soleua
1636 436 1812 478 andare

173 504 231 544 da
267 505 383 545 certi
412 504 551 546 Padri
578 512 623 546 et
651 519 677 546 a
709 507 848 557 quelli
881 507 1180 557 confessarsi,
1215 519 1297 558 per
1324 508 1368 547 13
1398 507 1661 559 frequentia
1684 521 1710 548 o
1731 520 1813 561 per

172 587 305 616 amor
325 577 404 628 piu
425 584 582 628 presto
605 577 660 617 de
684 577 968 618 confessioni
987 578 1042 618 de
1059 579 1207 618 nostri
1228 578 1368 618 Padri
1390 591 1484 618 non
1501 580 1630 620 uolse
1648 592 1675 620 3
1691 581 1813 631 quel-

172 648 203 686 li
228 648 475 688 ritornare:
512 655 555 688 et
589 656 891 701 quantunque
919 650 978 689 da
1009 656 1172 701 questa
1204 650 1378 701 partita
1413 649 1538 691 fosse
1570 657 1693 691 stata
1726 651 1815 691 dis—

172 729 327 769 suasa,
351 731 444 759 non
467 731 549 771 per
569 727 733 771 questo
755 721 814 760 ha
837 728 1056 761 mancato
1079 720 1126 760 di
1147 721 1308 760 uenire
1330 720 1536 762 etiandio
1560 722 1671 773 ogni
1693 722 1817 773 gior-

171 801 230 830 no
255 803 281 830 a
302 791 407 831 udir
428 802 582 832 messa
605 792 651 831 in
674 792 834 832 chiesa
856 798 1035 842 nostra,
1061 791 1180 832 doue
1203 803 1364 844 spesse
1385 793 1513 833 uolte
1535 793 1575 833 si
1599 793 1816 834 confessa

172 868 217 901 et
239 863 548 902 communica.

250 932 339 973 Per
359 934 390 973 il
411 934 498 974 che
526 934 729 974 delibero
766 941 926 975 nostro
960 935 1009 976 Ρ.
1039 935 1232 976 Rettore
1262 935 1364 975 fare
1394 936 1560 976 alcune
1594 935 1817 987 prediche

172 1004 244 1044 del
265 1004 520 1045 Santisimo
543 1004 849 1046 Sacramento
872 1013 916 1046 et
935 1006 1260 1047 demonstrare
1278 1012 1455 1058 quanto
1471 1006 1616 1047 frutto
1635 1008 1817 1059 acquis-

173 1082 283 1116 tano
305 1076 441 1128 quelli
458 1077 488 1116 li
506 1077 630 1128 quali
650 1083 924 1128 puramente
946 1078 977 1117 il
998 1078 1221 1130 pignano,
1246 1078 1277 1118 11
1299 1077 1383 1118 6116
1406 1089 1488 1130 per
1509 1079 1552 1118 13
1569 1078 1726 1129 gratia
1744 1079 1817 1119 del

173 1146 372 1198 Signore
392 1147 507 1197 fece,
533 1149 901 1189 incomensando
933 1149 1010 1189 dal
1045 1149 1213 1200 giorno
1245 1149 1330 1189 che
1362 1149 1402 1190 si
1423 1149 1609 1190 celebra
1632 1151 1675 1190 la
1697 1149 1815 1190 festa

172 1218 244 1259 del
265 1218 519 1260 Santisimo
542 1219 696 1272 Corpo
718 1220 791 1261 del
812 1220 1026 1272 Signore,
1052 1221 1137 1261 che
1159 1221 1207 1261 fu
1230 1221 1289 1261 da
1305 1221 1357 1261 24
1378 1221 1435 1262 de
1451 1221 1645 1273 Maggio
1663 1222 1818 1262 insino

172 1304 197 1330 3
219 1291 271 1330 25
292 1291 348 1331 de
368 1291 507 1344 Julio,
532 1292 651 1332 nelle
678 1292 803 1343 quali
833 1292 1014 1343 grande
1042 1292 1364 1332 consolatione
1392 1293 1596 1333 hebbero
1629 1293 1658 1333 li
1689 1293 1817 1334 audi-

174 1362 277 1402 tori:
311 1374 386 1402 ma
423 1362 499 1402 chi
526 1363 722 1403 sarebbe
752 1369 874 1419 stato
906 1364 1058 1415 quello
1089 1363 1119 1403 il
1151 1364 1289 1415 quale
1320 1375 1415 1404 non
1445 1364 1484 1404 si
1506 1364 1630 1405 fosse
1654 1376 1814 1405 mosso

178 1434 301 1473 dalla
323 1434 513 1474 dolceza
536 1434 592 1474 de
616 1440 746 1474 tanto
777 1434 974 1475 sublime
996 1435 1224 1475 misterio?
1253 1436 1566 1487 supragionse
1597 1436 1689 1476 alla
1709 1447 1812 1488 pro-

170 1505 358 1545 batione
380 1505 501 1545 della
522 1505 674 1546 uerita
704 1505 750 1546 di
781 1506 932 1557 quello
964 1507 1039 1546 un'
1066 1506 1338 1547 incredibile
1369 1507 1506 1559 copia
1537 1507 1594 1548 de
1615 1507 1822 1548 autorita

169 1583 213 1616 et
235 1577 478 1627 sententie,
504 1582 635 1618 tanto
658 1577 714 1617 de
735 1577 972 1629 Propheti,
1006 1577 1238 1630 Apostoli,
1277 1584 1322 1619 et
1352 1578 1473 1619 della
1494 1577 1640 1620 Sacra
1663 1578 1818 1631 Serip-

170 1654 291 1696 tura,
329 1654 506 1700 quanto
540 1649 749 1689 anchora
785 1649 906 1689 della
940 1648 1204 1701 frequentia
1234 1649 1291 1690 de
1320 1649 1483 1691 Sancti
1511 1649 1666 1691 Padri:
1692 1650 1812 1691 doue

170 1720 326 1760 alcuni
342 1719 586 1771 diceuano,
612 1720 715 1760 dell’
746 1721 897 1761 alteza
919 1721 993 1761 del
1015 1720 1297 1762 Santissimo
1319 1721 1627 1763 Sacramento
1649 1722 1814 1763 1131161·-

168 1803 225 1831 116
247 1791 458 1832 riceuuto
480 1797 610 1831 tanta
633 1792 917 1843 cognitione,
951 1793 1037 1833 che
1064 1793 1324 1834 facceuano
1346 1794 1684 1846 marauigliare
1707 1795 1818 1846 qual

166 1863 205 1902 si
222 1863 382 1914 uoglia
399 1875 600 1914 persona
618 1863 705 1904 che
722 1875 831 1904 seco
849 1864 905 1904 de
924 1865 1062 1905 simili
1080 1876 1223 1906 cuose
1240 1866 1718 1918 parlassen03perche
1737 1878 1815 1906 no—

166 1941 263 1974 stro
287 1934 437 1974 Padre
458 1934 744 1986 predicando
769 1936 814 1975 13
835 1936 1074 1986 grandeza
1096 1936 1140 1977 di
1162 1938 1315 1989 quello
1337 1937 1384 1978 in
1401 1938 1466 1978 tal
1487 1937 1659 1978 muodo
1683 1938 1728 1978 13
1751 1937 1817 1978 (11-

166 2006 405 2056 chiaraua,
431 2006 516 2047 che
533 2019 626 2047 non
644 2008 901 2048 solamente
919 2009 960 2048 13
980 2009 1102 2049 (13113
1120 2022 1146 2049 3
1170 2010 1411 2065 intendere
1429 2022 1453 2051 3
1477 2012 1586 2062 ogn'
1611 2021 1718 2060 uno,
1741 2022 1816 2051 ma

166 2079 302 2130 quasi
322 2079 366 2119 13
387 2079 553 2120 faceua
576 2091 664 2120 con
685 2081 747 2131 gl'
769 2080 877 2121 ochi
898 2080 1084 2121 uedere:
1109 2082 1153 2121 13
1177 2082 1252 2122 6111
1272 2082 1400 2124 fama
1422 2086 1523 2124 cosi
1543 2095 1627 2135 per
1649 2083 1815 2123 Ferra-

169 2161 220 2189 13
251 2150 290 2190 si
325 2162 504 2202 sparse,
538 2152 624 2191 che
652 2152 759 2192 ueni
785 2153 860 2192 all’
892 2153 1078 2193 orechie
1107 2152 1147 2192 d‘
1176 2166 1238 2194 un
1266 2161 1397 2195 certo
1428 2154 1459 2194 il
1488 2154 1626 2206 quale
1661 2155 1814 2194 1131163

169 2228 414 2274 composto
451 2234 512 2262 un
541 2223 657 2263 libro
688 2223 808 2264 della
837 2235 992 2264 messa
1023 2231 1067 2265 et
1089 2226 1241 2277 quello
1271 2238 1365 2266 non
1387 2226 1595 2278 sapendo
1617 2226 1631 2266 i
1653 2226 1821 2277 luoghi

169 2306 250 2344 pei·
268 2294 298 2334 li
315 2294 440 2346 quali
457 2295 497 2334 si
513 2306 694 2346 pruoua
713 2294 1033 2336 ilSantissimo
1051 2296 1374 2348 Sacramento,
1395 2299 1611 2339 consulto
1629 2297 1675 2338 di
1694 2298 1819 2350 quel-

167 2366 197 2404 li
220 2371 381 2405 nostro
406 2365 555 2406 Padre
596 2368 639 2407 31
667 2368 802 2418 quale
831 2368 894 2408 lui
926 2368 1145 2409 satisfece
1174 2370 1253 2420 piu
1280 2369 1705 2410 abondantemente
1735 2370 1821 2409 che

170 2448 259 2476 con
282 2438 443 2478 lettere
464 2449 557 2478 non
579 2439 617 2478 si
640 2439 823 2490 puotria
846 2451 1056 2480 narrare.

250 2508 353 2548 Non
374 2509 413 2548 si
435 2510 715 2561 marauiglia
739 2509 784 2551 S.
818 2510 872 2551 R.
905 2510 953 2551 P.
977 2512 1016 2551 si
1039 2523 1130 2552 una
1152 2512 1324 2563 donna,
1349 2525 1432 2565 per
1453 2524 1610 2553 essere
1631 2512 1820 2564 priuata

171 2579 248 2618 dal
270 2590 354 2619 suo
377 2581 561 2631 marito,
588 2581 617 2621 il
639 2583 775 2632 quale
799 2583 973 2633 partito
996 2583 1054 2623 da
1076 2584 1137 2624 lei
1158 2595 1251 2624 non
1274 2585 1314 2624 si
1335 2595 1512 2636 sapeua
1535 2584 1655 2624 doue
1675 2583 1819 2633 fosse,

169 2651 214 2690 13
252 2651 389 2702 quale
411 2651 450 2691 si
471 2653 638 2692 11016113
670 2653 726 2692 (13
759 2665 916 2694 11110110
949 2655 1188 2706 maritare,
1223 2656 1293 2696 sia
1326 2661 1450 2696 stata
1483 2661 1708 2696 reuocata
1739 2667 1821 2706 per

170 2733 315 2772 opera
337 2729 381 2762 et
403 2723 603 2763 orationi
625 2723 667 2764 d‘
692 2736 784 2764 uno
802 2725 858 2765 de
879 2726 1029 2766 nostri
1046 2726 1187 2767 Padri
1202 2727 1522 2779 (quantunque
1544 2733 1709 2779 questo
1726 2738 1821 2766 non

171 2804 313 2833 senza
333 2793 514 2844 grande
536 2793 725 2845 fatiche)
749 2802 793 2835 et
817 2798 922 2847 quel
944 2797 1030 2838 che
1054 2798 1227 2849 peggio
1256 2810 1352 2849 era,
1377 2798 1408 2838 li
1430 2797 1770 2839 consentiuano
1791 2798 1822 2838 li

170 2864 369 2915 parenti:
394 2870 439 2905 et
459 2876 553 2905 non
588 2867 820 2917 possendo
857 2869 1010 2919 quella
1040 2880 1123 2920 per
1154 2869 1184 2909 il
1211 2869 1394 2921 grande
1422 2869 1612 2910 stimulo
1634 2869 1721 2909 che
1743 2869 1822 2910 ha-

171 2946 306 2987 ueua,
332 2935 379 2976 ni
400 2935 500 2976 fare
523 2937 737 2987 orationi,
764 2938 809 2977 ni
833 2939 1009 2979 andare
1032 2951 1059 2979 a
1080 2951 1236 2981 messa
1255 2949 1298 2981 et
1316 2941 1462 2981 diuini
1480 2939 1615 2991 offici,
1635 2940 1821 2992 adesso,
