2047 3179
221 157 292 195 294
741 159 967 197 LITTERAE
987 171 1347 203 QL'ADRIMEsTRES

219 255 317 294 lori
333 255 343 275 ¹
361 254 498 295 huius
519 256 662 307 urbis,
686 257 893 297 maximo
916 257 1121 297 omnium
1139 258 1367 307 applausu
1387 263 1430 295 ct
1450 256 1589 306 (quod
1604 257 1755 296 maius
1772 258 1857 307 est)

219 327 426 367 maxima
449 339 556 367 cum
574 328 796 379 utilitate3
826 328 884 368 ad
908 329 1040 368 cuius
1070 328 1345 367 concionem
1373 338 1536 367 omnes
1561 327 1658 367 fere
1687 328 1858 379 princi-

223 409 306 449 pes
327 398 533 438 ciuitatis
554 410 609 438 ac
626 398 945 439 honestissimi
963 399 1051 439 uiri
1072 398 1085 416 ²
1107 398 1420 449 confluebant,
1441 397 1533 450 qui,
1553 409 1696 449 aegre
1712 398 1859 438 feren—

220 476 291 509 tes
312 470 410 510 eius
430 469 769 522 profectionem
789 470 1079 510 Florentiam
1100 480 1285 520 uersus,
1310 481 1414 509 eam
1441 469 1667 520 impedire
1701 470 1860 510 conati

219 547 328 581 sunt
348 541 495 581 literis
515 541 575 581 ad
596 541 649 581 R.
674 541 723 582 Ρ.
742 541 893 581 Tuam
910 541 1077 590 missis,
1102 546 1150 580 ut
1173 551 1256 591 per
1274 552 1377 580 eam
1393 540 1554 580 liceret
1569 539 1758 580 Patrem
1769 541 1859 581 hac

221 612 586 664 quadragesima
608 613 682 653 hic
700 612 999 653 commorari.
1029 611 1120 652 Sed
1151 612 1291 662 longe
1312 611 1448 652 aliter
1469 618 1608 663 atque
1642 611 1732 663 ipsi
1759 623 1859 664 spe—

220 684 390 724 rabant
417 685 587 724 euenit:
617 684 818 735 receptis
854 683 976 724 enim
1011 682 1172 734 literis,
1207 683 1254 723 in
1288 682 1592 723 Germaniam
1621 682 1860 734 profectus

221 762 291 796 est
313 753 341 806 ³,
365 766 486 807 quae
506 767 582 796 res
617 756 847 796 minorem
868 754 957 795 illis
993 754 1148 795 attulit
1183 754 1407 805 dolorem,
1447 766 1586 806 quam
1608 754 1647 794 si
1672 754 1860 795 Floren-

219 826 335 866 tiam
356 827 531 877 iuisset,
557 839 664 868 cum
684 826 899 878 publicae
926 826 1141 866 utilitatis
1162 837 1307 866 causa
1340 825 1482 876 ducti,
1512 837 1651 877 quam
1677 825 1736 866 ad
1757 836 1858 876 ger-

220 909 387 938 manos
404 899 774 939 redundaturam
791 903 999 949 sperant,
1016 903 1116 938 tum
1129 897 1269 937 etiam
1287 896 1408 949 quod
1426 897 1662 937 malebant
1673 896 1861 937 Patrem

221 970 414 1010 Genuae
450 981 660 1020 manere,
700 980 841 1021 quam
873 968 1161 1009 Florentiam
1194 967 1208 986 ⁴
1232 967 1501 1020 proficisci,
1530 971 1732 1020 propter
1764 979 1861 1007 ma-

222 1053 374 1091 gnam
406 1040 634 1081 utilitatis
668 1045 816 1092 spem,
848 1051 989 1092 qnam
1023 1052 1087 1080 ex
1116 1039 1217 1080 eins
1258 1039 1505 1080 mansione
1535 1043 1858 1091 conceperant.

218 1112 488 1164 Antequam
509 1111 647 1152 Pater
670 1112 965 1163 decessisset,
1003 1111 1165 1152 habuit
1198 1111 1476 1152 concionem
1510 1111 1557 1151 in
1577 1111 1749 1162 templo
1781 1122 1859 1150 no-

218 1191 316 1224 stro
338 1184 397 1224 ad
419 1184 745 1233 scholasticos,
779 1183 855 1223 cui
875 1183 1141 1235 Episcopus
1163 1181 1176 1201 ⁵
1200 1182 1409 1223 interfuit
1430 1182 1654 1237 multique
1681 1181 1861 1222 nobiles

215 1255 360 1305 ciues,
386 1267 477 1307 qua
498 1255 643 1306 finita,
667 1255 928 1307 Episcopus
952 1266 1058 1295 cum
1078 1254 1217 1294 Patre
1237 1254 1285 1294 in
1301 1253 1553 1305 collegium
1569 1253 1697 1294 uenit
1719 1259 1860 1305 atque

216 1327 462 1367 nobiscum
483 1338 684 1378 pransus
706 1332 789 1366 est.
815 1325 953 1366 Pater
975 1326 1226 1376 collegium
1247 1325 1313 1365 illi
1330 1323 1693 1375 commendauit,
1719 1329 1859 1376 atque

222 1405 271 1438 ut
293 1398 446 1450 ipsum
466 1398 736 1450 frequenter
757 1397 982 1438 inuiseret
1011 1395 1322 1437 obsecravz·t⁶.
1361 1396 1488 1436 Tunc
1518 1396 1593 1436 ille
1627 1395 1860 1447 pollicitus

212 1477 287 1509 >est
310 1469 322 1487 ⁷
344 1481 394 1509 se
416 1469 676 1510 commodis
696 1469 871 1509 nostris
892 1480 1132 1520 nunquam
1167 1468 1448 1520 defuturum,
1473 1467 1513 1507 si
1542 1467 1688 1519 ipsius
1710 1478 1854 1518 opera

218 1541 287 1581 uti
304 1541 607 1581 uoluerimus.

296 1612 494 1663 Quidam
518 1624 664 1652 senex
679 1611 907 1664 princeps
929 1611 1140 1652 ciuitatis
1169 1610 1198 1662 ⁸,
1223 1610 1385 1662 grauis
1406 1610 1543 1650 simul
1564 1616 1608 1650 et
1639 1610 1768 1662 pius,
1793 1610 1857 1650 ita

212 1684 468 1724 tenerrime
484 1682 498 1702 ⁰
519 1683 709 1724 Patrem
731 1683 969 1735 diligebat,
994 1689 1043 1723 ut
1076 1682 1170 1723 etsi
1193 1681 1405 1734 cupiebat
1428 1680 1457 1700 ¹⁰
1479 1681 1775 1722 dissimulare
1806 1693 1856 1722 se

214 1755 368 1795 Patris
390 1754 652 1795 discessum
673 1755 867 1795 moleste
888 1754 1025 1806 ferre,
1051 1760 1191 1806 atque
1214 1753 1358 1794 animi
1395 1753 1604 1793 dolorem
1637 1754 1770 1793 uultu
1793 1758 1859 1792 te-

212 1838 340 1878 gere,
361 1833 405 1867 et
421 1827 744 1867 taciturnitate
761 1827 932 1877 celare,
952 1837 1049 1865 ecce
1066 1830 1224 1865 tamen
1241 1829 1470 1876 tanquam
1486 1836 1602 1876 puer
1618 1822 1643 1842 ¹¹
1660 1824 1707 1864 in
1724 1825 1859 1864 lacri-

213 1909 315 1938 mas
326 1898 609 1950 prorumpit
628 1903 655 1922 ¹²
672 1904 716 1938 et
734 1909 958 1948 amorem,
980 1909 1071 1949 quo
1089 1897 1242 1948 ipsum
1260 1896 1633 1948 amplexabatur,
1657 1895 1768 1936 fletu
1792 1901 1858 1935 at-

212 1981 302 2021 que
324 1970 607 2021 singultibus
643 1969 851 2009 indicare
876 1968 1071 2019 cogitur
1108 1966 1150 2008 ¹⁵.
1188 1967 1477 2008 Benedictus
1510 1967 1575 2007 sit
1595 1967 1745 2017 Dens,
1776 1977 1855 2018 qm

215 2041 327 2081 haec
348 2041 507 2081 omm'cz
531 2040 579 2080 in
602 2041 818 2081 omnibus
840 2043 1084 2092 operatur.

293 2113 376 2153 Est
397 2112 538 2153 etiam
559 2112 780 2164 frequens
802 2112 862 2152 ad
878 2123 964 2152 nos
982 2098 1305 2152 confitentium
1321 2121 1594 2160 concursus,
1615 2120 1748 2161 quos,
1768 2109 1857 2149 etsi

214 2184 318 2234 loci,
344 2184 391 2224 in
412 2196 503 2236 quo
526 2183 778 2234 collegium
805 2188 1022 2223 nostrum
1058 2182 1198 2222 situm
1228 2188 1313 2233 est,
1338 2180 1650 2222 commoditas
1670 2179 1859 2220 minime

270 2323 279 2341 ¹
319 2329 474 2348 summo.
494 2321 681 2347 Pomxcus.

268 2371 282 2388 “-’
320 2369 552 2396 honestissimi
568 2369 696 2402 quique
712 2368 791 2395 viri.
803 2367 852 2394 Id.

268 2417 282 2435 ⁵
318 2416 355 2444 In
377 2416 599 2444 Germaniam
623 2416 796 2450 profectus
811 2419 862 2442 est
888 2421 963 2442 cum
981 2413 1017 2441 Ρ,
1039 2413 1250 2448 Hieronymo
1265 2412 1382 2440 Natali
1407 2413 1440 2440 in
1462 2413 1627 2440 comitatu
1664 2412 1859 2439 Cardinalis

214 2465 365 2498 Morene.
380 2465 436 2499 qui
451 2472 470 2492 a
486 2465 575 2498 Julio
590 2464 636 2492 111
653 2464 696 2491 ad
713 2463 874 2491 Diaetam
889 2463 1134 2497 Augustanam
1150 2461 1334 2496 deputatus
1350 2465 1413 2488 est.
1428 2460 1517 2487 Vide
1529 2459 1725 2494 RAYNALm,
1740 2459 1859 2487 Anna-

221 2514 266 2539 ?es
284 2513 531 2545 ecclesiastici,
545 2512 623 2539 anni
640 2512 719 2545 1555,
734 2519 765 2539 n.
780 2511 837 2538 ΙΙΙ.

320 2559 536 2587 Florentiae.
551 2560 741 2587 POLANCUS.

319 2608 406 2635 Vide
425 2608 629 2640 Claronz‘con,
644 2612 668 2635 t.
686 2615 733 2642 IV,
750 2615 827 2642 pag.
843 2607 888 2641 33,
904 2611 1020 2635 annot.
1035 2607 1052 2633 3

323 2656 473 2688 rogauit.
490 2655 679 2682 PotANcus.

322 2704 378 2730 ille
394 2709 479 2730 vero
494 2703 668 2737 pollicitus
683 2707 751 2731 est.
769 2703 817 2731 Id.

318 2752 376 2778 vir
390 2752 593 2785 primarius
611 2752 646 2777 in
663 2752 824 2779 ciuitate.
842 2750 890 2778 Id.

322 2801 458 2827 tenere.
476 2798 525 2825 Id.

252 2848 280 2867 ¹⁰
320 2854 400 2874 cum
420 2846 535 2873 vellet.
552 2845 601 2873 Id.

252 2894 280 2915 ¹¹
320 2897 356 2921 ut
371 2899 462 2928 puer
478 2896 610 2920 tamen.
627 2894 674 2921 ld.

252 2942 280 2962 ¹2
318 2946 577 2976 prorumperet.
599 2942 642 2969 [(1.

251 2991 280 3010 13
319 2994 513 3022 ιη”,ξι-Ισίῖιι.
538 2991 569 3017 ld

266 2559 284 2818 tow-¹0:0¹*
