2047 3179
169 161 243 199 284
683 160 910 200 LITTERAE
937 172 1297 206 QUADRIMESTRES

173 258 371 298 fratrum
408 257 418 277 ¹
455 259 790 299 consuetudine
818 270 930 299 usus
965 271 1067 299 esse
1089 260 1287 310 uidetur,
1319 270 1438 311 quae
1467 264 1512 299 et
1538 259 1740 298 virtutes
1768 265 1813 299 et

173 329 439 370 doctrinam
460 330 772 382 pulcherrime
800 331 962 382 spirat.

255 401 480 452 Profecti
494 414 601 442 sum
621 401 826 442 Romam
853 401 960 441 lzinc
981 401 1308 452 supem’orzbus
1337 400 1576 441 menszbus
1606 403 1815 451 quatuor

172 473 402 523 germani
407 474 621 524 fratres,
648 477 700 514 ut
725 486 776 514 se
805 473 1057 513 Societatis
1089 472 1311 512 instituto
1342 470 1624 522 alligarent.
1659 471 1813 511 Faxit

175 544 432 595 Dominus,
453 549 506 585 ut
527 545 576 585 si
592 546 932 591 admittantur,
949 548 1047 584 tam
1069 543 1167 584 sint
1185 543 1471 595 pertinaces,
1493 553 1634 594 quam
1657 546 1710 582 ut
1732 543 1812 582 ad-

173 615 479 656 mitterentur
489 617 700 667 suerunt
720 615 921 657 solliciti
935 617 961 653 ².
988 614 1104 656 Sunt
1126 615 1203 666 qui
1224 626 1273 655 se
1295 613 1520 654 diuinitus
1544 613 1724 654 moueri
1753 614 1815 653 ad

175 685 426 728 Societatis
453 699 625 728 nomen
653 687 871 737 sentiant,
902 686 958 726 de
986 686 1154 738 quibus
1182 697 1265 726 suo
1296 691 1506 737 tempore
1538 684 1720 736 plenius
1749 684 1815 724 in—

178 758 380 809 telliges,
404 763 447 799 et
475 759 522 799 in
548 758 723 799 scholis
750 769 932 810 quoque
960 757 1280 798 certissimum
1311 757 1366 797 de
1394 768 1443 796 se
1460 757 1656 807 fratres
1672 760 1814 807 prae-

175 831 281 870 bent
301 830 643 881 testimonium,
663 830 894 882 siquidem
930 835 974 869 et
1000 841 1184 870 morum
1204 829 1401 881 pietate,
1434 834 1478 868 et
1505 828 1720 868 doctrina
1751 827 1815 867 iu—

174 907 343 942 uentus
364 908 478 951 tota,
502 913 622 954 quae
644 901 776 942 domi
793 905 988 941 nostrae
1008 900 1117 952 agit
1138 900 1151 919 ³
1169 902 1334 951 elucet,
1360 906 1404 940 et
1425 899 1646 949 omnium,
1670 898 1751 950 qui
1769 899 1816 938 in

170 973 423 1014 aduersam
443 973 723 1014 sententiam
744 972 943 1025 inerant,
968 974 1129 1013 oculos
1152 971 1441 1024 perstringit,
1466 983 1521 1011 ac
1543 971 1680 1011 simul
1699 968 1713 988 ⁴
1737 971 1815 1022 qui

173 1044 294 1085 filios
315 1044 650 1095 subduxerant,
674 1044 787 1085 facti
809 1045 961 1097 coepit
988 1044 1242 1096 poenitere,
1267 1049 1312 1084 et
1332 1042 1559 1095 paulatim
1587 1041 1817 1082 reducunt

174 1127 230 1156 ac
253 1116 495 1156 conciliari
516 1117 727 1157 nituntur
749 1115 777 1154 ⁵.
802 1116 866 1156 Et
880 1128 997 1156 sane
1017 1115 1176 1156 visum
1196 1118 1267 1155 est
1287 1115 1386 1154 Deo
1410 1113 1585 1165 optimo
1602 1111 1816 1153 maximo

176 1188 265 1228 Izac
286 1200 374 1228 uos
388 1188 605 1240 procella
625 1187 825 1239 eripere,
846 1191 899 1228 ut
919 1187 1055 1227 nulla
1076 1188 1132 1227 de
1152 1185 1352 1227 docendi
1374 1185 1590 1225 methodo
1621 1183 1672 1224 in
1699 1183 1818 1224 alte-

176 1271 282 1299 ram
297 1263 488 1311 partcm
510 1260 682 1300 mentio
704 1259 894 1300 omnino
914 1259 1018 1310 fiat.

258 1330 490 1382 Dialogus
513 1343 540 1371 a
561 1331 805 1383 discipulis
825 1331 872 1371 in
893 1330 1155 1371 studiorum
1181 1328 1391 1376 laudem,
1425 1338 1586 1368 coram
1615 1326 1750 1366 Rmo.
1773 1329 1818 1365 et

176 1402 336 1443 Illmo.
355 1401 607 1454 Prolegato
628 1400 658 1454 ⁶,
681 1408 849 1443 senatu
871 1408 915 1443 et
935 1400 1316 1454 frequentissima
1338 1399 1513 1440 ciuium
1532 1409 1723 1448 corona,
1743 1408 1818 1437 ca-

176 1474 326 1514 lendis
347 1473 625 1514 Nouembris
647 1474 884 1514 exhibitus
905 1479 988 1514 est.
1013 1473 1187 1513 Habita
1215 1477 1285 1512 est
1306 1470 1457 1511 oratio
1480 1469 1689 1510 eiusdem
1709 1479 1819 1520 pro-

179 1546 430 1599 pemodum
458 1545 739 1597 argumenti.
774 1544 910 1596 Quod
932 1544 990 1585 ad
1019 1544 1164 1584 diuini
1191 1542 1394 1583 nominis
1421 1541 1622 1593 gloriam
1656 1539 1817 1589 fuisse,

176 1629 425 1658 successus
456 1629 571 1658 sane
598 1616 928 1657 foelicissimus
955 1621 1154 1656 testatus
1182 1620 1265 1656 est.
1297 1613 1453 1666 Atque
1487 1611 1655 1653 deinde
1691 1610 1818 1651 hunc

177 1701 357 1729 morem
378 1688 524 1729 ferme
546 1688 924 1739 obseruauimUS,
948 1693 997 1727 ut
1019 1686 1355 1738 discipulorum
1376 1684 1543 1736 aliquis
1564 1681 1818 1723 identidem

176 1761 224 1801 in
257 1761 430 1812 templo
465 1766 626 1801 nostro
657 1760 960 1809 declamaret,
996 1770 1091 1799 non
1121 1758 1298 1809 absque
1331 1755 1654 1808 professorum
1681 1754 1820 1793 huius

176 1832 468 1873 Academiae
497 1832 823 1872 admiratione.
861 1830 946 1871 Est
973 1836 1130 1871 autem
1156 1830 1279 1870 inter
1308 1827 1589 1880 praecipuos
1625 1824 1817 1877 quidam

177 1904 250 1944 uir
279 1904 593 1956 grauissimae
624 1903 748 1955 apud
783 1913 946 1943 omnes
971 1901 1098 1951 fidei,
1137 1900 1228 1952 qui,
1262 1910 1370 1940 curn
1399 1898 1456 1939 de
1482 1897 1716 1938 Societate
1744 1907 1820 1936 co-

178 1987 278 2016 ram
308 1976 454 2016 multa
485 1975 696 2026 dixisset,
725 1974 881 2015 fassus
908 1979 979 2013 est
1006 1984 1056 2013 se
1088 1970 1321 2024 gratulari
1342 1969 1545 2020 Patriae,
1569 1966 1694 2020 quod
1721 1973 1820 2007 tam

178 2054 370 2088 strenua
393 2046 645 2088 Societatis
666 2058 810 2098 opera
831 2045 1092 2085 excolatur.

272 2119 441 2158 Verum
464 2130 520 2158 ne
541 2129 659 2169 quae
680 2116 889 2157 maxime
909 2115 1173 2165 desideras,
1193 2114 1465 2166 importune
1487 2110 1742 2162 differam,
1764 2109 1820 2148 de

174 2194 377 2242 patrum
400 2190 411 2208 ⁷
434 2189 660 2230 exercitio
689 2201 745 2229 ac
772 2189 1011 2239 palaestra
1037 2186 1201 2238 paucis
1233 2196 1388 2236 agam.
1423 2183 1514 2235 Qui
1542 2182 1629 2222 etsi
1658 2192 1822 2221 omnes

180 2261 347 2313 quouis
368 2261 465 2302 fere
495 2267 707 2312 tempore
729 2259 901 2300 diuinis
927 2259 1067 2298 rebus
1094 2257 1345 2308 plurimum
1374 2254 1610 2304 insudent,
1635 2253 1820 2293 concio-

181 2345 238 2373 ne
261 2333 494 2383 nimirum‚
519 2332 657 2383 idque
679 2331 890 2383 pluribus
916 2330 963 2370 in
991 2329 1122 2379 lociS,
1146 2327 1445 2377 lectionibus,
1470 2324 1677 2366 consiliis
1707 2323 1821 2363 dan-

180 2403 265 2453 dis,
291 2404 500 2455 aegrotis
522 2402 797 2444 inuisendis:
821 2401 953 2442 auxit
974 2407 1131 2441 tamen
1152 2406 1197 2440 et
1218 2399 1403 2439 labores
1426 2403 1471 2438 et
1499 2395 1718 2437 meritum
1748 2407 1822 2434 sa-

237 2564 246 2583 ¹
288 2565 436 2593 fratrum
452 2568 666 2592 nostrorum.
683 2564 870 2595 PQLANcus.

233 2614 248 2632 Ξ
287 2614 467 2646 Polancus,
493 2614 547 2647 qni
574 2613 658 2640 haec
681 2612 713 2639 in
736 2610 953 2645 autographo
977 2608 1198 2642 cancellavit,
1220 2608 1349 2635 nullam
1370 2606 1493 2634 horum
1513 2606 1661 2633 fratrum
1682 2605 1822 2632 mentio-

182 2668 259 2688 nem
273 2661 390 2695 injecit
406 2661 438 2688 in
453 2669 513 2688 suo
530 2661 709 2693 Chronico,
722 2665 745 2687 t.
763 2667 793 2692 v,
810 2659 889 2686 dum
901 2658 941 2685 de
957 2656 1113 2685 Perusini
1124 2655 1269 2690 Collegii
1284 2656 1386 2682 rebus
1397 2655 1461 2681 hoc
1471 2660 1559 2681 anno
1569 2653 1677 2687 gestis
1687 2658 1822 2687 ageret.

237 2708 251 2728 3
290 2709 509 2736 instituitur.
527 2709 720 2735 Pomm-cus.

235 2757 250 2777 Α
287 2757 387 2784 simul
403 2763 470 2784 eos.
489 2756 535 2785 ld.

237 2804 251 2825 5
289 2804 456 2839 paulatim
473 2811 530 2831 eos
546 2804 723 2832 reducunt.
737 2811 777 2830 ac
794 2803 892 2829 nobis
908 2801 1086 2829 conciliari
1107 2801 1276 2828 nituntur.
1290 2798 1338 2826 Id.

235 2851 250 2872 ⁶
289 2853 495 2886 Prolegatus
521 2852 653 2879 Perusii
670 2858 746 2879 erat
765 2851 881 2885 primis
896 2851 996 2883 hujus
1017 2849 1096 2876 anni
1118 2848 1291 2875 mensibus
1313 2846 1502 2880 Episcopus
1524 2843 1735 2878 Cenetensis,
1764 2842 1827 2871 Mi-

183 2902 284 2929 chael
300 2902 340 2928 de
356 2902 390 2928 la
402 2901 518 2931 Torre:
533 2901 715 2935 postremis
737 2905 853 2927 autem
870 2898 1004 2926 Marcus
1027 2897 1197 2924 Antonius
1220 2894 1400 2924 OradinuS.
1421 2892 1476 2927 qui
1499 2893 1541 2919 ab
1558 2892 1654 2920 initio
1677 2891 1825 2926 Collegii

186 2951 302 2978 fautor
317 2950 440 2977 fuerat.
459 2949 545 2976 Vide
563 2949 711 2975 Pomxm
727 2948 863 2980 Clzrou.,
879 2953 902 2975 t.
919 2955 950 2973 v,

242 2999 254 3017 7
294 2998 372 3025 Iam
389 2998 431 3025 de
443 2997 670 3024 sacerdotum
687 2996 862 3023 exercitio.
882 2995 1070 3022 PorANcus.
