2047 3179
229 166 294 201 1(,)«;
736 166 965 203 LITTERAE
993 177 1358 210 QUADRIMESTREs

866 618 1224 673 CCCXXXV

298 855 520 893 Robertus
537 854 842 901 Clayssonius,

345 920 412 958 Ex
431 920 753 958 commissione
774 919 918 957 Patris
940 918 1170 955 Paschasii
1190 917 1338 961 Bro'et,

391 987 511 1024 Patri
531 986 702 1031 Ignatio
723 985 775 1022 de
796 978 981 1032 Loyo'la.

440 1051 643 1094 Parisiis,
666 1051 682 1088 1
705 1050 967 1087 Decembris
991 1049 1080 1086 1554
1098 1049 1121 1084 ¹.

307 1259 403 1299 Pax
424 1259 613 1299 Domini
634 1259 722 1299 Dei
744 1260 891 1299 nostri
907 1260 1018 1312 Jesu
1036 1258 1213 1299 Christi
1235 1258 1444 1310 perfecta
1461 1269 1549 1299 nos
1570 1259 1710 1299 donet
1731 1259 1865 1300 liber-

225 1338 337 1371 tate.

304 1401 403 1442 R.de
426 1403 472 1442 in
503 1402 690 1442 Christo
720 1401 879 1441 Pater:
910 1401 1098 1441 humilis
1132 1401 1424 1441 obedientiae
1461 1407 1599 1453 atque
1631 1401 1865 1442 officiosae

222 1473 516 1514 salutationis
544 1473 803 1524 praemisso
833 1473 1074 1524 obsequio,
1099 1472 1432 1513 Reuerentiam
1458 1479 1587 1513 tuam
1615 1472 1866 1514 Societatis

223 1545 520 1596 negotiorum
543 1545 590 1585 in
606 1545 694 1584 hac
712 1544 968 1584 Parisiensi
990 1543 1266 1594 Academia,
1291 1544 1417 1584 haud
1435 1550 1600 1596 status,
1621 1545 1703 1585 sed
1724 1545 1865 1585 turbi-

223 1617 315 1667 nis,
351 1629 445 1657 non
467 1628 730 1666 successus,
764 1615 845 1656 sed
876 1622 1214 1668 praeposterae
1243 1616 1586 1667 commotionis,
1617 1617 1866 1657 certiorem

223 1688 474 1728 reddimus.
506 1687 653 1739 Atqui
687 1693 792 1739 post
827 1698 1019 1727 saeuam
1054 1687 1283 1727 ferocium
1318 1688 1581 1728 animorum
1616 1694 1865 1740 tempesta-

222 1766 338 1810 tem,
368 1765 531 1811 portus
561 1759 797 1799 salubrem
827 1759 1217 1810 tranquillitatem
1248 1765 1293 1799 et
1321 1770 1567 1810 speramus
1599 1765 1644 1799 et
1674 1759 1864 1800 medita-

222 1842 341 1871 mur.
357 1830 547 1883 Juuabit
569 1831 821 1882 aliquando
839 1831 1108 1870 meminisse
1123 1830 1339 1871 laborum
1357 1838 1497 1882 atque
1516 1842 1863 1880 aerumnarum,

222 1902 389 1954 quibus
412 1903 618 1953 obnoxii,
643 1910 971 1953 corruptorum
992 1903 1233 1943 hominum
1254 1903 1500 1943 venenatis
1517 1903 1865 1954 proscindimus

221 1974 414 2025 linguis,
455 1974 700 2014 calumniis
743 1974 1060 2024 confodimur,
1104 1974 1259 2026 impiis
1298 1975 1685 2026 persuasionibus
1726 1986 1865 2014 aures

222 2046 404 2096 piorum
428 2044 792 2085 obtundentibus
815 2046 1166 2085 conculcamur.
1188 2044 1322 2085 Adeo
1344 2045 1594 2097 desperata
1616 2051 1686 2086 est
1706 2045 1864 2087 Socie-

219 2116 349 2167 tatis,
380 2117 609 2156 hactenus
639 2116 714 2156 hic
745 2117 977 2167 sepultae,
1002 2128 1126 2157 nunc
1162 2128 1277 2156 vero
1309 2116 1535 2168 paulatim
1563 2117 1862 2168 emergentis,

218 2189 360 2227 salus.
387 2186 477 2228 Sed
509 2187 703 2227 dextera
728 2186 917 2227 Domini
946 2187 1043 2228 vim
1071 2194 1211 2239 atque
1241 2188 1485 2239 energiam
1519 2199 1654 2229 suam
1686 2194 1862 2239 exeret,

219 2265 262 2298 et
284 2259 481 2298 salutem
504 2259 773 2309 operabitur
796 2259 843 2298 in
864 2259 1017 2298 medio
1040 2266 1217 2309 terrae,
1241 2260 1316 2299 vel
1339 2259 1626 2300 aduersariis
1647 2259 1860 2300 testibus.

218 2329 353 2369 Initia
376 2330 563 2381 quidem
584 2329 798 2370 dolorum
828 2342 914 2370 nos
948 2330 1100 2370 adhuc
1124 2337 1293 2382 vrgent
1315 2342 1371 2371 ac
1398 2337 1638 2382 premunt,
1662 2330 1864 2371 necdum

218 2400 322 2440 finis
358 2402 597 2452 praelucet
633 2408 729 2441 tam
765 2401 922 2441 acerbi
957 2409 1097 2453 atque
1133 2401 1342 2442 diuturni
1375 2402 1575 2442 laboris:
1613 2402 1696 2442 sed
1731 2401 1864 2441 dabit

219 2471 347 2511 Deus
370 2472 440 2511 his
461 2483 645 2523 quoque
666 2471 806 2512 finem
827 2473 1092 2523 laetiorem,
1123 2484 1265 2524 quam
1286 2485 1371 2525 pro
1394 2473 1600 2513 humana
1623 2473 1860 2523 opinione.

300 2541 527 2593 Theologi
549 2550 766 2583 asserunt
795 2554 844 2583 se
873 2544 1111 2594 priuatum
1135 2544 1322 2596 quidem
1342 2543 1398 2584 de
1420 2543 1723 2584 facultatibus
1746 2543 1861 2584 Pon-

218 2612 359 2652 tificia
377 2614 656 2653 auctoritate
674 2613 897 2654 Societati
915 2615 1155 2655 concessis
1174 2615 1336 2655 tulisse
1354 2615 1614 2655 arbitrium.
1634 2614 1698 2655 At
1715 2615 1861 2666 publi-

218 2695 322 2724 cam
345 2683 588 2735 Synodum
611 2684 844 2735 (Calendis
865 2686 1054 2736 graecis
1075 2686 1196 2727 forte
1215 2686 1494 2738 cogendam)
1517 2687 1863 2738 expectandam

215 2768 339 2805 esse,
358 2766 449 2806 qua
468 2761 648 2806 coacta,
669 2756 841 2808 singuli
858 2757 1139 2798 sententiam
1160 2757 1527 2809 promulgabunt
1549 2769 1690 2809 super
1707 2756 1861 2798 Socie-

216 2827 326 2865 tatis
349 2826 647 2877 admissione,
672 2839 727 2867 ac
749 2827 934 2868 demum
956 2829 1166 2869 vniuersi
1189 2829 1425 2869 communi
1452 2828 1679 2880 suffragio
1704 2829 1760 2869 de
1783 2840 1862 2868 no-

273 2986 278 3004 ¹
320 2986 571 3021 Autographae
588 2986 621 3013 iu
637 2987 761 3021 duplici
779 2988 869 3022 folio,
889 2997 943 3015 nn.
962 2990 1015 3016 ‘253
1031 2995 1062 3016 et
1080 2990 1142 3017 254.
