<?xml version="1.0" encoding="UTF-8"?>
<!DOCTYPE html PUBLIC "-//W3C//DTD XHTML 1.0 Transitional//EN"
    "http://www.w3.org/TR/xhtml1/DTD/xhtml1-transitional.dtd">
<html xmlns="http://www.w3.org/1999/xhtml" xml:lang="en" lang="en">
 <head>
  <title>
</title>
<meta http-equiv="Content-Type" content="text/html;charset=utf-8" />
  <meta name='ocr-system' content='tesseract 3.04.00' />
  <meta name='ocr-capabilities' content='ocr_page ocr_carea ocr_par ocr_line ocrx_word'/>
</head>
<body>
  <div class='ocr_page' id='page_1' title='image "./litteraequadrime15lain_0448.png"; bbox 0 0 2047 3179; ppageno 0'>
   <div class='ocr_carea' id='block_1_1' title="bbox 209 130 1340 175">
    <p class='ocr_par' dir='ltr' id='par_1_1' title="bbox 209 130 1340 175">
     <span class='ocr_line' id='line_1_1' title="bbox 209 130 1340 175; baseline 0.003 -9"><span class='ocrx_word' id='word_1_1' title='bbox 209 130 282 167; x_wconf 74' lang='grc'>442</span> <span class='ocrx_word' id='word_1_2' title='bbox 727 130 955 168; x_wconf 83' lang='lat' dir='ltr'>LITTERAE</span> <span class='ocrx_word' id='word_1_3' title='bbox 981 142 1340 175; x_wconf 80' lang='lat' dir='ltr'><strong>QUADRIMESTRES</strong></span> 
     </span>
    </p>
   </div>
   <div class='ocr_carea' id='block_1_2' title="bbox 210 228 1873 2997">
    <p class='ocr_par' dir='ltr' id='par_1_2' title="bbox 210 228 1869 1856">
     <span class='ocr_line' id='line_1_2' title="bbox 212 228 1851 280; baseline 0.001 -13"><span class='ocrx_word' id='word_1_4' title='bbox 212 239 322 267; x_wconf 89' lang='lat' dir='ltr'>raro</span> <span class='ocrx_word' id='word_1_5' title='bbox 351 234 526 279; x_wconf 83' lang='lat' dir='ltr'>patres,</span> <span class='ocrx_word' id='word_1_6' title='bbox 551 229 776 280; x_wconf 82' lang='lat' dir='ltr'>iurantes,</span> <span class='ocrx_word' id='word_1_7' title='bbox 806 236 1091 279; x_wconf 88' lang='lat' dir='ltr'>reuerenter,</span> <span class='ocrx_word' id='word_1_8' title='bbox 1116 230 1242 269; x_wconf 91' lang='lat' dir='ltr'>uelut</span> <span class='ocrx_word' id='word_1_9' title='bbox 1273 229 1427 268; x_wconf 79' lang='lat' dir='ltr'>edocti</span> <span class='ocrx_word' id='word_1_10' title='bbox 1448 234 1570 278; x_wconf 88' lang='lat' dir='ltr'>sunt,</span> <span class='ocrx_word' id='word_1_11' title='bbox 1604 228 1851 280; x_wconf 92' lang='lat' dir='ltr'>reprehen-</span> 
     </span>
     <span class='ocr_line' id='line_1_3' title="bbox 214 299 1852 351; baseline 0.001 -13"><span class='ocrx_word' id='word_1_12' title='bbox 214 299 328 339; x_wconf 86' lang='lat' dir='ltr'>dant</span> <span class='ocrx_word' id='word_1_13' title='bbox 363 306 407 339; x_wconf 95' lang='lat' dir='ltr'>et</span> <span class='ocrx_word' id='word_1_14' title='bbox 437 299 699 350; x_wconf 75' lang='lat' dir='ltr'>cohibeant,</span> <span class='ocrx_word' id='word_1_15' title='bbox 730 300 864 341; x_wconf 83' lang='lat' dir='ltr'>flexis</span> <span class='ocrx_word' id='word_1_16' title='bbox 893 300 1091 351; x_wconf 78' lang='lat' dir='ltr'>genibus</span> <span class='ocrx_word' id='word_1_17' title='bbox 1122 311 1180 339; x_wconf 92' lang='lat' dir='ltr'>ne</span> <span class='ocrx_word' id='word_1_18' title='bbox 1214 300 1367 340; x_wconf 90' lang='lat' dir='ltr'>iurent</span> <span class='ocrx_word' id='word_1_19' title='bbox 1402 300 1720 348; x_wconf 81' lang='lat' dir='ltr'>obsecranteS,</span> <span class='ocrx_word' id='word_1_20' title='bbox 1758 299 1852 339; x_wconf 92' lang='lat' dir='ltr'>ani—</span> 
     </span>
     <span class='ocr_line' id='line_1_4' title="bbox 215 369 1851 422; baseline -0.001 -12"><span class='ocrx_word' id='word_1_21' title='bbox 215 370 655 422; x_wconf 85' lang='lat' dir='ltr'>maduertentesque</span> <span class='ocrx_word' id='word_1_22' title='bbox 678 383 735 411; x_wconf 89' lang='lat' dir='ltr'>ex</span> <span class='ocrx_word' id='word_1_23' title='bbox 752 382 807 411; x_wconf 93' lang='lat' dir='ltr'>eo</span> <span class='ocrx_word' id='word_1_24' title='bbox 829 371 1038 411; x_wconf 89' lang='lat' dir='ltr'>diuinam</span> <span class='ocrx_word' id='word_1_25' title='bbox 1059 371 1356 410; x_wconf 88' lang='lat' dir='ltr'>maiestatem</span> <span class='ocrx_word' id='word_1_26' title='bbox 1371 382 1465 410; x_wconf 92' lang='lat' dir='ltr'>non</span> <span class='ocrx_word' id='word_1_27' title='bbox 1482 382 1649 422; x_wconf 85' lang='lat' dir='ltr'>parum</span> <span class='ocrx_word' id='word_1_28' title='bbox 1667 369 1851 409; x_wconf 83' lang='lat' dir='ltr'>offendi.</span> 
     </span>
     <span class='ocr_line' id='line_1_5' title="bbox 216 441 1852 494; baseline -0.002 -11"><span class='ocrx_word' id='word_1_29' title='bbox 216 442 347 493; x_wconf 86' lang='lat' dir='ltr'>Quae</span> <span class='ocrx_word' id='word_1_30' title='bbox 384 443 561 483; x_wconf 83' lang='lat' dir='ltr'>monita</span> <span class='ocrx_word' id='word_1_31' title='bbox 597 450 695 483; x_wconf 90' lang='lat' dir='ltr'>tum</span> <span class='ocrx_word' id='word_1_32' title='bbox 731 443 839 494; x_wconf 87' lang='lat' dir='ltr'>quia</span> <span class='ocrx_word' id='word_1_33' title='bbox 874 442 1207 482; x_wconf 89' lang='lat' dir='ltr'>honestissima</span> <span class='ocrx_word' id='word_1_34' title='bbox 1242 447 1368 492; x_wconf 91' lang='lat' dir='ltr'>sunt,</span> <span class='ocrx_word' id='word_1_35' title='bbox 1401 447 1500 481; x_wconf 90' lang='lat' dir='ltr'>tum</span> <span class='ocrx_word' id='word_1_36' title='bbox 1535 441 1644 493; x_wconf 89' lang='lat' dir='ltr'>quia</span> <span class='ocrx_word' id='word_1_37' title='bbox 1678 451 1852 492; x_wconf 82' lang='lat' dir='ltr'>magna</span> 
     </span>
     <span class='ocr_line' id='line_1_6' title="bbox 214 513 1854 573; baseline -0.001 -19"><span class='ocrx_word' id='word_1_38' title='bbox 214 514 330 554; x_wconf 85' lang='lat' dir='ltr'>fiunt</span> <span class='ocrx_word' id='word_1_39' title='bbox 363 515 631 573; x_wconf 81' lang='lat' dir='ltr'>urbanitate</span> <span class='ocrx_word' id='word_1_40' title='bbox 663 521 707 554; x_wconf 84' lang='lat' dir='ltr'>ct</span> <span class='ocrx_word' id='word_1_41' title='bbox 739 513 1018 564; x_wconf 88' lang='lat' dir='ltr'>reuerentia,</span> <span class='ocrx_word' id='word_1_42' title='bbox 1048 513 1246 553; x_wconf 77' lang='lat' dir='ltr'>libenter</span> <span class='ocrx_word' id='word_1_43' title='bbox 1268 514 1550 563; x_wconf 75' lang='lat' dir='ltr'>auscultant,</span> <span class='ocrx_word' id='word_1_44' title='bbox 1576 524 1678 552; x_wconf 92' lang='lat' dir='ltr'>sese</span> <span class='ocrx_word' id='word_1_45' title='bbox 1700 524 1854 564; x_wconf 90' lang='lat' dir='ltr'>repre-</span> 
     </span>
     <span class='ocr_line' id='line_1_7' title="bbox 211 583 1855 637; baseline -0.002 -11"><span class='ocrx_word' id='word_1_46' title='bbox 211 586 435 635; x_wconf 89' lang='lat' dir='ltr'>hendunt,</span> <span class='ocrx_word' id='word_1_47' title='bbox 458 598 513 626; x_wconf 87' lang='lat' dir='ltr'>ac</span> <span class='ocrx_word' id='word_1_48' title='bbox 530 587 576 626; x_wconf 89' lang='lat' dir='ltr'>in</span> <span class='ocrx_word' id='word_1_49' title='bbox 594 592 835 637; x_wconf 89' lang='lat' dir='ltr'>posterum</span> <span class='ocrx_word' id='word_1_50' title='bbox 852 585 1116 625; x_wconf 89' lang='lat' dir='ltr'>iuramenta</span> <span class='ocrx_word' id='word_1_51' title='bbox 1133 585 1366 625; x_wconf 90' lang='lat' dir='ltr'>uitaturos</span> <span class='ocrx_word' id='word_1_52' title='bbox 1382 584 1677 635; x_wconf 81' lang='lat' dir='ltr'>pollicentur.</span> <span class='ocrx_word' id='word_1_53' title='bbox 1701 583 1855 634; x_wconf 84' lang='lat' dir='ltr'>Quan-</span> 
     </span>
     <span class='ocr_line' id='line_1_8' title="bbox 210 655 1854 708; baseline -0.002 -10"><span class='ocrx_word' id='word_1_54' title='bbox 210 665 286 698; x_wconf 87' lang='lat' dir='ltr'>tae</span> <span class='ocrx_word' id='word_1_55' title='bbox 308 658 550 698; x_wconf 91' lang='lat' dir='ltr'>hominum</span> <span class='ocrx_word' id='word_1_56' title='bbox 572 657 872 708; x_wconf 88' lang='lat' dir='ltr'>ignorantiae</span> <span class='ocrx_word' id='word_1_57' title='bbox 893 657 983 697; x_wconf 92' lang='lat' dir='ltr'>hac</span> <span class='ocrx_word' id='word_1_58' title='bbox 1005 656 1343 696; x_wconf 80' lang='lat' dir='ltr'>exercitatione</span> <span class='ocrx_word' id='word_1_59' title='bbox 1364 656 1622 706; x_wconf 78' lang='lat' dir='ltr'>medeatur,</span> <span class='ocrx_word' id='word_1_60' title='bbox 1644 655 1730 695; x_wconf 93' lang='lat' dir='ltr'>soli</span> <span class='ocrx_word' id='word_1_61' title='bbox 1747 666 1854 694; x_wconf 91' lang='lat' dir='ltr'>con·</span> 
     </span>
     <span class='ocr_line' id='line_1_9' title="bbox 211 726 1854 780; baseline -0.002 -11"><span class='ocrx_word' id='word_1_62' title='bbox 211 729 398 769; x_wconf 83' lang='lat' dir='ltr'>fessarii</span> <span class='ocrx_word' id='word_1_63' title='bbox 421 735 637 779; x_wconf 89' lang='lat' dir='ltr'>noscunt,</span> <span class='ocrx_word' id='word_1_64' title='bbox 662 728 741 780; x_wconf 85' lang='lat' dir='ltr'>qui</span> <span class='ocrx_word' id='word_1_65' title='bbox 765 734 905 768; x_wconf 90' lang='lat' dir='ltr'>antea</span> <span class='ocrx_word' id='word_1_66' title='bbox 927 740 1114 768; x_wconf 89' lang='lat' dir='ltr'>errores</span> <span class='ocrx_word' id='word_1_67' title='bbox 1149 727 1475 780; x_wconf 90' lang='lat' dir='ltr'>apertissimos</span> <span class='ocrx_word' id='word_1_68' title='bbox 1502 727 1549 767; x_wconf 92' lang='lat' dir='ltr'>in</span> <span class='ocrx_word' id='word_1_69' title='bbox 1570 727 1626 767; x_wconf 87' lang='lat' dir='ltr'>iis</span> <span class='ocrx_word' id='word_1_70' title='bbox 1648 726 1727 778; x_wconf 86' lang='lat' dir='ltr'>qui</span> <span class='ocrx_word' id='word_1_71' title='bbox 1748 737 1854 767; x_wconf 93' lang='lat' dir='ltr'>con-</span> 
     </span>
     <span class='ocr_line' id='line_1_10' title="bbox 213 798 1859 851; baseline -0.002 -10"><span class='ocrx_word' id='word_1_72' title='bbox 213 800 465 841; x_wconf 86' lang='lat' dir='ltr'>fitebantur</span> <span class='ocrx_word' id='word_1_73' title='bbox 515 799 950 851; x_wconf 90' lang='lat' dir='ltr'>deprehendebant.</span> <span class='ocrx_word' id='word_1_74' title='bbox 993 798 1161 839; x_wconf 81' lang='lat' dir='ltr'>Frater</span> <span class='ocrx_word' id='word_1_75' title='bbox 1206 799 1399 851; x_wconf 88' lang='lat' dir='ltr'>quidam</span> <span class='ocrx_word' id='word_1_76' title='bbox 1444 798 1707 839; x_wconf 82' lang='lat' dir='ltr'>doctrinam</span> <span class='ocrx_word' id='word_1_77' title='bbox 1746 806 1859 837; x_wconf 91' lang='lat' dir='ltr'>natu</span> 
     </span>
     <span class='ocr_line' id='line_1_11' title="bbox 214 869 1859 923; baseline -0.002 -11"><span class='ocrx_word' id='word_1_78' title='bbox 214 872 549 923; x_wconf 77' lang='lat' dir='ltr'>grandioribus</span> <span class='ocrx_word' id='word_1_79' title='bbox 571 872 924 923; x_wconf 84' lang='lat' dir='ltr'>interpretatur,</span> <span class='ocrx_word' id='word_1_80' title='bbox 948 883 1087 923; x_wconf 92' lang='lat' dir='ltr'>quem</span> <span class='ocrx_word' id='word_1_81' title='bbox 1114 877 1164 911; x_wconf 95' lang='lat' dir='ltr'>ut</span> <span class='ocrx_word' id='word_1_82' title='bbox 1185 870 1377 911; x_wconf 89' lang='lat' dir='ltr'>audiant</span> <span class='ocrx_word' id='word_1_83' title='bbox 1399 876 1687 911; x_wconf 90' lang='lat' dir='ltr'>concurrunt</span> <span class='ocrx_word' id='word_1_84' title='bbox 1711 869 1859 917; x_wconf 82' lang='lat' dir='ltr'>multi;</span> 
     </span>
     <span class='ocr_line' id='line_1_12' title="bbox 218 942 1861 995; baseline -0.002 -11"><span class='ocrx_word' id='word_1_85' title='bbox 218 950 442 995; x_wconf 88' lang='lat' dir='ltr'>acceptus</span> <span class='ocrx_word' id='word_1_86' title='bbox 465 944 588 984; x_wconf 91' lang='lat' dir='ltr'>enim</span> <span class='ocrx_word' id='word_1_87' title='bbox 611 950 680 983; x_wconf 89' lang='lat' dir='ltr'>est</span> <span class='ocrx_word' id='word_1_88' title='bbox 700 943 848 984; x_wconf 86' lang='lat' dir='ltr'>frater</span> <span class='ocrx_word' id='word_1_89' title='bbox 869 943 945 984; x_wconf 89' lang='lat' dir='ltr'>hic</span> <span class='ocrx_word' id='word_1_90' title='bbox 967 944 1138 983; x_wconf 90' lang='lat' dir='ltr'>mirum</span> <span class='ocrx_word' id='word_1_91' title='bbox 1159 943 1207 983; x_wconf 93' lang='lat' dir='ltr'>in</span> <span class='ocrx_word' id='word_1_92' title='bbox 1228 943 1418 983; x_wconf 90' lang='lat' dir='ltr'>modum</span> <span class='ocrx_word' id='word_1_93' title='bbox 1439 942 1755 992; x_wconf 88' lang='lat' dir='ltr'>audientibus;</span> <span class='ocrx_word' id='word_1_94' title='bbox 1779 942 1861 982; x_wconf 86' lang='lat' dir='ltr'>sed</span> 
     </span>
     <span class='ocr_line' id='line_1_13' title="bbox 218 1013 1858 1066; baseline -0.002 -10"><span class='ocrx_word' id='word_1_95' title='bbox 218 1015 390 1066; x_wconf 90' lang='lat' dir='ltr'>dignus</span> <span class='ocrx_word' id='word_1_96' title='bbox 413 1022 482 1056; x_wconf 89' lang='lat' dir='ltr'>est</span> <span class='ocrx_word' id='word_1_97' title='bbox 504 1015 716 1066; x_wconf 82' lang='lat' dir='ltr'>profecto</span> <span class='ocrx_word' id='word_1_98' title='bbox 738 1027 833 1056; x_wconf 90' lang='lat' dir='ltr'>non</span> <span class='ocrx_word' id='word_1_99' title='bbox 855 1020 1038 1056; x_wconf 90' lang='lat' dir='ltr'>tantum</span> <span class='ocrx_word' id='word_1_100' title='bbox 1059 1026 1179 1065; x_wconf 88' lang='lat' dir='ltr'>meo,</span> <span class='ocrx_word' id='word_1_101' title='bbox 1203 1014 1286 1054; x_wconf 90' lang='lat' dir='ltr'>sed</span> <span class='ocrx_word' id='word_1_102' title='bbox 1314 1014 1411 1054; x_wconf 85' lang='lat' dir='ltr'>fere</span> <span class='ocrx_word' id='word_1_103' title='bbox 1442 1014 1649 1054; x_wconf 89' lang='lat' dir='ltr'>omnium</span> <span class='ocrx_word' id='word_1_104' title='bbox 1670 1013 1858 1063; x_wconf 91' lang='lat' dir='ltr'>iudicio,</span> 
     </span>
     <span class='ocr_line' id='line_1_14' title="bbox 219 1085 1862 1139; baseline -0.002 -12"><span class='ocrx_word' id='word_1_105' title='bbox 219 1087 299 1139; x_wconf 92' lang='lat' dir='ltr'>qui</span> <span class='ocrx_word' id='word_1_106' title='bbox 327 1088 511 1127; x_wconf 89' lang='lat' dir='ltr'>cunctis</span> <span class='ocrx_word' id='word_1_107' title='bbox 539 1088 778 1139; x_wconf 85' lang='lat' dir='ltr'>probetur:</span> <span class='ocrx_word' id='word_1_108' title='bbox 811 1093 971 1127; x_wconf 90' lang='lat' dir='ltr'>tantus</span> <span class='ocrx_word' id='word_1_109' title='bbox 993 1087 1092 1127; x_wconf 87' lang='lat' dir='ltr'>eius</span> <span class='ocrx_word' id='word_1_110' title='bbox 1114 1093 1183 1126; x_wconf 91' lang='lat' dir='ltr'>est</span> <span class='ocrx_word' id='word_1_111' title='bbox 1205 1086 1253 1126; x_wconf 91' lang='lat' dir='ltr'>in</span> <span class='ocrx_word' id='word_1_112' title='bbox 1283 1086 1481 1126; x_wconf 90' lang='lat' dir='ltr'>dicendo</span> <span class='ocrx_word' id='word_1_113' title='bbox 1504 1085 1710 1137; x_wconf 88' lang='lat' dir='ltr'>spiritus,</span> <span class='ocrx_word' id='word_1_114' title='bbox 1735 1085 1862 1124; x_wconf 84' lang='lat' dir='ltr'>zelus</span> 
     </span>
     <span class='ocr_line' id='line_1_15' title="bbox 216 1157 1862 1210; baseline -0.002 -12"><span class='ocrx_word' id='word_1_115' title='bbox 216 1165 262 1198; x_wconf 91' lang='lat' dir='ltr'>et</span> <span class='ocrx_word' id='word_1_116' title='bbox 283 1170 433 1210; x_wconf 87' lang='lat' dir='ltr'>amor,</span> <span class='ocrx_word' id='word_1_117' title='bbox 457 1165 506 1199; x_wconf 92' lang='lat' dir='ltr'>ut</span> <span class='ocrx_word' id='word_1_118' title='bbox 529 1159 646 1199; x_wconf 84' lang='lat' dir='ltr'>alias</span> <span class='ocrx_word' id='word_1_119' title='bbox 668 1159 800 1199; x_wconf 90' lang='lat' dir='ltr'>dotes</span> <span class='ocrx_word' id='word_1_120' title='bbox 821 1165 1135 1210; x_wconf 87' lang='lat' dir='ltr'>praeteream.</span> <span class='ocrx_word' id='word_1_121' title='bbox 1159 1158 1299 1198; x_wconf 87' lang='lat' dir='ltr'>Faxit</span> <span class='ocrx_word' id='word_1_122' title='bbox 1318 1157 1477 1198; x_wconf 91' lang='lat' dir='ltr'>diuina</span> <span class='ocrx_word' id='word_1_123' title='bbox 1493 1157 1681 1197; x_wconf 80' lang='lat' dir='ltr'>bonitas</span> <span class='ocrx_word' id='word_1_124' title='bbox 1698 1163 1762 1205; x_wconf 89' lang='lat' dir='ltr'>ut,</span> <span class='ocrx_word' id='word_1_125' title='bbox 1788 1167 1862 1196; x_wconf 91' lang='lat' dir='ltr'>ue-</span> 
     </span>
     <span class='ocr_line' id='line_1_16' title="bbox 218 1228 1860 1282; baseline -0.001 -13"><span class='ocrx_word' id='word_1_126' title='bbox 218 1229 302 1270; x_wconf 92' lang='lat' dir='ltr'>luti</span> <span class='ocrx_word' id='word_1_127' title='bbox 324 1242 430 1270; x_wconf 91' lang='lat' dir='ltr'>eum</span> <span class='ocrx_word' id='word_1_128' title='bbox 451 1231 664 1282; x_wconf 89' lang='lat' dir='ltr'>partibus</span> <span class='ocrx_word' id='word_1_129' title='bbox 687 1231 746 1271; x_wconf 91' lang='lat' dir='ltr'>ad</span> <span class='ocrx_word' id='word_1_130' title='bbox 767 1231 857 1270; x_wconf 92' lang='lat' dir='ltr'>hoc</span> <span class='ocrx_word' id='word_1_131' title='bbox 878 1230 1190 1270; x_wconf 87' lang='lat' dir='ltr'>ministerium</span> <span class='ocrx_word' id='word_1_132' title='bbox 1212 1229 1471 1270; x_wconf 88' lang='lat' dir='ltr'>commodis</span> <span class='ocrx_word' id='word_1_133' title='bbox 1492 1229 1669 1268; x_wconf 89' lang='lat' dir='ltr'>donare</span> <span class='ocrx_word' id='word_1_134' title='bbox 1700 1228 1860 1279; x_wconf 84' lang='lat' dir='ltr'>digna-</span> 
     </span>
     <span class='ocr_line' id='line_1_17' title="bbox 216 1301 1863 1354; baseline -0.001 -13"><span class='ocrx_word' id='word_1_135' title='bbox 216 1307 308 1353; x_wconf 89' lang='lat' dir='ltr'>tur,</span> <span class='ocrx_word' id='word_1_136' title='bbox 334 1302 471 1342; x_wconf 88' lang='lat' dir='ltr'>simul</span> <span class='ocrx_word' id='word_1_137' title='bbox 491 1302 697 1353; x_wconf 85' lang='lat' dir='ltr'>gratiam</span> <span class='ocrx_word' id='word_1_138' title='bbox 717 1308 925 1354; x_wconf 89' lang='lat' dir='ltr'>praestet</span> <span class='ocrx_word' id='word_1_139' title='bbox 946 1303 987 1342; x_wconf 92' lang='lat' dir='ltr'>ei</span> <span class='ocrx_word' id='word_1_140' title='bbox 1009 1301 1068 1342; x_wconf 86' lang='lat' dir='ltr'>ad</span> <span class='ocrx_word' id='word_1_141' title='bbox 1089 1301 1192 1352; x_wconf 92' lang='lat' dir='ltr'>hoc,</span> <span class='ocrx_word' id='word_1_142' title='bbox 1217 1307 1267 1341; x_wconf 95' lang='lat' dir='ltr'>ut</span> <span class='ocrx_word' id='word_1_143' title='bbox 1288 1301 1335 1341; x_wconf 92' lang='lat' dir='ltr'>in</span> <span class='ocrx_word' id='word_1_144' title='bbox 1356 1301 1508 1353; x_wconf 90' lang='lat' dir='ltr'>ipsum</span> <span class='ocrx_word' id='word_1_145' title='bbox 1526 1311 1670 1340; x_wconf 90' lang='lat' dir='ltr'>unum</span> <span class='ocrx_word' id='word_1_146' title='bbox 1693 1304 1863 1340; x_wconf 90' lang='lat' dir='ltr'>cuncta</span> 
     </span>
     <span class='ocr_line' id='line_1_18' title="bbox 219 1372 1864 1425; baseline -0.002 -11"><span class='ocrx_word' id='word_1_147' title='bbox 219 1374 408 1425; x_wconf 82' lang='lat' dir='ltr'>referat,</span> <span class='ocrx_word' id='word_1_148' title='bbox 434 1380 483 1414; x_wconf 92' lang='lat' dir='ltr'>ut</span> <span class='ocrx_word' id='word_1_149' title='bbox 504 1386 599 1414; x_wconf 95' lang='lat' dir='ltr'>non</span> <span class='ocrx_word' id='word_1_150' title='bbox 620 1375 772 1415; x_wconf 89' lang='lat' dir='ltr'>minor</span> <span class='ocrx_word' id='word_1_151' title='bbox 792 1374 834 1414; x_wconf 93' lang='lat' dir='ltr'>ei</span> <span class='ocrx_word' id='word_1_152' title='bbox 854 1374 1036 1414; x_wconf 85' lang='lat' dir='ltr'>fructus</span> <span class='ocrx_word' id='word_1_153' title='bbox 1056 1373 1306 1425; x_wconf 90' lang='lat' dir='ltr'>proueniat</span> <span class='ocrx_word' id='word_1_154' title='bbox 1334 1384 1392 1412; x_wconf 87' lang='lat' dir='ltr'>ex</span> <span class='ocrx_word' id='word_1_155' title='bbox 1421 1372 1510 1412; x_wconf 92' lang='lat' dir='ltr'>hoc</span> <span class='ocrx_word' id='word_1_156' title='bbox 1541 1383 1697 1423; x_wconf 92' lang='lat' dir='ltr'>opere,</span> <span class='ocrx_word' id='word_1_157' title='bbox 1722 1382 1864 1423; x_wconf 88' lang='lat' dir='ltr'>quam</span> 
     </span>
     <span class='ocr_line' id='line_1_19' title="bbox 222 1442 1865 1497; baseline -0.002 -11"><span class='ocrx_word' id='word_1_158' title='bbox 222 1446 327 1486; x_wconf 89' lang='lat' dir='ltr'>aliis</span> <span class='ocrx_word' id='word_1_159' title='bbox 349 1457 458 1486; x_wconf 92' lang='lat' dir='ltr'>eum</span> <span class='ocrx_word' id='word_1_160' title='bbox 478 1446 790 1486; x_wconf 87' lang='lat' dir='ltr'>audientibus.</span> <span class='ocrx_word' id='word_1_161' title='bbox 816 1445 983 1486; x_wconf 89' lang='lat' dir='ltr'>Patres</span> <span class='ocrx_word' id='word_1_162' title='bbox 1011 1456 1240 1497; x_wconf 88' lang='lat' dir='ltr'>persaepe</span> <span class='ocrx_word' id='word_1_163' title='bbox 1275 1450 1506 1484; x_wconf 87' lang='lat' dir='ltr'>uocantur</span> <span class='ocrx_word' id='word_1_164' title='bbox 1533 1449 1583 1483; x_wconf 95' lang='lat' dir='ltr'>ut</span> <span class='ocrx_word' id='word_1_165' title='bbox 1611 1442 1865 1483; x_wconf 87' lang='lat' dir='ltr'>morientes</span> 
     </span>
     <span class='ocr_line' id='line_1_20' title="bbox 222 1513 1866 1570; baseline -0.002 -13"><span class='ocrx_word' id='word_1_166' title='bbox 222 1517 461 1568; x_wconf 87' lang='lat' dir='ltr'>adiuuent,</span> <span class='ocrx_word' id='word_1_167' title='bbox 487 1518 612 1570; x_wconf 89' lang='lat' dir='ltr'>quod</span> <span class='ocrx_word' id='word_1_168' title='bbox 633 1518 790 1558; x_wconf 89' lang='lat' dir='ltr'>multis</span> <span class='ocrx_word' id='word_1_169' title='bbox 811 1517 1078 1557; x_wconf 89' lang='lat' dir='ltr'>nominibus</span> <span class='ocrx_word' id='word_1_170' title='bbox 1095 1522 1166 1557; x_wconf 90' lang='lat' dir='ltr'>est</span> <span class='ocrx_word' id='word_1_171' title='bbox 1183 1516 1493 1556; x_wconf 86' lang='lat' dir='ltr'>fructuosum.</span> <span class='ocrx_word' id='word_1_172' title='bbox 1515 1514 1655 1554; x_wconf 87' lang='lat' dir='ltr'>Pater</span> <span class='ocrx_word' id='word_1_173' title='bbox 1676 1513 1866 1566; x_wconf 89' lang='lat' dir='ltr'>quidam</span> 
     </span>
     <span class='ocr_line' id='line_1_21' title="bbox 222 1585 1866 1641; baseline -0.002 -13"><span class='ocrx_word' id='word_1_174' title='bbox 222 1589 532 1629; x_wconf 83' lang='lat' dir='ltr'>concionatus</span> <span class='ocrx_word' id='word_1_175' title='bbox 568 1595 638 1629; x_wconf 90' lang='lat' dir='ltr'>est</span> <span class='ocrx_word' id='word_1_176' title='bbox 672 1590 762 1630; x_wconf 90' lang='lat' dir='ltr'>hac</span> <span class='ocrx_word' id='word_1_177' title='bbox 791 1589 1157 1641; x_wconf 86' lang='lat' dir='ltr'>quadragesima</span> <span class='ocrx_word' id='word_1_178' title='bbox 1190 1588 1236 1628; x_wconf 90' lang='lat' dir='ltr'>in</span> <span class='ocrx_word' id='word_1_179' title='bbox 1260 1587 1431 1639; x_wconf 92' lang='lat' dir='ltr'>oppido</span> <span class='ocrx_word' id='word_1_180' title='bbox 1453 1585 1656 1639; x_wconf 86' lang='lat' dir='ltr'>quodam</span> <span class='ocrx_word' id='word_1_181' title='bbox 1677 1585 1866 1626; x_wconf 90' lang='lat' dir='ltr'>Concae</span> 
     </span>
     <span class='ocr_line' id='line_1_22' title="bbox 223 1656 1866 1712; baseline -0.002 -12"><span class='ocrx_word' id='word_1_182' title='bbox 223 1660 398 1711; x_wconf 89' lang='lat' dir='ltr'>uicino,</span> <span class='ocrx_word' id='word_1_183' title='bbox 421 1667 466 1700; x_wconf 94' lang='lat' dir='ltr'>et</span> <span class='ocrx_word' id='word_1_184' title='bbox 487 1660 650 1712; x_wconf 86' lang='lat' dir='ltr'>frater,</span> <span class='ocrx_word' id='word_1_185' title='bbox 675 1672 811 1712; x_wconf 90' lang='lat' dir='ltr'>quem</span> <span class='ocrx_word' id='word_1_186' title='bbox 833 1672 993 1701; x_wconf 91' lang='lat' dir='ltr'>secum</span> <span class='ocrx_word' id='word_1_187' title='bbox 1014 1660 1266 1710; x_wconf 86' lang='lat' dir='ltr'>deferebat,</span> <span class='ocrx_word' id='word_1_188' title='bbox 1289 1659 1446 1699; x_wconf 93' lang='lat' dir='ltr'>docuit</span> <span class='ocrx_word' id='word_1_189' title='bbox 1463 1657 1727 1698; x_wconf 89' lang='lat' dir='ltr'>doctrinam</span> <span class='ocrx_word' id='word_1_190' title='bbox 1748 1656 1866 1697; x_wconf 88' lang='lat' dir='ltr'>chri-</span> 
     </span>
     <span class='ocr_line' id='line_1_23' title="bbox 224 1730 1869 1784; baseline -0.002 -13"><span class='ocrx_word' id='word_1_191' title='bbox 224 1732 444 1783; x_wconf 86' lang='lat' dir='ltr'>stianam,</span> <span class='ocrx_word' id='word_1_192' title='bbox 468 1744 564 1772; x_wconf 94' lang='lat' dir='ltr'>non</span> <span class='ocrx_word' id='word_1_193' title='bbox 585 1739 767 1772; x_wconf 87' lang='lat' dir='ltr'>tantum</span> <span class='ocrx_word' id='word_1_194' title='bbox 789 1744 882 1782; x_wconf 86' lang='lat' dir='ltr'>eos,</span> <span class='ocrx_word' id='word_1_195' title='bbox 907 1732 985 1784; x_wconf 88' lang='lat' dir='ltr'>qui</span> <span class='ocrx_word' id='word_1_196' title='bbox 1010 1732 1058 1772; x_wconf 92' lang='lat' dir='ltr'>in</span> <span class='ocrx_word' id='word_1_197' title='bbox 1092 1743 1147 1771; x_wconf 93' lang='lat' dir='ltr'>eo</span> <span class='ocrx_word' id='word_1_198' title='bbox 1177 1730 1347 1783; x_wconf 88' lang='lat' dir='ltr'>oppido</span> <span class='ocrx_word' id='word_1_199' title='bbox 1370 1730 1616 1781; x_wconf 82' lang='lat' dir='ltr'>degebant,</span> <span class='ocrx_word' id='word_1_200' title='bbox 1640 1739 1804 1768; x_wconf 91' lang='lat' dir='ltr'>uerum</span> <span class='ocrx_word' id='word_1_201' title='bbox 1825 1733 1869 1767; x_wconf 93' lang='lat' dir='ltr'>et</span> 
     </span>
     <span class='ocr_line' id='line_1_24' title="bbox 224 1803 1136 1856; baseline 0.001 -13"><span class='ocrx_word' id='word_1_202' title='bbox 224 1803 358 1853; x_wconf 86' lang='lat' dir='ltr'>alios,</span> <span class='ocrx_word' id='word_1_203' title='bbox 382 1804 460 1855; x_wconf 89' lang='lat' dir='ltr'>qui</span> <span class='ocrx_word' id='word_1_204' title='bbox 481 1805 651 1856; x_wconf 85' lang='lat' dir='ltr'>oppida</span> <span class='ocrx_word' id='word_1_205' title='bbox 670 1804 824 1844; x_wconf 90' lang='lat' dir='ltr'>uicina</span> <span class='ocrx_word' id='word_1_206' title='bbox 846 1804 1136 1845; x_wconf 87' lang='lat' dir='ltr'>habitabant.</span> 
     </span>
    </p>

    <p class='ocr_par' dir='ltr' id='par_1_3' title="bbox 224 1872 1873 2997">
     <span class='ocr_line' id='line_1_25' title="bbox 306 1872 1868 1928; baseline -0.002 -13"><span class='ocrx_word' id='word_1_207' title='bbox 306 1875 364 1915; x_wconf 90' lang='lat' dir='ltr'>Et</span> <span class='ocrx_word' id='word_1_208' title='bbox 380 1882 429 1916; x_wconf 94' lang='lat' dir='ltr'>ut</span> <span class='ocrx_word' id='word_1_209' title='bbox 446 1876 539 1916; x_wconf 89' lang='lat' dir='ltr'>iarn</span> <span class='ocrx_word' id='word_1_210' title='bbox 557 1875 613 1916; x_wconf 88' lang='lat' dir='ltr'>de</span> <span class='ocrx_word' id='word_1_211' title='bbox 632 1877 902 1917; x_wconf 88' lang='lat' dir='ltr'>domesticis</span> <span class='ocrx_word' id='word_1_212' title='bbox 921 1876 1159 1916; x_wconf 89' lang='lat' dir='ltr'>exercitiis</span> <span class='ocrx_word' id='word_1_213' title='bbox 1177 1875 1331 1928; x_wconf 90' lang='lat' dir='ltr'>aliqua</span> <span class='ocrx_word' id='word_1_214' title='bbox 1349 1875 1518 1925; x_wconf 88' lang='lat' dir='ltr'>dicam,</span> <span class='ocrx_word' id='word_1_215' title='bbox 1537 1873 1701 1914; x_wconf 92' lang='lat' dir='ltr'>eodem</span> <span class='ocrx_word' id='word_1_216' title='bbox 1717 1872 1868 1913; x_wconf 89' lang='lat' dir='ltr'>feruo-</span> 
     </span>
     <span class='ocr_line' id='line_1_26' title="bbox 227 1942 1866 1989; baseline -0.002 -3"><span class='ocrx_word' id='word_1_217' title='bbox 227 1958 276 1987; x_wconf 89' lang='lat' dir='ltr'>re</span> <span class='ocrx_word' id='word_1_218' title='bbox 299 1947 540 1988; x_wconf 89' lang='lat' dir='ltr'>litterariis</span> <span class='ocrx_word' id='word_1_219' title='bbox 563 1948 984 1989; x_wconf 81' lang='lat' dir='ltr'>exercitationibus</span> <span class='ocrx_word' id='word_1_220' title='bbox 1004 1947 1177 1988; x_wconf 87' lang='lat' dir='ltr'>fratres</span> <span class='ocrx_word' id='word_1_221' title='bbox 1198 1946 1489 1987; x_wconf 89' lang='lat' dir='ltr'>incumbunt.</span> <span class='ocrx_word' id='word_1_222' title='bbox 1513 1944 1759 1985; x_wconf 88' lang='lat' dir='ltr'>Habentur</span> <span class='ocrx_word' id='word_1_223' title='bbox 1779 1942 1866 1983; x_wconf 88' lang='lat' dir='ltr'>fre-</span> 
     </span>
     <span class='ocr_line' id='line_1_27' title="bbox 224 2014 1868 2071; baseline -0.003 -13"><span class='ocrx_word' id='word_1_224' title='bbox 224 2024 424 2070; x_wconf 85' lang='lat' dir='ltr'>quenter</span> <span class='ocrx_word' id='word_1_225' title='bbox 445 2020 699 2071; x_wconf 86' lang='lat' dir='ltr'>orationes,</span> <span class='ocrx_word' id='word_1_226' title='bbox 723 2019 1038 2060; x_wconf 85' lang='lat' dir='ltr'>defenduntur</span> <span class='ocrx_word' id='word_1_227' title='bbox 1051 2019 1353 2069; x_wconf 89' lang='lat' dir='ltr'>assertiones,</span> <span class='ocrx_word' id='word_1_228' title='bbox 1377 2017 1534 2058; x_wconf 89' lang='lat' dir='ltr'>multis</span> <span class='ocrx_word' id='word_1_229' title='bbox 1551 2029 1609 2056; x_wconf 80' lang='lat' dir='ltr'>ex</span> <span class='ocrx_word' id='word_1_230' title='bbox 1625 2014 1868 2056; x_wconf 86' lang='lat' dir='ltr'>scholasti—</span> 
     </span>
     <span class='ocr_line' id='line_1_28' title="bbox 227 2084 1870 2142; baseline -0.003 -13"><span class='ocrx_word' id='word_1_231' title='bbox 227 2090 296 2130; x_wconf 83' lang='lat' dir='ltr'>cis</span> <span class='ocrx_word' id='word_1_232' title='bbox 321 2091 529 2131; x_wconf 89' lang='lat' dir='ltr'>externis</span> <span class='ocrx_word' id='word_1_233' title='bbox 551 2092 611 2131; x_wconf 88' lang='lat' dir='ltr'>ad</span> <span class='ocrx_word' id='word_1_234' title='bbox 632 2103 714 2131; x_wconf 86' lang='lat' dir='ltr'>eas</span> <span class='ocrx_word' id='word_1_235' title='bbox 736 2091 1095 2131; x_wconf 89' lang='lat' dir='ltr'>confluentibus.</span> <span class='ocrx_word' id='word_1_236' title='bbox 1125 2090 1285 2142; x_wconf 91' lang='lat' dir='ltr'>Nuper</span> <span class='ocrx_word' id='word_1_237' title='bbox 1316 2089 1499 2141; x_wconf 91' lang='lat' dir='ltr'>accepti</span> <span class='ocrx_word' id='word_1_238' title='bbox 1529 2093 1637 2128; x_wconf 89' lang='lat' dir='ltr'>sunt</span> <span class='ocrx_word' id='word_1_239' title='bbox 1664 2092 1760 2127; x_wconf 90' lang='lat' dir='ltr'>tres</span> <span class='ocrx_word' id='word_1_240' title='bbox 1781 2084 1870 2125; x_wconf 90' lang='lat' dir='ltr'>fra-</span> 
     </span>
     <span class='ocr_line' id='line_1_29' title="bbox 227 2156 1869 2215; baseline -0.003 -14"><span class='ocrx_word' id='word_1_241' title='bbox 227 2168 339 2213; x_wconf 88' lang='lat' dir='ltr'>tres,</span> <span class='ocrx_word' id='word_1_242' title='bbox 363 2174 563 2214; x_wconf 89' lang='lat' dir='ltr'>quorum</span> <span class='ocrx_word' id='word_1_243' title='bbox 591 2163 785 2215; x_wconf 86' lang='lat' dir='ltr'>primus,</span> <span class='ocrx_word' id='word_1_244' title='bbox 816 2174 966 2203; x_wconf 86' lang='lat' dir='ltr'>annos</span> <span class='ocrx_word' id='word_1_245' title='bbox 992 2161 1039 2202; x_wconf 79' lang='lat'>16</span> <span class='ocrx_word' id='word_1_246' title='bbox 1065 2167 1219 2213; x_wconf 89' lang='lat' dir='ltr'>natus,</span> <span class='ocrx_word' id='word_1_247' title='bbox 1243 2162 1290 2201; x_wconf 93' lang='lat' dir='ltr'>in</span> <span class='ocrx_word' id='word_1_248' title='bbox 1317 2159 1673 2201; x_wconf 84' lang='lat' dir='ltr'>humanioribus</span> <span class='ocrx_word' id='word_1_249' title='bbox 1701 2156 1869 2198; x_wconf 89' lang='lat' dir='ltr'>litteris</span> 
     </span>
     <span class='ocr_line' id='line_1_30' title="bbox 228 2229 1870 2285; baseline -0.004 -12"><span class='ocrx_word' id='word_1_250' title='bbox 228 2233 528 2274; x_wconf 89' lang='lat' dir='ltr'>mediocriter</span> <span class='ocrx_word' id='word_1_251' title='bbox 550 2241 619 2274; x_wconf 92' lang='lat' dir='ltr'>est</span> <span class='ocrx_word' id='word_1_252' title='bbox 633 2234 858 2275; x_wconf 87' lang='lat' dir='ltr'>eruditus.</span> <span class='ocrx_word' id='word_1_253' title='bbox 878 2233 1162 2285; x_wconf 89' lang='lat' dir='ltr'>Degustauit</span> <span class='ocrx_word' id='word_1_254' title='bbox 1181 2244 1365 2285; x_wconf 84' lang='lat' dir='ltr'>quoque</span> <span class='ocrx_word' id='word_1_255' title='bbox 1383 2232 1674 2283; x_wconf 82' lang='lat' dir='ltr'>aliquantum</span> <span class='ocrx_word' id='word_1_256' title='bbox 1689 2229 1870 2269; x_wconf 88' lang='lat' dir='ltr'>litteras</span> 
     </span>
     <span class='ocr_line' id='line_1_31' title="bbox 229 2300 1870 2358; baseline -0.003 -13"><span class='ocrx_word' id='word_1_257' title='bbox 229 2316 447 2355; x_wconf 83' lang='lat' dir='ltr'>graecas,</span> <span class='ocrx_word' id='word_1_258' title='bbox 472 2312 514 2346; x_wconf 84' lang='lat' dir='ltr'>et</span> <span class='ocrx_word' id='word_1_259' title='bbox 538 2306 631 2346; x_wconf 90' lang='lat' dir='ltr'>iam</span> <span class='ocrx_word' id='word_1_260' title='bbox 653 2305 981 2358; x_wconf 88' lang='lat' dir='ltr'>philosophiae</span> <span class='ocrx_word' id='word_1_261' title='bbox 1005 2305 1085 2346; x_wconf 91' lang='lat' dir='ltr'>dat</span> <span class='ocrx_word' id='word_1_262' title='bbox 1115 2315 1322 2356; x_wconf 75' lang='lat' dir='ltr'>operam,</span> <span class='ocrx_word' id='word_1_263' title='bbox 1348 2304 1470 2344; x_wconf 89' lang='lat' dir='ltr'>inter</span> <span class='ocrx_word' id='word_1_264' title='bbox 1492 2303 1599 2351; x_wconf 91' lang='lat' dir='ltr'>alia,</span> <span class='ocrx_word' id='word_1_265' title='bbox 1628 2300 1870 2353; x_wconf 86' lang='lat' dir='ltr'>praeditus</span> 
     </span>
     <span class='ocr_line' id='line_1_32' title="bbox 231 2373 1868 2429; baseline -0.002 -14"><span class='ocrx_word' id='word_1_266' title='bbox 231 2383 301 2416; x_wconf 73' lang='lat' dir='ltr'>est</span> <span class='ocrx_word' id='word_1_267' title='bbox 322 2377 513 2428; x_wconf 89' lang='lat' dir='ltr'>ingenio</span> <span class='ocrx_word' id='word_1_268' title='bbox 536 2378 651 2418; x_wconf 89' lang='lat' dir='ltr'>satis</span> <span class='ocrx_word' id='word_1_269' title='bbox 674 2383 828 2418; x_wconf 90' lang='lat' dir='ltr'>acuto.</span> <span class='ocrx_word' id='word_1_270' title='bbox 862 2377 958 2418; x_wconf 90' lang='lat' dir='ltr'>Alii</span> <span class='ocrx_word' id='word_1_271' title='bbox 979 2388 1163 2429; x_wconf 88' lang='lat' dir='ltr'>quoque</span> <span class='ocrx_word' id='word_1_272' title='bbox 1187 2376 1278 2416; x_wconf 92' lang='lat' dir='ltr'>duo</span> <span class='ocrx_word' id='word_1_273' title='bbox 1314 2375 1411 2416; x_wconf 87' lang='lat' dir='ltr'>suis</span> <span class='ocrx_word' id='word_1_274' title='bbox 1439 2374 1625 2414; x_wconf 81' lang='lat' dir='ltr'>dotibus</span> <span class='ocrx_word' id='word_1_275' title='bbox 1647 2373 1868 2413; x_wconf 90' lang='lat' dir='ltr'>decoran-</span> 
     </span>
     <span class='ocr_line' id='line_1_33' title="bbox 231 2444 1871 2501; baseline -0.002 -14"><span class='ocrx_word' id='word_1_276' title='bbox 231 2454 321 2488; x_wconf 52' lang='lat' dir='ltr'>tur,</span> <span class='ocrx_word' id='word_1_277' title='bbox 352 2448 536 2489; x_wconf 85' lang='lat' dir='ltr'>Feruor</span> <span class='ocrx_word' id='word_1_278' title='bbox 569 2449 617 2489; x_wconf 92' lang='lat' dir='ltr'>in</span> <span class='ocrx_word' id='word_1_279' title='bbox 652 2449 975 2501; x_wconf 87' lang='lat' dir='ltr'>spiritualibus</span> <span class='ocrx_word' id='word_1_280' title='bbox 1010 2448 1250 2488; x_wconf 86' lang='lat' dir='ltr'>exercitiis</span> <span class='ocrx_word' id='word_1_281' title='bbox 1286 2446 1456 2487; x_wconf 89' lang='lat' dir='ltr'>crescit</span> <span class='ocrx_word' id='word_1_282' title='bbox 1491 2445 1607 2486; x_wconf 85' lang='lat' dir='ltr'>adeo</span> <span class='ocrx_word' id='word_1_283' title='bbox 1644 2451 1693 2484; x_wconf 93' lang='lat' dir='ltr'>ut</span> <span class='ocrx_word' id='word_1_284' title='bbox 1727 2444 1871 2484; x_wconf 88' lang='lat' dir='ltr'>multo</span> 
     </span>
     <span class='ocr_line' id='line_1_34' title="bbox 232 2514 1870 2577; baseline -0.002 -19"><span class='ocrx_word' id='word_1_285' title='bbox 232 2521 583 2560; x_wconf 87' lang='lat' dir='ltr'>necessariores</span> <span class='ocrx_word' id='word_1_286' title='bbox 605 2520 817 2560; x_wconf 87' lang='lat' dir='ltr'>habenae</span> <span class='ocrx_word' id='word_1_287' title='bbox 844 2520 935 2560; x_wconf 88' lang='lat' dir='ltr'>sint</span> <span class='ocrx_word' id='word_1_288' title='bbox 958 2531 1100 2572; x_wconf 89' lang='lat' dir='ltr'>quam</span> <span class='ocrx_word' id='word_1_289' title='bbox 1128 2519 1351 2577; x_wconf 83' lang='lat' dir='ltr'>calcaria.</span> <span class='ocrx_word' id='word_1_290' title='bbox 1380 2515 1710 2568; x_wconf 86' lang='lat' dir='ltr'>Magnificetur</span> <span class='ocrx_word' id='word_1_291' title='bbox 1741 2514 1870 2556; x_wconf 91' lang='lat' dir='ltr'>Chri-</span> 
     </span>
     <span class='ocr_line' id='line_1_35' title="bbox 232 2585 1872 2643; baseline -0.003 -13"><span class='ocrx_word' id='word_1_292' title='bbox 232 2596 346 2641; x_wconf 85' lang='lat' dir='ltr'>stus,</span> <span class='ocrx_word' id='word_1_293' title='bbox 371 2603 397 2631; x_wconf 89' lang='lat' dir='ltr'>a</span> <span class='ocrx_word' id='word_1_294' title='bbox 421 2603 511 2643; x_wconf 84' lang='lat' dir='ltr'>quo</span> <span class='ocrx_word' id='word_1_295' title='bbox 533 2592 721 2643; x_wconf 86' lang='lat' dir='ltr'>profluit</span> <span class='ocrx_word' id='word_1_296' title='bbox 743 2603 880 2632; x_wconf 92' lang='lat' dir='ltr'>omne</span> <span class='ocrx_word' id='word_1_297' title='bbox 900 2591 1089 2632; x_wconf 90' lang='lat' dir='ltr'>bonum.</span> <span class='ocrx_word' id='word_1_298' title='bbox 1123 2589 1378 2642; x_wconf 86' lang='lat' dir='ltr'>Splendent</span> <span class='ocrx_word' id='word_1_299' title='bbox 1405 2589 1453 2628; x_wconf 92' lang='lat' dir='ltr'>in</span> <span class='ocrx_word' id='word_1_300' title='bbox 1478 2588 1534 2628; x_wconf 87' lang='lat' dir='ltr'>iis</span> <span class='ocrx_word' id='word_1_301' title='bbox 1556 2585 1872 2627; x_wconf 88' lang='lat' dir='ltr'>dilectissimis</span> 
     </span>
     <span class='ocr_line' id='line_1_36' title="bbox 232 2657 1869 2714; baseline -0.002 -13"><span class='ocrx_word' id='word_1_302' title='bbox 232 2661 458 2702; x_wconf 84' lang='lat' dir='ltr'>fratribus</span> <span class='ocrx_word' id='word_1_303' title='bbox 479 2663 597 2703; x_wconf 90' lang='lat' dir='ltr'>meis</span> <span class='ocrx_word' id='word_1_304' title='bbox 619 2663 901 2714; x_wconf 90' lang='lat' dir='ltr'>obedientia,</span> <span class='ocrx_word' id='word_1_305' title='bbox 926 2662 1094 2713; x_wconf 90' lang='lat' dir='ltr'>oratio,</span> <span class='ocrx_word' id='word_1_306' title='bbox 1119 2660 1432 2710; x_wconf 85' lang='lat' dir='ltr'>mortificatio,</span> <span class='ocrx_word' id='word_1_307' title='bbox 1465 2659 1646 2709; x_wconf 85' lang='lat' dir='ltr'>religio,</span> <span class='ocrx_word' id='word_1_308' title='bbox 1671 2669 1727 2698; x_wconf 90' lang='lat' dir='ltr'>ac</span> <span class='ocrx_word' id='word_1_309' title='bbox 1749 2657 1869 2698; x_wconf 91' lang='lat' dir='ltr'>deni-</span> 
     </span>
     <span class='ocr_line' id='line_1_37' title="bbox 234 2729 1873 2785; baseline -0.003 -13"><span class='ocrx_word' id='word_1_310' title='bbox 234 2745 323 2784; x_wconf 82' lang='lat' dir='ltr'>que</span> <span class='ocrx_word' id='word_1_311' title='bbox 346 2733 646 2785; x_wconf 87' lang='lat' dir='ltr'>perfectionis</span> <span class='ocrx_word' id='word_1_312' title='bbox 669 2734 821 2774; x_wconf 90' lang='lat' dir='ltr'>omnis</span> <span class='ocrx_word' id='word_1_313' title='bbox 844 2733 1225 2774; x_wconf 89' lang='lat' dir='ltr'>ardentissimum</span> <span class='ocrx_word' id='word_1_314' title='bbox 1252 2731 1566 2784; x_wconf 89' lang='lat' dir='ltr'>desyderium.</span> <span class='ocrx_word' id='word_1_315' title='bbox 1590 2729 1873 2769; x_wconf 88' lang='lat' dir='ltr'>Declaratur</span> 
     </span>
     <span class='ocr_line' id='line_1_38' title="bbox 234 2801 1871 2856; baseline -0.003 -13"><span class='ocrx_word' id='word_1_316' title='bbox 234 2811 398 2854; x_wconf 89' lang='lat' dir='ltr'>aperte</span> <span class='ocrx_word' id='word_1_317' title='bbox 421 2816 562 2856; x_wconf 86' lang='lat' dir='ltr'>quam</span> <span class='ocrx_word' id='word_1_318' title='bbox 583 2805 775 2845; x_wconf 88' lang='lat' dir='ltr'>uberem</span> <span class='ocrx_word' id='word_1_319' title='bbox 795 2805 1004 2856; x_wconf 86' lang='lat' dir='ltr'>gratiam</span> <span class='ocrx_word' id='word_1_320' title='bbox 1026 2804 1230 2856; x_wconf 86' lang='lat' dir='ltr'>Spiritus</span> <span class='ocrx_word' id='word_1_321' title='bbox 1251 2802 1452 2844; x_wconf 83' lang='lat' dir='ltr'>Sanctus</span> <span class='ocrx_word' id='word_1_322' title='bbox 1477 2801 1544 2841; x_wconf 90' lang='lat' dir='ltr'>eis</span> <span class='ocrx_word' id='word_1_323' title='bbox 1564 2801 1612 2840; x_wconf 93' lang='lat' dir='ltr'>in</span> <span class='ocrx_word' id='word_1_324' title='bbox 1633 2811 1718 2840; x_wconf 91' lang='lat' dir='ltr'>sua</span> <span class='ocrx_word' id='word_1_325' title='bbox 1737 2810 1871 2839; x_wconf 93' lang='lat' dir='ltr'>uoca-</span> 
     </span>
     <span class='ocr_line' id='line_1_39' title="bbox 235 2868 1873 2926; baseline -0.004 -12"><span class='ocrx_word' id='word_1_326' title='bbox 235 2874 362 2914; x_wconf 90' lang='lat' dir='ltr'>tione</span> <span class='ocrx_word' id='word_1_327' title='bbox 385 2876 630 2926; x_wconf 85' lang='lat' dir='ltr'>largiatur,</span> <span class='ocrx_word' id='word_1_328' title='bbox 656 2877 730 2916; x_wconf 91' lang='lat' dir='ltr'>cui</span> <span class='ocrx_word' id='word_1_329' title='bbox 755 2876 915 2924; x_wconf 88' lang='lat' dir='ltr'>(ueluti</span> <span class='ocrx_word' id='word_1_330' title='bbox 949 2885 1246 2926; x_wconf 90' lang='lat' dir='ltr'>summopere</span> <span class='ocrx_word' id='word_1_331' title='bbox 1269 2872 1418 2922; x_wconf 86' lang='lat' dir='ltr'>decet)</span> <span class='ocrx_word' id='word_1_332' title='bbox 1451 2870 1735 2912; x_wconf 88' lang='lat' dir='ltr'>conformari</span> <span class='ocrx_word' id='word_1_333' title='bbox 1764 2868 1873 2909; x_wconf 92' lang='lat' dir='ltr'>totis</span> 
     </span>
     <span class='ocr_line' id='line_1_40' title="bbox 236 2943 1872 2997; baseline -0.004 -12"><span class='ocrx_word' id='word_1_334' title='bbox 236 2945 415 2986; x_wconf 90' lang='lat' dir='ltr'>uiribus</span> <span class='ocrx_word' id='word_1_335' title='bbox 453 2946 677 2986; x_wconf 88' lang='lat' dir='ltr'>nituntur.</span> <span class='ocrx_word' id='word_1_336' title='bbox 720 2945 863 2997; x_wconf 88' lang='lat' dir='ltr'>Deus,</span> <span class='ocrx_word' id='word_1_337' title='bbox 902 2946 1034 2986; x_wconf 89' lang='lat' dir='ltr'>cuius</span> <span class='ocrx_word' id='word_1_338' title='bbox 1076 2945 1251 2985; x_wconf 86' lang='lat' dir='ltr'>auxilio</span> <span class='ocrx_word' id='word_1_339' title='bbox 1295 2943 1355 2984; x_wconf 87' lang='lat' dir='ltr'>ad</span> <span class='ocrx_word' id='word_1_340' title='bbox 1390 2944 1506 2983; x_wconf 89' lang='lat' dir='ltr'>haec</span> <span class='ocrx_word' id='word_1_341' title='bbox 1541 2945 1872 2993; x_wconf 88' lang='lat' dir='ltr'>peruenerunt,</span> 
     </span>
    </p>
   </div>
  </div>
 </body>
</html>
