<?xml version="1.0" encoding="UTF-8"?>
<!DOCTYPE html PUBLIC "-//W3C//DTD XHTML 1.0 Transitional//EN"
    "http://www.w3.org/TR/xhtml1/DTD/xhtml1-transitional.dtd">
<html xmlns="http://www.w3.org/1999/xhtml" xml:lang="en" lang="en">
 <head>
  <title>
</title>
<meta http-equiv="Content-Type" content="text/html;charset=utf-8" />
  <meta name='ocr-system' content='tesseract 3.04.00' />
  <meta name='ocr-capabilities' content='ocr_page ocr_carea ocr_par ocr_line ocrx_word'/>
</head>
<body>
  <div class='ocr_page' id='page_1' title='image "./litteraequadrime15lain_0621.png"; bbox 0 0 2047 3179; ppageno 0'>
   <div class='ocr_carea' id='block_1_1' title="bbox 912 172 1842 210">
    <p class='ocr_par' dir='ltr' id='par_1_1' title="bbox 912 172 1842 210">
     <span class='ocr_line' id='line_1_1' title="bbox 912 172 1842 210; baseline 0.001 -1"><span class='ocrx_word' id='word_1_1' title='bbox 912 172 995 209; x_wconf 72' lang='lat' dir='ltr'>AN.</span> <span class='ocrx_word' id='word_1_2' title='bbox 1027 172 1117 209; x_wconf 53' lang='lat'>1555</span> <span class='ocrx_word' id='word_1_3' title='bbox 1771 174 1842 210; x_wconf 79' lang='lat'>615</span> 
     </span>
    </p>
   </div>
   <div class='ocr_carea' id='block_1_2' title="bbox 133 268 1842 2873">
    <p class='ocr_par' dir='ltr' id='par_1_2' title="bbox 206 268 1842 675">
     <span class='ocr_line' id='line_1_2' title="bbox 208 268 1839 320; baseline -0.002 -9"><span class='ocrx_word' id='word_1_4' title='bbox 208 271 370 319; x_wconf 78' lang='lat' dir='ltr'>nostri,</span> <span class='ocrx_word' id='word_1_5' title='bbox 394 283 479 312; x_wconf 91' lang='lat' dir='ltr'>nec</span> <span class='ocrx_word' id='word_1_6' title='bbox 496 283 634 311; x_wconf 87' lang='lat' dir='ltr'>sacra</span> <span class='ocrx_word' id='word_1_7' title='bbox 651 271 925 320; x_wconf 80' lang='lat' dir='ltr'>faceremuS,</span> <span class='ocrx_word' id='word_1_8' title='bbox 947 276 1025 309; x_wconf 87' lang='lat' dir='ltr'>aut</span> <span class='ocrx_word' id='word_1_9' title='bbox 1040 269 1309 309; x_wconf 73' lang='lat' dir='ltr'>audiremus</span> <span class='ocrx_word' id='word_1_10' title='bbox 1326 268 1660 319; x_wconf 86' lang='lat' dir='ltr'>confessiones,</span> <span class='ocrx_word' id='word_1_11' title='bbox 1686 270 1839 309; x_wconf 84' lang='lat' dir='ltr'>aliaue</span> 
     </span>
     <span class='ocr_line' id='line_1_3' title="bbox 208 339 1835 389; baseline 0 -9"><span class='ocrx_word' id='word_1_12' title='bbox 208 342 473 382; x_wconf 87' lang='lat' dir='ltr'>huiusmodi</span> <span class='ocrx_word' id='word_1_13' title='bbox 494 348 790 382; x_wconf 90' lang='lat' dir='ltr'>sacramenta</span> <span class='ocrx_word' id='word_1_14' title='bbox 807 351 1147 389; x_wconf 79' lang='lat' dir='ltr'>exerceremus,</span> <span class='ocrx_word' id='word_1_15' title='bbox 1170 345 1220 379; x_wconf 89' lang='lat' dir='ltr'>vt</span> <span class='ocrx_word' id='word_1_16' title='bbox 1237 339 1419 379; x_wconf 78' lang='lat' dir='ltr'>abunde</span> <span class='ocrx_word' id='word_1_17' title='bbox 1438 340 1483 379; x_wconf 87' lang='lat' dir='ltr'>in</span> <span class='ocrx_word' id='word_1_18' title='bbox 1502 351 1663 379; x_wconf 89' lang='lat' dir='ltr'>eorum</span> <span class='ocrx_word' id='word_1_19' title='bbox 1681 340 1835 380; x_wconf 82' lang='lat' dir='ltr'>edicto</span> 
     </span>
     <span class='ocr_line' id='line_1_4' title="bbox 209 410 1838 453; baseline -0.001 -1"><span class='ocrx_word' id='word_1_20' title='bbox 209 413 498 453; x_wconf 89' lang='lat' dir='ltr'>declaratum</span> <span class='ocrx_word' id='word_1_21' title='bbox 518 419 602 453; x_wconf 90' lang='lat' dir='ltr'>est.</span> <span class='ocrx_word' id='word_1_22' title='bbox 627 412 689 453; x_wconf 90' lang='lat' dir='ltr'>At</span> <span class='ocrx_word' id='word_1_23' title='bbox 706 413 968 452; x_wconf 89' lang='lat' dir='ltr'>truculenta</span> <span class='ocrx_word' id='word_1_24' title='bbox 985 422 1147 451; x_wconf 91' lang='lat' dir='ltr'>eorum</span> <span class='ocrx_word' id='word_1_25' title='bbox 1159 410 1355 450; x_wconf 75' lang='lat' dir='ltr'>vesania</span> <span class='ocrx_word' id='word_1_26' title='bbox 1372 410 1584 450; x_wconf 87' lang='lat' dir='ltr'>deflenda</span> <span class='ocrx_word' id='word_1_27' title='bbox 1602 418 1729 450; x_wconf 90' lang='lat' dir='ltr'>certe</span> <span class='ocrx_word' id='word_1_28' title='bbox 1747 422 1838 450; x_wconf 90' lang='lat' dir='ltr'>ma-</span> 
     </span>
     <span class='ocr_line' id='line_1_5' title="bbox 206 481 1840 535; baseline -0.002 -11"><span class='ocrx_word' id='word_1_29' title='bbox 206 484 280 535; x_wconf 85' lang='lat' dir='ltr'>gis</span> <span class='ocrx_word' id='word_1_30' title='bbox 301 484 413 524; x_wconf 88' lang='lat' dir='ltr'>mihi</span> <span class='ocrx_word' id='word_1_31' title='bbox 448 484 633 524; x_wconf 87' lang='lat' dir='ltr'>videtur</span> <span class='ocrx_word' id='word_1_32' title='bbox 667 495 804 535; x_wconf 90' lang='lat' dir='ltr'>quam</span> <span class='ocrx_word' id='word_1_33' title='bbox 839 482 1048 534; x_wconf 91' lang='lat' dir='ltr'>pluribus</span> <span class='ocrx_word' id='word_1_34' title='bbox 1079 481 1398 532; x_wconf 89' lang='lat' dir='ltr'>exprimenda.</span> <span class='ocrx_word' id='word_1_35' title='bbox 1435 481 1682 521; x_wconf 88' lang='lat' dir='ltr'>Innumera</span> <span class='ocrx_word' id='word_1_36' title='bbox 1717 483 1840 521; x_wconf 83' lang='lat' dir='ltr'>enim</span> 
     </span>
     <span class='ocr_line' id='line_1_6' title="bbox 207 551 1842 606; baseline -0.002 -12"><span class='ocrx_word' id='word_1_37' title='bbox 207 554 431 605; x_wconf 81' lang='lat' dir='ltr'>subticeo,</span> <span class='ocrx_word' id='word_1_38' title='bbox 472 566 592 605; x_wconf 87' lang='lat' dir='ltr'>quae</span> <span class='ocrx_word' id='word_1_39' title='bbox 627 555 800 606; x_wconf 78' lang='lat' dir='ltr'>absque</span> <span class='ocrx_word' id='word_1_40' title='bbox 843 552 1086 593; x_wconf 76' lang='lat' dir='ltr'>stomacho</span> <span class='ocrx_word' id='word_1_41' title='bbox 1127 563 1212 591; x_wconf 89' lang='lat' dir='ltr'>nec</span> <span class='ocrx_word' id='word_1_42' title='bbox 1255 551 1491 591; x_wconf 81' lang='lat' dir='ltr'>recenseri</span> <span class='ocrx_word' id='word_1_43' title='bbox 1513 583 1520 601; x_wconf 93' lang='lat'>,</span> <span class='ocrx_word' id='word_1_44' title='bbox 1562 564 1648 591; x_wconf 93' lang='lat' dir='ltr'>nec</span> <span class='ocrx_word' id='word_1_45' title='bbox 1691 552 1842 591; x_wconf 85' lang='lat' dir='ltr'>audiri</span> 
     </span>
     <span class='ocr_line' id='line_1_7' title="bbox 206 631 422 675; baseline -0.005 -11"><span class='ocrx_word' id='word_1_46' title='bbox 206 631 422 675; x_wconf 85' lang='lat' dir='ltr'>possunt.</span> 
     </span>
    </p>

    <p class='ocr_par' dir='ltr' id='par_1_3' title="bbox 195 693 1842 1524">
     <span class='ocr_line' id='line_1_8' title="bbox 286 693 1841 747; baseline -0.003 -11"><span class='ocrx_word' id='word_1_47' title='bbox 286 695 468 736; x_wconf 82' lang='lat' dir='ltr'>Interea</span> <span class='ocrx_word' id='word_1_48' title='bbox 490 702 647 736; x_wconf 88' lang='lat' dir='ltr'>autem</span> <span class='ocrx_word' id='word_1_49' title='bbox 669 708 695 736; x_wconf 91' lang='lat' dir='ltr'>a</span> <span class='ocrx_word' id='word_1_50' title='bbox 717 695 973 747; x_wconf 86' lang='lat' dir='ltr'>praeclaris</span> <span class='ocrx_word' id='word_1_51' title='bbox 995 706 1155 734; x_wconf 92' lang='lat' dir='ltr'>eorum</span> <span class='ocrx_word' id='word_1_52' title='bbox 1179 694 1342 734; x_wconf 88' lang='lat' dir='ltr'>edictis</span> <span class='ocrx_word' id='word_1_53' title='bbox 1380 700 1518 745; x_wconf 91' lang='lat' dir='ltr'>atque</span> <span class='ocrx_word' id='word_1_54' title='bbox 1555 693 1841 733; x_wconf 88' lang='lat' dir='ltr'>inhibitioni-</span> 
     </span>
     <span class='ocr_line' id='line_1_9' title="bbox 204 764 1835 818; baseline -0.002 -12"><span class='ocrx_word' id='word_1_55' title='bbox 204 766 288 805; x_wconf 87' lang='lat' dir='ltr'>bus</span> <span class='ocrx_word' id='word_1_56' title='bbox 311 766 366 806; x_wconf 88' lang='lat' dir='ltr'>ad</span> <span class='ocrx_word' id='word_1_57' title='bbox 390 764 556 806; x_wconf 86' lang='lat' dir='ltr'>Sedem</span> <span class='ocrx_word' id='word_1_58' title='bbox 571 766 895 818; x_wconf 88' lang='lat' dir='ltr'>Apostolicam</span> <span class='ocrx_word' id='word_1_59' title='bbox 916 765 1277 817; x_wconf 89' lang='lat' dir='ltr'>prouocauimus</span> <span class='ocrx_word' id='word_1_60' title='bbox 1299 771 1486 815; x_wconf 88' lang='lat' dir='ltr'>praeter</span> <span class='ocrx_word' id='word_1_61' title='bbox 1508 775 1671 803; x_wconf 90' lang='lat' dir='ltr'>eorum</span> <span class='ocrx_word' id='word_1_62' title='bbox 1688 775 1835 815; x_wconf 78' lang='lat' dir='ltr'>spem,</span> 
     </span>
     <span class='ocr_line' id='line_1_10' title="bbox 204 834 1840 888; baseline -0.001 -13"><span class='ocrx_word' id='word_1_63' title='bbox 204 842 254 876; x_wconf 80' lang='lat' dir='ltr'>vt</span> <span class='ocrx_word' id='word_1_64' title='bbox 274 837 351 888; x_wconf 91' lang='lat' dir='ltr'>qui</span> <span class='ocrx_word' id='word_1_65' title='bbox 380 838 438 877; x_wconf 84' lang='lat' dir='ltr'>ad</span> <span class='ocrx_word' id='word_1_66' title='bbox 468 837 890 888; x_wconf 83' lang='lat' dir='ltr'>Archiepiscopum</span> <span class='ocrx_word' id='word_1_67' title='bbox 925 848 1009 876; x_wconf 91' lang='lat' dir='ltr'>nos</span> <span class='ocrx_word' id='word_1_68' title='bbox 1045 836 1318 886; x_wconf 78' lang='lat' dir='ltr'>pertrahere</span> <span class='ocrx_word' id='word_1_69' title='bbox 1347 840 1646 874; x_wconf 79' lang='lat' dir='ltr'>conarentur.</span> <span class='ocrx_word' id='word_1_70' title='bbox 1686 834 1840 885; x_wconf 83' lang='lat' dir='ltr'>Quare</span> 
     </span>
     <span class='ocr_line' id='line_1_11' title="bbox 204 905 1840 957; baseline -0.002 -10"><span class='ocrx_word' id='word_1_71' title='bbox 204 919 309 947; x_wconf 78' lang='lat' dir='ltr'>cum</span> <span class='ocrx_word' id='word_1_72' title='bbox 332 918 434 947; x_wconf 89' lang='lat' dir='ltr'>sese</span> <span class='ocrx_word' id='word_1_73' title='bbox 457 908 519 947; x_wconf 87' lang='lat' dir='ltr'>ita</span> <span class='ocrx_word' id='word_1_74' title='bbox 538 908 733 947; x_wconf 87' lang='lat' dir='ltr'>laeuiter</span> <span class='ocrx_word' id='word_1_75' title='bbox 751 908 937 947; x_wconf 88' lang='lat' dir='ltr'>delusos</span> <span class='ocrx_word' id='word_1_76' title='bbox 957 913 1001 947; x_wconf 92' lang='lat' dir='ltr'>et</span> <span class='ocrx_word' id='word_1_77' title='bbox 1019 918 1101 946; x_wconf 87' lang='lat' dir='ltr'>sua</span> <span class='ocrx_word' id='word_1_78' title='bbox 1121 907 1451 957; x_wconf 82' lang='lat' dir='ltr'>expectatione</span> <span class='ocrx_word' id='word_1_79' title='bbox 1464 905 1717 945; x_wconf 84' lang='lat' dir='ltr'>frustratos</span> <span class='ocrx_word' id='word_1_80' title='bbox 1738 916 1840 945; x_wconf 87' lang='lat' dir='ltr'>esse</span> 
     </span>
     <span class='ocr_line' id='line_1_12' title="bbox 202 976 1840 1029; baseline -0.001 -12"><span class='ocrx_word' id='word_1_81' title='bbox 202 978 434 1028; x_wconf 82' lang='lat' dir='ltr'>viderunt,</span> <span class='ocrx_word' id='word_1_82' title='bbox 459 979 536 1029; x_wconf 90' lang='lat' dir='ltr'>qui</span> <span class='ocrx_word' id='word_1_83' title='bbox 558 979 662 1018; x_wconf 86' lang='lat' dir='ltr'>aliis</span> <span class='ocrx_word' id='word_1_84' title='bbox 684 990 849 1018; x_wconf 88' lang='lat' dir='ltr'>cruces</span> <span class='ocrx_word' id='word_1_85' title='bbox 872 978 1117 1029; x_wconf 80' lang='lat' dir='ltr'>parabant,</span> <span class='ocrx_word' id='word_1_86' title='bbox 1157 977 1357 1016; x_wconf 84' lang='lat' dir='ltr'>cruciari</span> <span class='ocrx_word' id='word_1_87' title='bbox 1381 976 1548 1016; x_wconf 87' lang='lat' dir='ltr'>misere</span> <span class='ocrx_word' id='word_1_88' title='bbox 1570 976 1658 1027; x_wconf 87' lang='lat' dir='ltr'>ipsi</span> <span class='ocrx_word' id='word_1_89' title='bbox 1681 987 1840 1027; x_wconf 90' lang='lat' dir='ltr'>coepe-</span> 
     </span>
     <span class='ocr_line' id='line_1_13' title="bbox 202 1048 1842 1100; baseline -0.001 -12"><span class='ocrx_word' id='word_1_90' title='bbox 202 1055 309 1088; x_wconf 87' lang='lat' dir='ltr'>runt</span> <span class='ocrx_word' id='word_1_91' title='bbox 331 1056 374 1088; x_wconf 91' lang='lat' dir='ltr'>et</span> <span class='ocrx_word' id='word_1_92' title='bbox 396 1050 520 1099; x_wconf 84' lang='lat' dir='ltr'>angi,</span> <span class='ocrx_word' id='word_1_93' title='bbox 546 1049 625 1089; x_wconf 85' lang='lat' dir='ltr'>sed</span> <span class='ocrx_word' id='word_1_94' title='bbox 650 1056 692 1088; x_wconf 73' lang='lat' dir='ltr'>et</span> <span class='ocrx_word' id='word_1_95' title='bbox 713 1050 873 1089; x_wconf 81' lang='lat' dir='ltr'>literas</span> <span class='ocrx_word' id='word_1_96' title='bbox 891 1048 1260 1100; x_wconf 87' lang='lat' dir='ltr'>prouocationis,</span> <span class='ocrx_word' id='word_1_97' title='bbox 1282 1048 1487 1098; x_wconf 89' lang='lat' dir='ltr'>quandiu</span> <span class='ocrx_word' id='word_1_98' title='bbox 1504 1055 1712 1098; x_wconf 88' lang='lat' dir='ltr'>potuere,</span> <span class='ocrx_word' id='word_1_99' title='bbox 1735 1059 1842 1086; x_wconf 91' lang='lat' dir='ltr'>con-</span> 
     </span>
     <span class='ocr_line' id='line_1_14' title="bbox 202 1117 1839 1171; baseline -0.002 -11"><span class='ocrx_word' id='word_1_100' title='bbox 202 1119 367 1160; x_wconf 88' lang='lat' dir='ltr'>cedere</span> <span class='ocrx_word' id='word_1_101' title='bbox 406 1127 754 1171; x_wconf 89' lang='lat' dir='ltr'>protraxerunt.</span> <span class='ocrx_word' id='word_1_102' title='bbox 808 1119 966 1160; x_wconf 86' lang='lat' dir='ltr'>Multis</span> <span class='ocrx_word' id='word_1_103' title='bbox 1005 1119 1145 1159; x_wconf 88' lang='lat' dir='ltr'>etiam</span> <span class='ocrx_word' id='word_1_104' title='bbox 1196 1119 1421 1159; x_wconf 89' lang='lat' dir='ltr'>molestiis</span> <span class='ocrx_word' id='word_1_105' title='bbox 1460 1119 1613 1170; x_wconf 88' lang='lat' dir='ltr'>ipsum</span> <span class='ocrx_word' id='word_1_106' title='bbox 1654 1117 1839 1157; x_wconf 86' lang='lat' dir='ltr'>Patrem</span> 
     </span>
     <span class='ocr_line' id='line_1_15' title="bbox 201 1188 1836 1241; baseline -0.001 -11"><span class='ocrx_word' id='word_1_107' title='bbox 201 1197 415 1230; x_wconf 88' lang='lat' dir='ltr'>nostrum</span> <span class='ocrx_word' id='word_1_108' title='bbox 441 1190 448 1208; x_wconf 91' lang='lat'><strong>¹</strong></span> <span class='ocrx_word' id='word_1_109' title='bbox 475 1191 612 1241; x_wconf 89' lang='lat' dir='ltr'>(quod</span> <span class='ocrx_word' id='word_1_110' title='bbox 634 1191 692 1230; x_wconf 89' lang='lat' dir='ltr'>ad</span> <span class='ocrx_word' id='word_1_111' title='bbox 728 1202 776 1231; x_wconf 93' lang='lat' dir='ltr'>se</span> <span class='ocrx_word' id='word_1_112' title='bbox 811 1190 941 1230; x_wconf 87' lang='lat' dir='ltr'>adire</span> <span class='ocrx_word' id='word_1_113' title='bbox 973 1190 1164 1230; x_wconf 80' lang='lat' dir='ltr'>alternis</span> <span class='ocrx_word' id='word_1_114' title='bbox 1195 1189 1356 1229; x_wconf 91' lang='lat' dir='ltr'>diebus</span> <span class='ocrx_word' id='word_1_115' title='bbox 1392 1188 1717 1240; x_wconf 88' lang='lat' dir='ltr'>compellebat)</span> <span class='ocrx_word' id='word_1_116' title='bbox 1748 1188 1836 1228; x_wconf 86' lang='lat' dir='ltr'>affi-</span> 
     </span>
     <span class='ocr_line' id='line_1_16' title="bbox 201 1259 1838 1313; baseline -0.002 -12"><span class='ocrx_word' id='word_1_117' title='bbox 201 1262 376 1301; x_wconf 88' lang='lat' dir='ltr'>cientes</span> <span class='ocrx_word' id='word_1_118' title='bbox 397 1261 788 1313; x_wconf 86' lang='lat' dir='ltr'>frequentissime;</span> <span class='ocrx_word' id='word_1_119' title='bbox 810 1261 939 1301; x_wconf 89' lang='lat' dir='ltr'>cuius</span> <span class='ocrx_word' id='word_1_120' title='bbox 960 1268 1115 1301; x_wconf 88' lang='lat' dir='ltr'>tamen</span> <span class='ocrx_word' id='word_1_121' title='bbox 1138 1260 1418 1312; x_wconf 91' lang='lat' dir='ltr'>importunis</span> <span class='ocrx_word' id='word_1_122' title='bbox 1448 1259 1838 1300; x_wconf 79' lang='lat' dir='ltr'>solicitationibus</span> 
     </span>
     <span class='ocr_line' id='line_1_17' title="bbox 198 1331 1837 1383; baseline -0.002 -11"><span class='ocrx_word' id='word_1_123' title='bbox 198 1332 424 1372; x_wconf 90' lang='lat' dir='ltr'>obsistere</span> <span class='ocrx_word' id='word_1_124' title='bbox 446 1344 538 1372; x_wconf 91' lang='lat' dir='ltr'>non</span> <span class='ocrx_word' id='word_1_125' title='bbox 559 1339 824 1383; x_wconf 90' lang='lat' dir='ltr'>potuerunt,</span> <span class='ocrx_word' id='word_1_126' title='bbox 849 1339 892 1372; x_wconf 92' lang='lat' dir='ltr'>et</span> <span class='ocrx_word' id='word_1_127' title='bbox 913 1344 1049 1383; x_wconf 87' lang='lat' dir='ltr'>quem</span> <span class='ocrx_word' id='word_1_128' title='bbox 1068 1332 1196 1383; x_wconf 88' lang='lat' dir='ltr'>prius</span> <span class='ocrx_word' id='word_1_129' title='bbox 1215 1332 1350 1371; x_wconf 90' lang='lat' dir='ltr'>minis</span> <span class='ocrx_word' id='word_1_130' title='bbox 1375 1331 1611 1371; x_wconf 84' lang='lat' dir='ltr'>deterrere</span> <span class='ocrx_word' id='word_1_131' title='bbox 1626 1331 1837 1370; x_wconf 90' lang='lat' dir='ltr'>niteban-</span> 
     </span>
     <span class='ocr_line' id='line_1_18' title="bbox 197 1401 1833 1452; baseline -0.002 -9"><span class='ocrx_word' id='word_1_132' title='bbox 197 1408 287 1452; x_wconf 86' lang='lat' dir='ltr'>tur,</span> <span class='ocrx_word' id='word_1_133' title='bbox 310 1403 404 1443; x_wconf 91' lang='lat' dir='ltr'>iam</span> <span class='ocrx_word' id='word_1_134' title='bbox 424 1403 745 1443; x_wconf 86' lang='lat' dir='ltr'>blandioribus</span> <span class='ocrx_word' id='word_1_135' title='bbox 766 1403 922 1443; x_wconf 87' lang='lat' dir='ltr'>verbis</span> <span class='ocrx_word' id='word_1_136' title='bbox 943 1403 1206 1443; x_wconf 85' lang='lat' dir='ltr'>demulcere</span> <span class='ocrx_word' id='word_1_137' title='bbox 1234 1402 1496 1450; x_wconf 87' lang='lat' dir='ltr'>studebant,</span> <span class='ocrx_word' id='word_1_138' title='bbox 1530 1407 1581 1441; x_wconf 87' lang='lat' dir='ltr'>vt</span> <span class='ocrx_word' id='word_1_139' title='bbox 1611 1401 1833 1452; x_wconf 86' lang='lat' dir='ltr'>Episcopi</span> 
     </span>
     <span class='ocr_line' id='line_1_19' title="bbox 195 1474 1289 1524; baseline -0.001 -10"><span class='ocrx_word' id='word_1_140' title='bbox 195 1474 398 1524; x_wconf 90' lang='lat' dir='ltr'>imperio</span> <span class='ocrx_word' id='word_1_141' title='bbox 419 1474 686 1514; x_wconf 90' lang='lat' dir='ltr'>institutum</span> <span class='ocrx_word' id='word_1_142' title='bbox 704 1480 916 1514; x_wconf 89' lang='lat' dir='ltr'>nostrum</span> <span class='ocrx_word' id='word_1_143' title='bbox 938 1474 1289 1514; x_wconf 88' lang='lat' dir='ltr'>subiiceremus.</span> 
     </span>
    </p>

    <p class='ocr_par' dir='ltr' id='par_1_4' title="bbox 190 1544 1837 2507">
     <span class='ocr_line' id='line_1_20' title="bbox 278 1544 1835 1596; baseline -0.001 -12"><span class='ocrx_word' id='word_1_144' title='bbox 278 1544 393 1585; x_wconf 90' lang='lat' dir='ltr'>Cum</span> <span class='ocrx_word' id='word_1_145' title='bbox 406 1552 563 1585; x_wconf 88' lang='lat' dir='ltr'>autem</span> <span class='ocrx_word' id='word_1_146' title='bbox 579 1552 646 1585; x_wconf 90' lang='lat' dir='ltr'>tot</span> <span class='ocrx_word' id='word_1_147' title='bbox 663 1545 878 1596; x_wconf 88' lang='lat' dir='ltr'>procellis</span> <span class='ocrx_word' id='word_1_148' title='bbox 892 1551 935 1584; x_wconf 90' lang='lat' dir='ltr'>et</span> <span class='ocrx_word' id='word_1_149' title='bbox 951 1545 1168 1585; x_wconf 86' lang='lat' dir='ltr'>fluctibus</span> <span class='ocrx_word' id='word_1_150' title='bbox 1186 1545 1460 1584; x_wconf 90' lang='lat' dir='ltr'>obrueretur</span> <span class='ocrx_word' id='word_1_151' title='bbox 1474 1545 1644 1596; x_wconf 84' lang='lat' dir='ltr'>cymba</span> <span class='ocrx_word' id='word_1_152' title='bbox 1658 1549 1835 1594; x_wconf 88' lang='lat' dir='ltr'>nostra,</span> 
     </span>
     <span class='ocr_line' id='line_1_21' title="bbox 199 1614 1836 1667; baseline -0.001 -12"><span class='ocrx_word' id='word_1_153' title='bbox 199 1627 341 1655; x_wconf 88' lang='lat' dir='ltr'>suasu</span> <span class='ocrx_word' id='word_1_154' title='bbox 363 1616 876 1667; x_wconf 81' lang='lat' dir='ltr'>praestantissimorum</span> <span class='ocrx_word' id='word_1_155' title='bbox 912 1616 1137 1665; x_wconf 87' lang='lat' dir='ltr'>virorum,</span> <span class='ocrx_word' id='word_1_156' title='bbox 1171 1616 1229 1655; x_wconf 91' lang='lat' dir='ltr'>ab</span> <span class='ocrx_word' id='word_1_157' title='bbox 1258 1615 1502 1655; x_wconf 89' lang='lat' dir='ltr'>audiendis</span> <span class='ocrx_word' id='word_1_158' title='bbox 1537 1614 1836 1654; x_wconf 86' lang='lat' dir='ltr'>confessioni-</span> 
     </span>
     <span class='ocr_line' id='line_1_22' title="bbox 196 1685 1836 1738; baseline -0.001 -12"><span class='ocrx_word' id='word_1_159' title='bbox 196 1686 281 1726; x_wconf 91' lang='lat' dir='ltr'>bus</span> <span class='ocrx_word' id='word_1_160' title='bbox 304 1687 427 1738; x_wconf 86' lang='lat' dir='ltr'>apud</span> <span class='ocrx_word' id='word_1_161' title='bbox 451 1685 495 1727; x_wconf 78' lang='lat' dir='ltr'>S.</span> <span class='ocrx_word' id='word_1_162' title='bbox 523 1686 825 1737; x_wconf 81' lang='lat' dir='ltr'>Germanum,</span> <span class='ocrx_word' id='word_1_163' title='bbox 850 1699 939 1738; x_wconf 86' lang='lat' dir='ltr'>quo</span> <span class='ocrx_word' id='word_1_164' title='bbox 971 1686 1196 1726; x_wconf 87' lang='lat' dir='ltr'>accedere</span> <span class='ocrx_word' id='word_1_165' title='bbox 1233 1687 1581 1729; x_wconf 72' lang='lat' dir='ltr'>consueuimus,</span> <span class='ocrx_word' id='word_1_166' title='bbox 1625 1686 1836 1736; x_wconf 88' lang='lat' dir='ltr'>aliquan-</span> 
     </span>
     <span class='ocr_line' id='line_1_23' title="bbox 199 1757 1834 1809; baseline -0.001 -12"><span class='ocrx_word' id='word_1_167' title='bbox 199 1757 344 1809; x_wconf 86' lang='lat' dir='ltr'>tisper</span> <span class='ocrx_word' id='word_1_168' title='bbox 375 1766 610 1798; x_wconf 87' lang='lat' dir='ltr'>cessatum</span> <span class='ocrx_word' id='word_1_169' title='bbox 650 1766 733 1808; x_wconf 87' lang='lat' dir='ltr'>est,</span> <span class='ocrx_word' id='word_1_170' title='bbox 774 1770 830 1797; x_wconf 91' lang='lat' dir='ltr'>ne</span> <span class='ocrx_word' id='word_1_171' title='bbox 870 1758 1027 1808; x_wconf 88' lang='lat' dir='ltr'>gladio</span> <span class='ocrx_word' id='word_1_172' title='bbox 1068 1758 1225 1808; x_wconf 82' lang='lat' dir='ltr'>ignem</span> <span class='ocrx_word' id='word_1_173' title='bbox 1262 1757 1513 1797; x_wconf 82' lang='lat' dir='ltr'>confodere</span> <span class='ocrx_word' id='word_1_174' title='bbox 1552 1757 1834 1807; x_wconf 88' lang='lat' dir='ltr'>videremur,</span> 
     </span>
     <span class='ocr_line' id='line_1_24' title="bbox 196 1827 1837 1880; baseline -0.001 -12"><span class='ocrx_word' id='word_1_175' title='bbox 196 1840 404 1880; x_wconf 91' lang='lat' dir='ltr'>quousqe</span> <span class='ocrx_word' id='word_1_176' title='bbox 429 1830 638 1880; x_wconf 88' lang='lat' dir='ltr'>diploma</span> <span class='ocrx_word' id='word_1_177' title='bbox 670 1829 1018 1880; x_wconf 89' lang='lat' dir='ltr'>prouocationis</span> <span class='ocrx_word' id='word_1_178' title='bbox 1053 1829 1111 1869; x_wconf 88' lang='lat' dir='ltr'>ad</span> <span class='ocrx_word' id='word_1_179' title='bbox 1147 1828 1315 1868; x_wconf 85' lang='lat' dir='ltr'>Sedem</span> <span class='ocrx_word' id='word_1_180' title='bbox 1346 1828 1671 1879; x_wconf 83' lang='lat' dir='ltr'>Apostolicam</span> <span class='ocrx_word' id='word_1_181' title='bbox 1698 1827 1837 1879; x_wconf 89' lang='lat' dir='ltr'>(quod</span> 
     </span>
     <span class='ocr_line' id='line_1_25' title="bbox 198 1898 1837 1947; baseline 0 -9"><span class='ocrx_word' id='word_1_182' title='bbox 198 1898 257 1938; x_wconf 88' lang='lat' dir='ltr'>ad</span> <span class='ocrx_word' id='word_1_183' title='bbox 289 1900 438 1940; x_wconf 90' lang='lat' dir='ltr'>nostri</span> <span class='ocrx_word' id='word_1_184' title='bbox 469 1900 713 1939; x_wconf 87' lang='lat' dir='ltr'>tuitionem</span> <span class='ocrx_word' id='word_1_185' title='bbox 734 1911 976 1940; x_wconf 88' lang='lat' dir='ltr'>necessum</span> <span class='ocrx_word' id='word_1_186' title='bbox 999 1901 1116 1947; x_wconf 88' lang='lat' dir='ltr'>erat)</span> <span class='ocrx_word' id='word_1_187' title='bbox 1154 1900 1531 1939; x_wconf 77' lang='lat' dir='ltr'>extorsissemus.</span> <span class='ocrx_word' id='word_1_188' title='bbox 1563 1898 1659 1939; x_wconf 92' lang='lat' dir='ltr'>Nec</span> <span class='ocrx_word' id='word_1_189' title='bbox 1680 1904 1837 1938; x_wconf 89' lang='lat' dir='ltr'>tamen</span> 
     </span>
     <span class='ocr_line' id='line_1_26' title="bbox 203 1970 1835 2021; baseline -0.001 -11"><span class='ocrx_word' id='word_1_190' title='bbox 203 1970 325 2010; x_wconf 86' lang='lat' dir='ltr'>inter</span> <span class='ocrx_word' id='word_1_191' title='bbox 343 1976 501 2010; x_wconf 89' lang='lat' dir='ltr'>tantas</span> <span class='ocrx_word' id='word_1_192' title='bbox 522 1970 672 2010; x_wconf 87' lang='lat' dir='ltr'>vndas</span> <span class='ocrx_word' id='word_1_193' title='bbox 695 1982 749 2010; x_wconf 91' lang='lat' dir='ltr'>ac</span> <span class='ocrx_word' id='word_1_194' title='bbox 772 1976 1074 2020; x_wconf 82' lang='lat' dir='ltr'>tempestates</span> <span class='ocrx_word' id='word_1_195' title='bbox 1110 1981 1253 2021; x_wconf 84' lang='lat' dir='ltr'>agere</span> <span class='ocrx_word' id='word_1_196' title='bbox 1284 1981 1456 2021; x_wconf 86' lang='lat' dir='ltr'>remos,</span> <span class='ocrx_word' id='word_1_197' title='bbox 1486 1975 1711 2021; x_wconf 90' lang='lat' dir='ltr'>quantum</span> <span class='ocrx_word' id='word_1_198' title='bbox 1732 1980 1835 2020; x_wconf 91' lang='lat' dir='ltr'>sup-</span> 
     </span>
     <span class='ocr_line' id='line_1_27' title="bbox 193 2040 1836 2092; baseline -0.001 -11"><span class='ocrx_word' id='word_1_199' title='bbox 193 2042 414 2092; x_wconf 84' lang='lat' dir='ltr'>petebant</span> <span class='ocrx_word' id='word_1_200' title='bbox 435 2042 575 2092; x_wconf 84' lang='lat' dir='ltr'>vires,</span> <span class='ocrx_word' id='word_1_201' title='bbox 605 2041 881 2092; x_wconf 88' lang='lat' dir='ltr'>destitimus,</span> <span class='ocrx_word' id='word_1_202' title='bbox 913 2053 999 2081; x_wconf 90' lang='lat' dir='ltr'>nec</span> <span class='ocrx_word' id='word_1_203' title='bbox 1022 2042 1174 2081; x_wconf 91' lang='lat' dir='ltr'>minus</span> <span class='ocrx_word' id='word_1_204' title='bbox 1197 2053 1341 2092; x_wconf 90' lang='lat' dir='ltr'>quam</span> <span class='ocrx_word' id='word_1_205' title='bbox 1371 2048 1512 2081; x_wconf 88' lang='lat' dir='ltr'>antea</span> <span class='ocrx_word' id='word_1_206' title='bbox 1548 2040 1836 2092; x_wconf 87' lang='lat' dir='ltr'>spiritalibus</span> 
     </span>
     <span class='ocr_line' id='line_1_28' title="bbox 194 2111 1834 2163; baseline -0.001 -11"><span class='ocrx_word' id='word_1_207' title='bbox 194 2112 399 2163; x_wconf 87' lang='lat' dir='ltr'>negotiis</span> <span class='ocrx_word' id='word_1_208' title='bbox 420 2112 753 2152; x_wconf 90' lang='lat' dir='ltr'>insudauimus.</span> <span class='ocrx_word' id='word_1_209' title='bbox 790 2111 1008 2152; x_wconf 90' lang='lat' dir='ltr'>Consiliis</span> <span class='ocrx_word' id='word_1_210' title='bbox 1044 2112 1227 2163; x_wconf 88' lang='lat' dir='ltr'>piisque</span> <span class='ocrx_word' id='word_1_211' title='bbox 1266 2111 1691 2162; x_wconf 82' lang='lat' dir='ltr'>exhortationibus,</span> <span class='ocrx_word' id='word_1_212' title='bbox 1726 2118 1834 2162; x_wconf 84' lang='lat' dir='ltr'>quo·</span> 
     </span>
     <span class='ocr_line' id='line_1_29' title="bbox 190 2182 1832 2234; baseline -0.001 -11"><span class='ocrx_word' id='word_1_213' title='bbox 190 2184 479 2234; x_wconf 90' lang='lat' dir='ltr'>tiescumque</span> <span class='ocrx_word' id='word_1_214' title='bbox 496 2183 595 2223; x_wconf 87' lang='lat' dir='ltr'>fieri</span> <span class='ocrx_word' id='word_1_215' title='bbox 614 2183 855 2223; x_wconf 90' lang='lat' dir='ltr'>commode</span> <span class='ocrx_word' id='word_1_216' title='bbox 872 2184 1039 2234; x_wconf 88' lang='lat' dir='ltr'>potuit,</span> <span class='ocrx_word' id='word_1_217' title='bbox 1063 2190 1107 2223; x_wconf 93' lang='lat' dir='ltr'>et</span> <span class='ocrx_word' id='word_1_218' title='bbox 1124 2183 1450 2234; x_wconf 90' lang='lat' dir='ltr'>pernoctando</span> <span class='ocrx_word' id='word_1_219' title='bbox 1468 2183 1591 2234; x_wconf 89' lang='lat' dir='ltr'>apud</span> <span class='ocrx_word' id='word_1_220' title='bbox 1608 2182 1832 2232; x_wconf 86' lang='lat' dir='ltr'>infirmos,</span> 
     </span>
     <span class='ocr_line' id='line_1_30' title="bbox 192 2253 1835 2305; baseline 0 -11"><span class='ocrx_word' id='word_1_221' title='bbox 192 2264 235 2294; x_wconf 84' lang='lat' dir='ltr'>et</span> <span class='ocrx_word' id='word_1_222' title='bbox 265 2253 374 2294; x_wconf 87' lang='lat' dir='ltr'>dum</span> <span class='ocrx_word' id='word_1_223' title='bbox 409 2255 615 2294; x_wconf 88' lang='lat' dir='ltr'>animam</span> <span class='ocrx_word' id='word_1_224' title='bbox 651 2261 846 2305; x_wconf 83' lang='lat' dir='ltr'>agerent</span> <span class='ocrx_word' id='word_1_225' title='bbox 877 2254 1244 2294; x_wconf 88' lang='lat' dir='ltr'>corroborantes</span> <span class='ocrx_word' id='word_1_226' title='bbox 1276 2266 1381 2294; x_wconf 91' lang='lat' dir='ltr'>cum</span> <span class='ocrx_word' id='word_1_227' title='bbox 1418 2264 1590 2305; x_wconf 87' lang='lat' dir='ltr'>magna</span> <span class='ocrx_word' id='word_1_228' title='bbox 1627 2254 1835 2294; x_wconf 88' lang='lat' dir='ltr'>omnium</span> 
     </span>
     <span class='ocr_line' id='line_1_31' title="bbox 193 2325 1836 2377; baseline 0 -12"><span class='ocrx_word' id='word_1_229' title='bbox 193 2325 529 2376; x_wconf 88' lang='lat' dir='ltr'>aedificatione,</span> <span class='ocrx_word' id='word_1_230' title='bbox 555 2326 677 2377; x_wconf 86' lang='lat' dir='ltr'>quod</span> <span class='ocrx_word' id='word_1_231' title='bbox 701 2337 863 2365; x_wconf 89' lang='lat' dir='ltr'>rarum</span> <span class='ocrx_word' id='word_1_232' title='bbox 887 2325 946 2365; x_wconf 92' lang='lat' dir='ltr'>sit</span> <span class='ocrx_word' id='word_1_233' title='bbox 966 2331 1010 2365; x_wconf 91' lang='lat' dir='ltr'>et</span> <span class='ocrx_word' id='word_1_234' title='bbox 1030 2337 1151 2377; x_wconf 90' lang='lat' dir='ltr'>pene</span> <span class='ocrx_word' id='word_1_235' title='bbox 1172 2325 1451 2375; x_wconf 90' lang='lat' dir='ltr'>inauditum,</span> <span class='ocrx_word' id='word_1_236' title='bbox 1475 2331 1526 2365; x_wconf 91' lang='lat' dir='ltr'>vt</span> <span class='ocrx_word' id='word_1_237' title='bbox 1548 2325 1612 2365; x_wconf 88' lang='lat' dir='ltr'>ita</span> <span class='ocrx_word' id='word_1_238' title='bbox 1633 2325 1774 2365; x_wconf 91' lang='lat' dir='ltr'>libere</span> <span class='ocrx_word' id='word_1_239' title='bbox 1792 2331 1836 2364; x_wconf 90' lang='lat' dir='ltr'>et</span> 
     </span>
     <span class='ocr_line' id='line_1_32' title="bbox 192 2395 1836 2447; baseline 0 -12"><span class='ocrx_word' id='word_1_240' title='bbox 192 2397 342 2447; x_wconf 85' lang='lat' dir='ltr'>gratis</span> <span class='ocrx_word' id='word_1_241' title='bbox 360 2408 414 2437; x_wconf 93' lang='lat' dir='ltr'>ac</span> <span class='ocrx_word' id='word_1_242' title='bbox 437 2397 535 2436; x_wconf 89' lang='lat' dir='ltr'>sine</span> <span class='ocrx_word' id='word_1_243' title='bbox 566 2397 659 2436; x_wconf 83' lang='lat' dir='ltr'>vlla</span> <span class='ocrx_word' id='word_1_244' title='bbox 697 2396 1075 2436; x_wconf 86' lang='lat' dir='ltr'>remuneratione</span> <span class='ocrx_word' id='word_1_245' title='bbox 1111 2408 1201 2436; x_wconf 90' lang='lat' dir='ltr'>nos</span> <span class='ocrx_word' id='word_1_246' title='bbox 1241 2397 1406 2436; x_wconf 88' lang='lat' dir='ltr'>alienis</span> <span class='ocrx_word' id='word_1_247' title='bbox 1444 2395 1679 2447; x_wconf 86' lang='lat' dir='ltr'>obsequiis</span> <span class='ocrx_word' id='word_1_248' title='bbox 1701 2396 1836 2436; x_wconf 91' lang='lat' dir='ltr'>deuo-</span> 
     </span>
     <span class='ocr_line' id='line_1_33' title="bbox 193 2478 404 2507; baseline 0.005 -1"><span class='ocrx_word' id='word_1_249' title='bbox 193 2478 404 2507; x_wconf 81' lang='lat' dir='ltr'>ueamuS.</span> 
     </span>
    </p>

    <p class='ocr_par' dir='ltr' id='par_1_5' title="bbox 133 2536 1833 2873">
     <span class='ocr_line' id='line_1_34' title="bbox 271 2536 1833 2589; baseline 0 -12"><span class='ocrx_word' id='word_1_250' title='bbox 271 2536 738 2578; x_wconf 90' lang='lat' dir='ltr'>Obseruandissimus</span> <span class='ocrx_word' id='word_1_251' title='bbox 760 2545 915 2578; x_wconf 90' lang='lat' dir='ltr'>autem</span> <span class='ocrx_word' id='word_1_252' title='bbox 936 2537 1075 2578; x_wconf 89' lang='lat' dir='ltr'>Pater</span> <span class='ocrx_word' id='word_1_253' title='bbox 1098 2537 1227 2578; x_wconf 54' lang='lat' dir='ltr'>DNS</span> <span class='ocrx_word' id='word_1_254' title='bbox 1258 2537 1559 2588; x_wconf 82' lang='lat' dir='ltr'>Paschasius,</span> <span class='ocrx_word' id='word_1_255' title='bbox 1593 2538 1671 2589; x_wconf 90' lang='lat' dir='ltr'>qui</span> <span class='ocrx_word' id='word_1_256' title='bbox 1697 2537 1833 2577; x_wconf 89' lang='lat' dir='ltr'>nullis</span> 
     </span>
     <span class='ocr_line' id='line_1_35' title="bbox 133 2608 1831 2660; baseline 0.001 -13"><span class='ocrx_word' id='word_1_257' title='bbox 133 2646 135 2648; x_wconf 87' lang='grc'><strong>,</strong></span> <span class='ocrx_word' id='word_1_258' title='bbox 198 2608 350 2648; x_wconf 86' lang='lat' dir='ltr'>adhuc</span> <span class='ocrx_word' id='word_1_259' title='bbox 371 2609 521 2660; x_wconf 89' lang='lat' dir='ltr'>potuit</span> <span class='ocrx_word' id='word_1_260' title='bbox 539 2609 646 2659; x_wconf 83' lang='lat' dir='ltr'>cogi</span> <span class='ocrx_word' id='word_1_261' title='bbox 666 2609 862 2649; x_wconf 88' lang='lat' dir='ltr'>habenis</span> <span class='ocrx_word' id='word_1_262' title='bbox 891 2609 1144 2660; x_wconf 90' lang='lat' dir='ltr'>quominus</span> <span class='ocrx_word' id='word_1_263' title='bbox 1178 2620 1294 2649; x_wconf 90' lang='lat' dir='ltr'>suae</span> <span class='ocrx_word' id='word_1_264' title='bbox 1325 2608 1563 2649; x_wconf 87' lang='lat' dir='ltr'>vocationi</span> <span class='ocrx_word' id='word_1_265' title='bbox 1594 2608 1831 2648; x_wconf 89' lang='lat' dir='ltr'>satisface-</span> 
     </span>
     <span class='ocr_line' id='line_1_36' title="bbox 194 2679 1827 2731; baseline 0 -12"><span class='ocrx_word' id='word_1_266' title='bbox 194 2685 279 2730; x_wconf 89' lang='lat' dir='ltr'>ret,</span> <span class='ocrx_word' id='word_1_267' title='bbox 298 2691 537 2731; x_wconf 86' lang='lat' dir='ltr'>nunquam</span> <span class='ocrx_word' id='word_1_268' title='bbox 554 2680 708 2719; x_wconf 89' lang='lat' dir='ltr'>minus</span> <span class='ocrx_word' id='word_1_269' title='bbox 728 2679 920 2730; x_wconf 92' lang='lat' dir='ltr'>otiosus,</span> <span class='ocrx_word' id='word_1_270' title='bbox 941 2691 1080 2731; x_wconf 88' lang='lat' dir='ltr'>quarn</span> <span class='ocrx_word' id='word_1_271' title='bbox 1097 2690 1241 2731; x_wconf 92' lang='lat' dir='ltr'>quum</span> <span class='ocrx_word' id='word_1_272' title='bbox 1259 2679 1600 2731; x_wconf 89' lang='lat' dir='ltr'>praescriptum</span> <span class='ocrx_word' id='word_1_273' title='bbox 1620 2684 1665 2719; x_wconf 93' lang='lat' dir='ltr'>et</span> <span class='ocrx_word' id='word_1_274' title='bbox 1683 2679 1827 2719; x_wconf 89' lang='lat' dir='ltr'>iniun-</span> 
     </span>
     <span class='ocr_line' id='line_1_37' title="bbox 191 2749 1832 2801; baseline 0.001 -11"><span class='ocrx_word' id='word_1_275' title='bbox 191 2757 316 2790; x_wconf 90' lang='lat' dir='ltr'>ctum</span> <span class='ocrx_word' id='word_1_276' title='bbox 338 2749 423 2790; x_wconf 82' lang='lat' dir='ltr'>fuit</span> <span class='ocrx_word' id='word_1_277' title='bbox 445 2751 613 2790; x_wconf 90' lang='lat' dir='ltr'>ocium.</span> <span class='ocrx_word' id='word_1_278' title='bbox 647 2750 920 2790; x_wconf 89' lang='lat' dir='ltr'>Monialium</span> <span class='ocrx_word' id='word_1_279' title='bbox 945 2750 1136 2790; x_wconf 90' lang='lat' dir='ltr'>liberius</span> <span class='ocrx_word' id='word_1_280' title='bbox 1164 2749 1502 2801; x_wconf 89' lang='lat' dir='ltr'>frequentabat</span> <span class='ocrx_word' id='word_1_281' title='bbox 1529 2750 1832 2793; x_wconf 80' lang='lat' dir='ltr'>monasteria,</span> 
     </span>
     <span class='ocr_line' id='line_1_38' title="bbox 192 2819 1831 2873; baseline -0.001 -11"><span class='ocrx_word' id='word_1_282' title='bbox 192 2832 309 2872; x_wconf 88' lang='lat' dir='ltr'>quas</span> <span class='ocrx_word' id='word_1_283' title='bbox 331 2823 525 2862; x_wconf 88' lang='lat' dir='ltr'>multum</span> <span class='ocrx_word' id='word_1_284' title='bbox 541 2821 776 2873; x_wconf 91' lang='lat' dir='ltr'>promouit</span> <span class='ocrx_word' id='word_1_285' title='bbox 796 2821 843 2861; x_wconf 90' lang='lat' dir='ltr'>in</span> <span class='ocrx_word' id='word_1_286' title='bbox 864 2819 1236 2861; x_wconf 89' lang='lat' dir='ltr'>confessionibus</span> <span class='ocrx_word' id='word_1_287' title='bbox 1258 2827 1301 2861; x_wconf 89' lang='lat' dir='ltr'>et</span> <span class='ocrx_word' id='word_1_288' title='bbox 1323 2821 1522 2873; x_wconf 86' lang='lat' dir='ltr'>priuatis</span> <span class='ocrx_word' id='word_1_289' title='bbox 1543 2821 1831 2861; x_wconf 84' lang='lat' dir='ltr'>exhortatio—</span> 
     </span>
    </p>
   </div>
   <div class='ocr_carea' id='block_1_3' title="bbox 248 2981 709 3009">
    <p class='ocr_par' dir='ltr' id='par_1_6' title="bbox 248 2981 709 3009">
     <span class='ocr_line' id='line_1_39' title="bbox 248 2981 709 3009; baseline 0 -1"><span class='ocrx_word' id='word_1_290' title='bbox 248 2983 257 3002; x_wconf 80' lang='lat'>¹</span> <span class='ocrx_word' id='word_1_291' title='bbox 300 2981 325 3008; x_wconf 82' lang='lat' dir='ltr'><strong>P</strong></span> <span class='ocrx_word' id='word_1_292' title='bbox 354 2982 575 3009; x_wconf 49' lang='lat' dir='ltr'>Pasa-basium</span> <span class='ocrx_word' id='word_1_293' title='bbox 597 2982 709 3008; x_wconf 70' lang='grc' dir='ltr'><strong>Βιόϋῑ.</strong></span> 
     </span>
    </p>
   </div>
  </div>
 </body>
</html>
