2047 3179
879 179 962 216 AN.
993 178 1084 216 1555
1721 184 1790 220 749

160 280 209 313 vt
254 274 342 313 illis
382 274 756 314 concionaretur.
796 273 1045 314 Caeterum
1085 273 1213 314 Deus
1253 282 1346 326 opt.
1398 287 1521 317 max.
1576 289 1659 317 sua
1710 279 1787 318 im-

159 356 318 384 mensa
341 345 663 384 misericordia
686 345 866 396 aperuit
889 357 1051 384 earum
1075 346 1256 395 oculos,
1281 359 1338 386 ex
1361 347 1526 397 quibus
1549 360 1654 388 cum
1677 350 1788 389 mul-

158 421 234 454 tae
255 415 527 466 lachrymae
549 415 882 464 dimanassent,
908 427 1068 455 omnes
1090 416 1226 455 simul
1247 416 1352 456 inde
1375 418 1592 458 recedere
1613 419 1785 459 deside-

161 492 281 535 rant3
306 486 387 525 scd
416 486 882 537 oppignorationibus
913 493 956 525 et
985 485 1168 526 defectu
1199 487 1425 537 pecuniae
1453 491 1714 539 praesentis
1745 496 1788 531 et

159 557 509 607 oppugnatione
531 557 677 607 patris
706 569 760 596 ac
782 557 946 596 matris
974 557 1202 607 ipsarum,
1232 564 1282 596 ut
1309 564 1481 598 uocant
1508 560 1699 600 lenones
1731 574 1786 602 ac

158 628 288 666 lenas
315 638 445 674 suas,
476 627 775 677 praepeditae
806 634 934 678 sunt,
974 634 1259 678 quapropter
1296 628 1434 668 Vnica
1469 630 1715 671 dumtaxat
1746 645 1788 672 e‹

158 708 322 747 gressa
336 704 419 736 est.
440 697 577 737 Pater
595 710 707 737 vero
726 705 885 738 noster
904 697 962 738 ad
976 710 1024 737 se
1042 705 1330 738 conuocatos
1347 699 1575 750 homines,
1591 702 1667 752 qui
1687 714 1788 753 pec-

157 767 297 807 candi
319 768 471 817 gratia
494 769 601 808 illuc
624 776 959 815 conuenerant,
984 775 1028 808 et
1050 781 1143 818 eos,
1168 769 1245 820 qui
1267 770 1469 809 audituri
1487 772 1680 811 verbum
1700 772 1786 813 Dei

158 839 266 878 illuc
290 839 676 887 conuolauerant,
708 840 901 879 adduxit
927 841 1313 891 pronuntiaturos
1340 853 1497 881 secum
1526 842 1787 884 doctrinam

155 909 464 949 christianam
486 910 531 949 in
553 911 776 961 ternplum
799 901 1069 961 maximum,
1089 911 1169 950 Vbi
1190 910 1304 951 fusis
1321 912 1537 962 precibus
1554 913 1614 953 ad
1630 913 1786 955 Domi-

155 992 280 1030 num,
319 986 362 1020 et
397 981 454 1019 ab
490 992 543 1020 eo
580 981 724 1032 petita
750 981 889 1021 venia
920 988 1243 1032 peccatorum,
1274 983 1607 1035 propositaque
1636 997 1785 1025 emen-

155 1050 358 1102 datione,
396 1051 569 1091 dimisit
604 1064 698 1091 eos.
727 1051 946 1092 Proximo
977 1064 1089 1092 vero
1129 1053 1202 1093 die
1230 1055 1346 1093 alter
1380 1061 1537 1094 noster
1566 1056 1787 1096 sacerdos

155 1122 345 1162 easdem
367 1122 532 1172 adiuit,
557 1123 722 1173 quibus
750 1124 1054 1163 concionatus
1085 1131 1177 1174 est,
1208 1130 1252 1164 et
1281 1125 1545 1166 hominibus
1575 1127 1652 1178 qui
1684 1128 1787 1168 ade-

156 1199 276 1244 rant3
302 1193 553 1244 eduxitque
576 1193 706 1243 duas,
732 1193 932 1245 fecitque
966 1195 1167 1246 idipsum
1196 1196 1319 1246 quod
1347 1195 1485 1236 Pater
1512 1198 1642 1248 prius
1671 1198 1786 1239 fece-

154 1270 243 1304 rat.
276 1263 497 1315 Sequenti
527 1264 636 1304 item
667 1264 740 1304 die
771 1264 860 1304 duo
892 1265 1028 1304 etiam
1061 1277 1119 1305 ex
1146 1267 1318 1306 nostris
1349 1267 1536 1308 easdem
1567 1269 1785 1318 inuisere,

154 1338 271 1375 alter
305 1335 588 1385 mulieribuS,
627 1336 743 1375 alter
778 1336 1042 1376 hominibus
1078 1338 1156 1388 qui
1192 1336 1409 1378 adessent
1444 1339 1781 1386 concionaturi;

153 1406 236 1446 scd
269 1418 363 1446 vna
391 1406 715 1446 tantummodo
740 1412 850 1446 tunc
878 1418 1072 1458 egressa
1099 1414 1193 1459 est3
1229 1414 1276 1448 at
1304 1409 1542 1461 homines,
1571 1411 1648 1462 qui
1681 1411 1783 1451 ade³

152 1483 274 1528 rant,
312 1489 472 1517 secum
506 1489 600 1516 vna
630 1477 819 1528 duxere,
853 1478 1245 1529 quemadmodum
1276 1490 1421 1531 supra
1454 1492 1786 1523 commemora-

151 1554 250 1588 tum
271 1554 354 1588 est.
395 1547 572 1599 Quarto
594 1554 749 1588 autem
771 1547 843 1587 die
865 1549 982 1588 alius
1004 1549 1059 1588 de
1081 1550 1255 1589 nostris
1277 1550 1453 1591 eisdem
1475 1553 1786 1594 concionatus

154 1627 236 1659 est.
262 1619 442 1659 Verum
463 1625 573 1658 tunc
595 1630 678 1658 sex
700 1619 895 1659 eductae
917 1626 1038 1670 sunt,
1065 1626 1201 1671 atque
1218 1621 1307 1661 uiri
1329 1622 1435 1662 inde
1457 1624 1638 1675 remoti,
1658 1632 1707 1664 ut
1724 1625 1786 1665 di-

153 1698 279 1730 ctum
302 1696 385 1739 est,
410 1689 621 1741 patribus
643 1701 804 1729 earum
825 1690 871 1729 id
893 1691 1088 1730 multum
1110 1702 1251 1741 aegre
1273 1692 1528 1733 ferentibus
1549 1700 1688 1746 atque
1718 1707 1785 1736 re-

152 1762 480 1802 clamantibus.
507 1760 679 1811 Quinto
702 1761 890 1800 tandem
912 1762 984 1801 die
1006 1774 1111 1801 cum
1134 1762 1435 1803 Praetoribus
1458 1766 1615 1805 curiae
1646 1767 1784 1817 signi-

151 1833 290 1873 ficata
313 1840 435 1872 esset
456 1839 643 1883 patrum
665 1832 850 1872 illarum
870 1833 1150 1883 resistentia,
1176 1845 1338 1874 eorum
1360 1836 1477 1875 alter
1497 1836 1684 1876 Patrem
1707 1850 1784 1878 no-

151 1912 299 1944 strum
322 1903 562 1944 admonuit
582 1909 646 1954 vt,
671 1903 711 1943 si
731 1904 869 1943 vellet
892 1904 937 1943 in
964 1905 1135 1955 templo
1164 1905 1367 1956 quodam
1398 1907 1465 1945 eis
1496 1908 1784 1959 concionari,

150 1987 199 2015 se
218 1975 456 2027 jussurum
480 1986 560 2014 eas
581 1986 635 2014 eo
657 1974 840 2021 adduci,
866 1980 915 2013 vt
937 1986 1191 2025 prauorum
1213 1982 1399 2027 patrum
1422 1977 1532 2028 iugo
1564 1986 1702 2030 atque
1732 1981 1784 2020 ti-

150 2059 278 2087 more
317 2046 584 2097 expeditae,
626 2045 768 2085 libere
806 2052 996 2095 possent
1036 2046 1196 2097 egredi
1236 2059 1558 2100 quaecumque
1601 2062 1627 2090 a
1677 2050 1778 2090 Deo

147 2126 242 2170 opt.
268 2131 392 2159 maX.
416 2119 772 2171 inspirarentur.
796 2118 964 2158 Noster
986 2117 1124 2157 Pater
1147 2129 1261 2157 vero
1289 2120 1513 2170 templum
1544 2121 1655 2161 illud
1687 2121 1783 2162 adi-

149 2190 215 2230 uit
237 2191 636 2242 concionatusque
658 2196 728 2230 est
748 2195 792 2229 et
814 2189 1085 2229 mulieribus
1106 2189 1195 2228 illis
1218 2195 1262 2229 et
1284 2190 1492 2241 reliquae
1512 2192 1643 2243 vulgi
1672 2194 1782 2232 mul-

147 2261 348 2310 titudini,
373 2273 492 2313 quae
513 2262 672 2312 templi
694 2260 1002 2312 capacitatem
1032 2260 1227 2300 multum
1259 2261 1534 2313 excedebat;
1558 2263 1639 2302 sed
1660 2264 1782 2304 inter

148 2332 524 2372 concionandum
546 2338 675 2371 tanta
698 2331 936 2370 hominum
957 2331 1108 2370 subito
1130 2331 1335 2371 excitata
1357 2339 1425 2372 est
1448 2333 1648 2385 deuotio,
1668 2335 1781 2376 Vtin

150 2403 422 2454 lachrymas
443 2414 498 2442 ac
521 2414 663 2442 voces
684 2406 1057 2453 prorumperent,
1081 2400 1308 2452 flexisque
1330 2403 1528 2453 genibus
1550 2412 1781 2458 quotquot

150 2474 362 2524 aderant,
399 2481 443 2513 et
479 2479 782 2524 peccatorum
815 2472 1187 2512 misericordiam
1218 2485 1245 2512 a
1272 2473 1372 2513 Deo
1404 2475 1709 2526 implorarent
1737 2485 1780 2518 et

147 2545 351 2595 gratiam
381 2544 666 2591 mulieribus,
699 2555 789 2594 qua
819 2543 965 2582 vitam
997 2543 1122 2583 illam
1159 2551 1412 2596 exuerent,
1452 2546 1777 2598 efflagitarent.

147 2615 359 2666 Quinque
372 2621 480 2655 tunc
499 2625 756 2654 conversae
774 2621 880 2654 sunt
896 2613 954 2653 ad
971 2613 1238 2665 Dominum,
1261 2615 1779 2670 sedillarumquaedam

146 2687 265 2726 inter
286 2685 420 2725 fletus
442 2686 543 2725 illos
564 2685 832 2724 exanimata
853 2691 937 2725 est.
964 2684 1025 2725 At
1047 2686 1244 2736 contigit
1267 2692 1377 2727 tunc
1398 2694 1448 2728 vt
1466 2691 1619 2740 puella
1642 2703 1779 2742 quae-

145 2756 252 2795 dam
274 2756 381 2796 dolo
403 2768 457 2796 eo
479 2756 682 2796 adducta
703 2763 752 2795 vt
773 2756 1047 2796 concionem
1070 2757 1273 2808 audiret,
1298 2760 1430 2799 cuius
1451 2761 1655 2801 stualium
1678 2769 1779 2803 erat

143 2839 194 2867 se
215 2833 362 2867 totam
384 2838 666 2878 componere
685 2859 692 2879 ,
718 2839 886 2867 ornare
908 2833 951 2868 et
972 2828 1094 2867 elata
1124 2829 1308 2869 ceruice
1330 2830 1569 2882 incedere;
1601 2832 1682 2873 sed
1712 2846 1779 2874 re-

145 2909 283 2938 uersa
306 2898 517 2948 domum,
540 2904 696 2938 vestes
724 2899 827 2938 illas
848 2899 1068 2950 pulchras
1089 2906 1231 2939 exuta
1262 2906 1307 2940 et
1338 2901 1694 2944 honestissimas
1714 2905 1778 2945 in-

145 2969 273 3020 duta,
298 2980 506 3009 sororem
528 2969 779 3021 quamdam
800 2970 1046 3010 monialem
1067 2971 1213 3011 adiuit
1242 2977 1291 3011 vt
1319 2972 1443 3024 apud
1471 2974 1598 3015 illam
1625 2987 1778 3017 mane—
