2047 3179
206 132 274 170 102
705 133 936 170 LITTERAE
961 143 1322 176 QUADRmasTREs

201 234 332 269 tanto
355 229 502 269 diuini
522 230 714 269 honoris
735 229 834 268 zelo
857 229 1066 278 accensi.
1086 236 1138 270 vt
1154 230 1269 271 nihil
1291 229 1414 282 quod
1431 229 1846 283 reprehensionem

201 307 458 351 mereatur,
484 300 763 352 impunitum
784 300 912 340 abire
934 301 1188 352 patiantur.
1208 301 1385 352 Quibus
1402 307 1499 341 tam
1519 301 1775 352 propitium
1794 314 1843 342 se

203 371 293 411 hac
315 371 361 411 in
382 383 433 411 re
453 371 683 412 Dominus
710 371 918 423 exhibet,
945 383 994 412 ut
1015 373 1160 413 multa
1187 384 1350 413 eorum
1371 384 1516 412 causa
1537 378 1582 412 et
1607 371 1844 413 declinen-

198 448 277 482 tur
298 443 443 494 mala,
468 449 512 483 et
547 444 670 483 bona
700 443 911 494 ingentia
946 443 1305 496 subsequantur.
1346 442 1482 494 Quod
1515 448 1665 484 totum
1687 442 1842 484 Socie-

198 514 287 554 tati
309 516 466 566 (quam
488 513 548 554 ad
569 513 833 565 hujusmodi
863 515 1138 566 exequenda
1173 515 1403 556 Dominus
1436 526 1486 555 se
1513 514 1685 565 legisse
1711 514 1842 555 vide-

202 585 293 636 tur)
323 592 568 638 acceptum
603 586 824 627 referunt.
862 585 1134 639 Eademque
1168 587 1365 635 ratione,
1400 586 1478 626 ubi
1507 586 1616 638 quid
1637 586 1684 626 in
1704 586 1845 626 rebus

202 657 491 708 spiritalibus
532 657 829 697 necessitatis
863 658 1146 709 occurrerit,
1191 663 1270 698 aut
1313 668 1413 708 eos,
1457 656 1536 708 qui
1576 655 1845 709 hujusmodi

199 734 341 779 egent
363 727 614 780 praesidio,
638 734 769 768 recta
790 728 950 769 statim
979 728 1038 769 ad
1073 740 1158 769 nos
1180 728 1384 779 mittunt,
1410 733 1490 767 aut
1525 733 1652 769 certe
1677 740 1763 769 nos
1786 728 1846 768 ad

202 797 470 850 hujusmodi
491 799 737 839 ferendum
758 799 1016 840 subsidium
1037 800 1259 840 continuo
1281 804 1496 839 euocant.

284 870 447 922 Coepti
469 876 576 911 sunt
597 882 623 910 a
652 870 905 921 Lusitanis,
939 871 1260 923 superioribus
1283 869 1460 921 diebus,
1492 870 1540 910 in
1561 870 1843 922 quibusdam

199 947 445 983 turcarum
480 942 749 982 triremibus
784 954 810 982 a
839 942 983 994 Regis
1018 944 1169 983 classe
1205 941 1462 994 superatiS,
1500 942 1632 982 multi
1667 942 1847 994 captiui

200 1013 466 1064 christiani,
506 1025 705 1065 quorum
737 1013 784 1054 in
820 1014 1096 1066 remigando
1131 1026 1273 1066 opera
1295 1020 1457 1054 turcae
1477 1013 1745 1054 Vtebantur.
1771 1013 1844 1054 Ex

201 1085 370 1136 quibus
391 1097 499 1126 cum
520 1084 768 1126 duodecim
784 1084 883 1136 jam
902 1085 950 1126 in
970 1086 1173 1138 patriam
1194 1085 1389 1137 quisque
1406 1097 1541 1126 suam
1561 1085 1652 1125 hac
1670 1096 1846 1125 remea-

202 1161 327 1208 rent,
349 1168 430 1197 eos
446 1156 506 1196 ad
521 1162 736 1197 nostrum
755 1156 1018 1209 Collegium
1034 1156 1387 1197 misericordiae
1403 1156 1575 1197 fratres
1593 1155 1836 1206 miserunt,

202 1232 252 1267 ut
273 1227 320 1268 in
340 1228 480 1268 rebus
501 1226 561 1267 ad
582 1228 793 1280 ipsorum
827 1229 1027 1269 salutem
1060 1227 1402 1281 pertinentibus
1433 1227 1610 1280 aliquid
1641 1227 1709 1267 eis
1737 1238 1845 1268 con-

198 1298 430 1340 ferremus
465 1299 660 1340 subsidii
701 1311 756 1340 ac
787 1300 1144 1340 consolationis:
1184 1298 1315 1351 cujus
1353 1299 1421 1340 rei
1463 1310 1608 1340 causa
1644 1305 1844 1350 peccata

202 1382 367 1411 omnes
389 1370 505 1411 fassi
526 1377 649 1422 sunt;
682 1371 866 1423 quibus,
890 1378 1079 1422 praeter
1106 1371 1331 1424 spiritalis
1360 1371 1453 1411 cibi
1479 1370 1845 1411 administratio-

200 1454 322 1494 nem,
347 1443 642 1494 corporalem
659 1443 800 1483 etiam
816 1448 1009 1494 propter
1026 1454 1188 1483 eorum
1205 1442 1412 1494 inopiam
1434 1441 1600 1494 largiri
1616 1441 1843 1494 oportuit,

200 1525 355 1565 quem,
381 1515 448 1555 eis
471 1515 806 1565 inseruientes,
829 1520 928 1555 tum
949 1514 1021 1554 P.r
1042 1514 1238 1565 Rector,
1262 1521 1361 1555 tum
1383 1514 1463 1554 alii
1482 1513 1648 1554 Patres
1675 1514 1844 1554 submi-

199 1585 477 1645 nistrarunt.
1578 1638 1582 1639 ⁷

282 1655 482 1709 Quidam
503 1657 550 1697 in
571 1657 661 1698 hac
695 1663 857 1698 nostra
887 1657 1002 1698 vrbe
1030 1663 1161 1698 tanto
1182 1663 1489 1709 peccatorum
1523 1668 1715 1697 suorum
1736 1655 1842 1697 affe-

200 1734 304 1769 ctus
324 1734 395 1769 est
415 1735 611 1780 terrore,
637 1735 777 1781 atque
797 1729 862 1769 ita
880 1741 907 1769 a
924 1728 1149 1769 daemone
1166 1729 1259 1769 iam
1277 1729 1319 1768 ei
1336 1728 1513 1768 nullam
1529 1739 1632 1768 esse
1654 1727 1843 1768 veniam

198 1811 475 1851 persuasus,
499 1806 549 1840 ut
570 1800 760 1840 omnino
790 1799 846 1840 de
880 1800 1204 1840 misericordia
1239 1799 1400 1840 diuina
1435 1799 1722 1851 desperaret.
1741 1798 1844 1850 Qua

200 1872 446 1912 daemonis
479 1872 787 1924 persuasione
822 1872 1063 1924 impulsus,
1090 1872 1238 1912 variis
1273 1883 1414 1924 saepe
1445 1871 1598 1912 modis
1632 1871 1721 1912 sibi
1755 1871 1845 1923 ipsi

198 1955 363 1984 necem
384 1943 552 1984 afferre
574 1951 773 1984 conatus
791 1950 877 1995 est,
897 1955 1221 1984 nunc-veneno
1237 1943 1490 1994 exhausto,
1514 1955 1639 1984 nunc
1659 1944 1843 1995 laqueo,

195 2016 342 2056 semel
359 2015 500 2056 etiam
522 2016 569 2055 in
585 2017 850 2067 praealtum
871 2027 921 2055 se
942 2020 1133 2067 puteum
1149 2014 1520 2067 praecipitando,
1542 2015 1690 2055 vitam
1709 2014 1845 2054 finire

195 2092 426 2127 statuens,
450 2086 581 2138 Quae
602 2098 709 2127 cum
730 2086 977 2139 quominus
999 2086 1167 2138 exequi
1194 2092 1354 2138 posset
1382 2086 1548 2127 fuisset
1576 2085 1842 2137 impeditus,

197 2159 270 2199 bis
293 2159 432 2207 (idem
460 2158 584 2211 quod
606 2164 745 2199 antea
772 2170 969 2210 parans,
1000 2158 1082 2198 sed
1115 2170 1142 2198 a
1171 2158 1534 2198 clementissimo
1563 2156 1767 2197 Domino
1795 2157 1843 2196 li-

195 2230 412 2281 beratus)
436 2242 727 2270 venenosum
749 2229 972 2282 quiddam
991 2229 1251 2270 deuorauit.
1276 2229 1438 2281 Neque
1458 2229 1549 2269 hoc
1576 2233 1841 2279 contentus,

197 2300 223 2340 8
244 2306 323 2341 aut
344 2301 369 2341 9
389 2301 551 2342 diebus
573 2301 739 2342 eodem
761 2301 955 2342 consilio
987 2301 1112 2341 aliud
1145 2300 1368 2353 quiddam
1392 2299 1578 2352 jejunus
1606 2299 1842 2340 exhausit.

198 2373 271 2413 Ac
293 2372 481 2413 demum
503 2378 547 2413 et
571 2384 744 2424 corpus
772 2382 816 2413 et
844 2373 1051 2413 animam
1080 2383 1213 2412 suam
1242 2373 1428 2413 diabolo
1458 2371 1663 2412 tradidit.
1689 2370 1779 2422 Qui
1801 2377 1845 2410 ct

197 2444 514 2496 (permittente
532 2443 752 2494 Domino,
772 2450 822 2485 ut
842 2444 931 2496 ipsi
952 2450 1289 2496 cooperaretur
1306 2444 1354 2484 in
1370 2444 1560 2492 bonum)
1579 2442 1722 2483 tantis
1740 2453 1846 2482 eum

196 2516 352 2568 coepit
374 2515 613 2556 doloribus
635 2527 826 2567 vexare,
851 2521 901 2555 ut
918 2516 1089 2556 mirum
1111 2514 1323 2567 profecto
1345 2520 1482 2556 esset.
1517 2514 1725 2566 Cumque
1755 2513 1846 2553 hoc

197 2587 480 2639 quibusdam
516 2587 795 2627 innotuisset
828 2586 1085 2638 religiosiS,
1120 2586 1180 2627 ad
1210 2592 1423 2627 nostrum
1455 2597 1561 2626 eum
1583 2584 1847 2636 Collegium

199 2659 442 2700 miserunt.
466 2658 559 2699 Vbi
590 2670 680 2710 quo
716 2658 954 2699 laboraret
990 2658 1154 2699 morbo
1177 2669 1283 2699 cum
1304 2657 1610 2698 intellexisset
1638 2655 1712 2696 P!
1733 2655 1846 2707 Leo,

198 2730 378 2771 factum
399 2736 468 2770 est
490 2729 815 2770 misericordia
839 2729 1014 2779 diuina,
1039 2729 1193 2771 Patris
1215 2730 1363 2782 ipsius
1383 2729 1550 2780 medio,
1575 2733 1639 2779 ut,
1666 2727 1848 2768 confes-

198 2803 331 2843 sione
352 2802 484 2854 prius
505 2801 647 2852 facta,
672 2808 770 2841 tum
792 2812 819 2840 a
842 2802 1059 2853 corporis
1077 2801 1331 2852 doloribus,
1357 2807 1456 2841 tum
1473 2801 1531 2840 ab
1549 2800 1734 2840 animae
1752 2810 1847 2839 ma-

201 2875 273 2924 lis,
298 2874 592 2915 liberaretur.
617 2871 769 2924 Quam
790 2884 915 2913 nunc
945 2873 1159 2914 eamdem
1188 2874 1358 2914 retinet
1380 2878 1424 2913 et
1448 2872 1661 2924 corporis
1682 2876 1727 2911 et
1750 2870 1848 2911 ani-

199 2958 306 2986 mac
334 2947 548 2995 salutem,
574 2950 702 2985 certo
726 2955 923 2996 sperans
948 2945 1097 2985 eidem
1121 2957 1170 2985 se
1192 2950 1418 2997 perpetuo
1441 2943 1661 2995 deinceps
1689 2941 1847 2982 Domi-
