2047 3179
192 200 262 238 766
712 200 938 237 LITTERAE
958 209 1318 243 QUADmMESTREs

191 298 358 347 nullas,
384 308 502 349 quas
529 297 664 337 nobis
692 297 751 337 ad
780 308 917 337 sacra
948 296 1164 336 facienda
1196 296 1414 347 princeps
1450 297 1716 337 cardinalis
1750 299 1829 338 tri-

190 370 370 419 buerat,
397 381 505 409 aras
527 374 572 408 et
591 368 674 407 4.0r
703 369 1017 409 tintinnabula
1039 368 1177 408 huius
1199 367 1398 418 Collegii
1419 369 1642 408 sacrauit.

270 441 356 481 His
377 441 599 492 peractis,
622 440 769 480 fratre
791 440 994 491 quodam
1018 439 1197 479 itineris
1219 439 1388 479 comite
1406 439 1491 479 sibi
1509 440 1745 490 adiuncto,
1764 441 1830 482 6.⁰

191 513 414 555 calendas
449 511 667 553 Octobris
698 512 758 552 ad
793 511 1062 552 chrismatis
1091 522 1261 550 munus
1292 511 1556 551 obeundum
1591 512 1828 562 profectus

189 592 282 636 est,
306 585 600 625 vehebantur
621 591 775 624 autern
799 583 936 624 mulis
957 583 1229 631 clitellariiS,
1250 589 1294 622 et
1312 594 1595 634 quamquam
1618 585 1828 624 nonnulli

189 670 215 698 a
238 657 454 707 Principe
478 656 716 697 Cardinali
738 655 874 695 valde
898 654 1237 694 contenderunt
1259 666 1316 693 ne
1334 654 1380 694 id
1396 660 1649 705 pateretur,
1670 662 1826 695 tamen

188 729 295 781 quia
320 728 525 779 principi
549 727 789 768 Cardinali
813 726 965 766 Patris
985 726 1210 777 Episcopi
1242 726 1489 766 consilium
1521 727 1824 777 probabatur,

186 801 302 841 nihil
325 801 507 840 efficere
531 806 798 850 potuerunt,
822 810 908 838 nec
930 797 1060 837 Deus
1082 804 1175 849 opt.
1200 809 1345 847 max.,
1376 798 1508 837 cuius
1539 803 1653 837 nutu
1681 804 1725 838 et
1758 811 1828 839 ar-

185 872 326 913 bitrio
351 872 510 912 omnia
532 877 777 922 reguntur,
803 869 847 909 id
869 869 970 910 fieri
992 868 1216 920 permisit.
1241 869 1308 908 Eo
1330 869 1429 920 ipso
1459 869 1532 909 die
1562 881 1653 920 quo
1680 870 1826 920 profe-

185 950 289 985 ctus
324 951 395 984 est
429 943 569 983 Pater
604 943 881 993 Episcopus,
919 941 1135 990 fratrem,
1175 952 1313 992 quem
1349 941 1567 980 comitem
1607 941 1824 988 habebat,

182 1017 372 1067 rogauit
394 1022 444 1056 vt
466 1015 623 1055 omnia
645 1025 969 1065 quaecumque
992 1026 1018 1053 a
1041 1025 1090 1053 se
1112 1013 1266 1052 minus
1287 1018 1414 1052 recte
1436 1012 1514 1063 agi
1534 1012 1824 1062 viderentur,

183 1089 432 1139 diligenter
454 1092 655 1135 notaret,
680 1097 821 1138 seque
845 1086 901 1126 de
923 1085 996 1125 his
1026 1085 1315 1125 admoneret.
1349 1082 1654 1124 Sacerdotem
1684 1084 1824 1124 etiam

182 1160 447 1212 quemdam,
472 1170 611 1210 quern
632 1157 858 1209 Princeps
879 1156 1146 1197 Cardinalis
1169 1167 1277 1196 cum
1297 1166 1352 1195 eo
1374 1155 1582 1206 miserat,
1609 1155 1827 1196 obsecra-

182 1232 250 1272 uit
278 1244 335 1272 ne
365 1243 413 1271 se
449 1231 570 1271 inter
606 1229 891 1281 loquendum
926 1234 976 1268 vt
1010 1229 1296 1280 Episcopum
1330 1227 1412 1267 sed
1445 1233 1496 1266 vt
1532 1226 1825 1268 sacerdotem

182 1310 365 1344 tantum
388 1302 709 1353 compellaret.
732 1300 966 1341 Sacerdos
986 1312 1102 1340 vero
1138 1299 1236 1349 ille,
1267 1297 1421 1338 Patris
1447 1298 1668 1350 Episcopi
1696 1299 1825 1339 obse-

182 1375 394 1416 cratione
423 1373 768 1425 quodammodo
802 1372 1118 1424 perturbatus,
1153 1370 1292 1410 modo
1329 1369 1590 1410 sacerdotis
1625 1375 1822 1419 tantum,

182 1447 321 1486 modo
344 1445 567 1497 Episcopi
588 1445 816 1484 honorem
832 1444 873 1483 ei
891 1445 1013 1484 inter
1031 1440 1392 1494 colloquendum
1410 1441 1658 1492 tribuebat3
1678 1441 1825 1481 altera

182 1518 306 1558 enim
329 1530 387 1557 ex
408 1522 543 1569 parte
565 1515 868 1557 obseruantia
891 1514 1167 1565 debitusque
1185 1513 1249 1553 illi
1267 1512 1486 1563 dignitati
1504 1513 1667 1563 honos,
1688 1524 1747 1552 ex
1764 1514 1824 1552 al-

182 1595 284 1630 tera
305 1600 420 1629 vero
443 1589 582 1628 timor
613 1600 671 1628 ne
706 1587 895 1627 Patrem
929 1586 1217 1638 Episcopum
1252 1584 1523 1633 offenderet,
1562 1583 1825 1624 sacerdotis

181 1661 388 1701 animum
423 1660 472 1700 in
498 1660 659 1700 uarias
694 1658 1019 1699 distrahebant
1047 1663 1223 1709 partes,
1254 1663 1452 1708 eumque
1482 1656 1546 1695 ita
1582 1656 1824 1706 perturba-

179 1732 308 1782 bant,
332 1738 381 1772 vt
403 1743 544 1783 saepe
566 1731 611 1771 in
634 1731 736 1782 ipso
758 1730 911 1770 medio
934 1740 1152 1769 sermone
1170 1739 1218 1768 se
1240 1732 1502 1767 reuocaret.
1528 1726 1645 1767 Cum
1668 1733 1823 1766 autem

181 1804 223 1844 ei
245 1803 430 1856 oppido,
455 1802 578 1855 quod
600 1803 802 1854 primum
824 1802 870 1841 in
892 1801 1057 1841 itinere
1079 1806 1164 1850 est,
1196 1798 1643 1851 appropinquarent,
1675 1799 1824 1838 voluit

180 1875 404 1916 sacerdos
428 1874 722 1924 antecedere,
746 1879 798 1913 vt
819 1872 1082 1925 oppidanos
1103 1871 1159 1912 de
1180 1870 1403 1922 Episcopi
1434 1869 1637 1909 aduentu
1668 1869 1824 1909 admo-

177 1952 325 1995 neret,
350 1952 400 1986 vt
422 1946 464 1986 ei
486 1946 675 1986 obuiam
696 1945 961 1997 prodirent:
986 1950 1033 1984 at
1053 1954 1169 1983 vero
1191 1942 1330 1982 Pater
1359 1941 1624 1993 Episcopus
1655 1941 1671 1958 “
1685 1940 1822 1991 absit,

177 2018 342 2071 inquit,
366 2019 412 2058 id
437 2018 563 2058 nullo
584 2017 723 2057 modo
746 2017 921 2068 patiar,
938 2050 954 2066 „
979 2015 1147 2067 quibus
1167 2014 1324 2054 uerbis
1342 2013 1479 2053 facile
1498 2011 1756 2051 declarauit
1773 2024 1824 2052 se

179 2090 237 2130 ab
259 2101 313 2130 ea
336 2089 624 2140 cogitatione
644 2088 815 2129 nedum
838 2099 865 2127 a
887 2086 1145 2138 cupiditate
1167 2096 1307 2136 quam
1338 2083 1610 2134 longissime
1641 2083 1819 2133 abesse3

178 2161 290 2214 quin
312 2161 454 2201 etiam
477 2172 585 2201 cum
601 2161 774 2200 vellent
802 2159 1073 2199 sacerdotes
1089 2157 1360 2209 frequentes
1377 2167 1481 2195 eum
1501 2155 1694 2195 honoris
1716 2166 1821 2206 gra-

177 2233 243 2273 tia
269 2245 327 2273 ex
348 2232 487 2273 domo
510 2232 557 2272 in
578 2232 801 2283 templum
823 2230 1055 2271 deducere
1078 2229 1277 2279 indeque
1299 2228 1488 2268 domum
1511 2226 1751 2273 reducere,
1771 2231 1823 2266 vt

178 2304 282 2344 aliis
303 2303 551 2355 Episcopis
572 2303 730 2343 facere
752 2307 1114 2351 consueuerant,
1134 2300 1179 2340 id
1196 2299 1336 2340 Pater
1352 2298 1614 2350 Episcopus
1632 2297 1821 2337 minime

178 2387 347 2427 passus
369 2381 454 2425 est,
478 2376 672 2426 soloque
694 2374 781 2414 sibi
802 2373 949 2413 fratre
971 2372 1141 2413 comite
1163 2371 1388 2419 adhibito,
1413 2370 1459 2410 in
1481 2369 1706 2419 templum
1723 2368 1820 2408 ibat

178 2446 460 2498 domumque
487 2445 827 2486 reuertebatur.

258 2517 457 2569 Quando
486 2518 532 2557 in
569 2517 757 2568 aliquod
792 2516 1013 2568 oppidum
1042 2520 1319 2567 peruentum
1355 2521 1472 2565 erat,
1511 2515 1557 2555 in
1588 2528 1679 2568 quo
1716 2527 1821 2556 esse

177 2589 528 2629 xenodochium
563 2587 887 2637 existimabat,
925 2586 971 2627 id
1006 2586 1054 2626 in
1090 2597 1296 2638 quanam
1332 2586 1492 2637 oppidi
1526 2593 1660 2638 parte
1694 2594 1819 2628 esset

177 2659 428 2711 diligenter
455 2659 777 2711 perquirebat,
809 2665 853 2699 et
882 2658 929 2698 in
964 2656 1271 2698 xenodochiis
1307 2669 1646 2710 nonnunquam
1667 2658 1817 2699 diver—

176 2730 393 2781 sabatur3
424 2742 529 2771 cum
566 2736 724 2771 autem
757 2730 817 2770 ad
851 2728 1196 2769 xenodochium
1236 2728 1471 2780 quoddam
1500 2730 1641 2769 vellet
1669 2729 1818 2770 diuer-

177 2807 291 2853 tere‚
323 2803 380 2841 ab
409 2802 490 2853 eis,
523 2802 603 2854 qui
629 2801 911 2842 xenodochii
943 2812 1104 2840 curam
1137 2799 1388 2850 habebant,
1418 2800 1557 2840 Valde
1591 2801 1817 2840 reclama-

175 2877 274 2912 tum
310 2879 400 2924 est‚
439 2873 768 2925 negabantque
804 2883 907 2912 eam
944 2883 1046 2912 esse
1080 2870 1489 2922 consuetudinem,
1532 2877 1670 2922 atque
1710 2883 1817 2912 eum

175 2944 332 2984 multis
354 2945 510 2984 uerbis
532 2944 861 2993 admonebant,
894 2948 943 2983 vt
971 2954 1020 2982 se
1052 2942 1100 2982 in
1127 2941 1252 2982 aliud
1280 2941 1549 2993 hospitium,
1574 2942 1815 2994 quodiam

175 3020 393 3065 paratum
420 3022 535 3064 erat,
571 3013 826 3065 conferret,
860 3020 907 3053 at
938 3012 1077 3054 Pater
1107 3013 1369 3065 Episcopus
1403 3012 1814 3053 “consuetudinem
