<?xml version="1.0" encoding="UTF-8"?>
<!DOCTYPE html PUBLIC "-//W3C//DTD XHTML 1.0 Transitional//EN"
    "http://www.w3.org/TR/xhtml1/DTD/xhtml1-transitional.dtd">
<html xmlns="http://www.w3.org/1999/xhtml" xml:lang="en" lang="en">
 <head>
  <title>
</title>
<meta http-equiv="Content-Type" content="text/html;charset=utf-8" />
  <meta name='ocr-system' content='tesseract 3.04.00' />
  <meta name='ocr-capabilities' content='ocr_page ocr_carea ocr_par ocr_line ocrx_word'/>
</head>
<body>
  <div class='ocr_page' id='page_1' title='image "./litteraequadrime15lain_0260.png"; bbox 0 0 2047 3179; ppageno 0'>
   <div class='ocr_carea' id='block_1_1' title="bbox 211 154 1338 201">
    <p class='ocr_par' dir='ltr' id='par_1_1' title="bbox 211 154 1338 201">
     <span class='ocr_line' id='line_1_1' title="bbox 211 154 1338 201; baseline 0.004 -10"><span class='ocrx_word' id='word_1_1' title='bbox 211 154 284 192; x_wconf 74' lang='lat'>254</span> <span class='ocrx_word' id='word_1_2' title='bbox 737 157 959 195; x_wconf 75' lang='lat' dir='ltr'>LITTERAE</span> <span class='ocrx_word' id='word_1_3' title='bbox 978 169 1338 201; x_wconf 71' lang='lat' dir='ltr'>QUADRmsssTREs</span> 
     </span>
    </p>
   </div>
   <div class='ocr_carea' id='block_1_2' title="bbox 170 253 1856 2667">
    <p class='ocr_par' dir='ltr' id='par_1_2' title="bbox 210 253 1856 449">
     <span class='ocr_line' id='line_1_2' title="bbox 210 253 1856 308; baseline 0.004 -15"><span class='ocrx_word' id='word_1_4' title='bbox 210 264 442 304; x_wconf 84' lang='lat' dir='ltr'>germano</span> <span class='ocrx_word' id='word_1_5' title='bbox 463 253 488 303; x_wconf 89' lang='lat'>¹,</span> <span class='ocrx_word' id='word_1_6' title='bbox 512 266 697 306; x_wconf 79' lang='lat' dir='ltr'><strong>semper</strong></span> <span class='ocrx_word' id='word_1_7' title='bbox 717 255 1019 307; x_wconf 88' lang='lat' dir='ltr'>subticuerat,</span> <span class='ocrx_word' id='word_1_8' title='bbox 1042 268 1136 296; x_wconf 89' lang='lat' dir='ltr'>non</span> <span class='ocrx_word' id='word_1_9' title='bbox 1157 262 1407 308; x_wconf 89' lang='lat' dir='ltr'>propterea</span> <span class='ocrx_word' id='word_1_10' title='bbox 1428 263 1585 297; x_wconf 90' lang='lat' dir='ltr'>tamen</span> <span class='ocrx_word' id='word_1_11' title='bbox 1607 259 1856 301; x_wconf 75' lang='lat' dir='ltr'>abstinens</span> 
     </span>
     <span class='ocr_line' id='line_1_3' title="bbox 211 327 1851 378; baseline 0.004 -13"><span class='ocrx_word' id='word_1_12' title='bbox 211 337 239 365; x_wconf 92' lang='lat' dir='ltr'>a</span> <span class='ocrx_word' id='word_1_13' title='bbox 261 336 401 365; x_wconf 88' lang='lat' dir='ltr'>sacra</span> <span class='ocrx_word' id='word_1_14' title='bbox 423 327 766 378; x_wconf 74' lang='lat' dir='ltr'>communione,</span> <span class='ocrx_word' id='word_1_15' title='bbox 790 327 979 367; x_wconf 91' lang='lat' dir='ltr'>tandem</span> <span class='ocrx_word' id='word_1_16' title='bbox 1002 328 1081 368; x_wconf 88' lang='lat' dir='ltr'>vni</span> <span class='ocrx_word' id='word_1_17' title='bbox 1115 334 1326 367; x_wconf 86' lang='lat' dir='ltr'>nostrum</span> <span class='ocrx_word' id='word_1_18' title='bbox 1364 328 1709 370; x_wconf 90' lang='lat' dir='ltr'>confessionem</span> <span class='ocrx_word' id='word_1_19' title='bbox 1727 331 1851 372; x_wconf 86' lang='lat' dir='ltr'>debi-</span> 
     </span>
     <span class='ocr_line' id='line_1_4' title="bbox 211 397 1305 449; baseline 0 -13"><span class='ocrx_word' id='word_1_20' title='bbox 211 403 308 437; x_wconf 88' lang='lat' dir='ltr'>tam</span> <span class='ocrx_word' id='word_1_21' title='bbox 329 397 453 447; x_wconf 88' lang='lat' dir='ltr'>fecit,</span> <span class='ocrx_word' id='word_1_22' title='bbox 474 404 519 437; x_wconf 94' lang='lat' dir='ltr'>et</span> <span class='ocrx_word' id='word_1_23' title='bbox 537 398 595 438; x_wconf 89' lang='lat' dir='ltr'>ad</span> <span class='ocrx_word' id='word_1_24' title='bbox 618 398 765 438; x_wconf 90' lang='lat' dir='ltr'>vitam</span> <span class='ocrx_word' id='word_1_25' title='bbox 789 399 1079 449; x_wconf 84' lang='lat' dir='ltr'>spiritualem</span> <span class='ocrx_word' id='word_1_26' title='bbox 1102 399 1305 438; x_wconf 77' lang='lat' dir='ltr'>anhelat.</span> 
     </span>
    </p>

    <p class='ocr_par' dir='ltr' id='par_1_3' title="bbox 202 468 1845 946">
     <span class='ocr_line' id='line_1_5' title="bbox 291 468 1845 525; baseline 0.003 -16"><span class='ocrx_word' id='word_1_27' title='bbox 291 468 516 509; x_wconf 88' lang='lat' dir='ltr'>Omittam</span> <span class='ocrx_word' id='word_1_28' title='bbox 536 469 855 509; x_wconf 78' lang='lat' dir='ltr'>restitutiones</span> <span class='ocrx_word' id='word_1_29' title='bbox 873 482 899 509; x_wconf 86' lang='lat' dir='ltr'>a</span> <span class='ocrx_word' id='word_1_30' title='bbox 916 469 1260 521; x_wconf 88' lang='lat' dir='ltr'>poenitentibus</span> <span class='ocrx_word' id='word_1_31' title='bbox 1281 469 1448 520; x_wconf 92' lang='lat' dir='ltr'>factas,</span> <span class='ocrx_word' id='word_1_32' title='bbox 1469 483 1524 511; x_wconf 91' lang='lat' dir='ltr'>ac</span> <span class='ocrx_word' id='word_1_33' title='bbox 1547 474 1845 525; x_wconf 76' lang='lat' dir='ltr'>concordias,</span> 
     </span>
     <span class='ocr_line' id='line_1_6' title="bbox 206 540 1845 595; baseline 0.003 -15"><span class='ocrx_word' id='word_1_34' title='bbox 206 546 253 580; x_wconf 90' lang='lat' dir='ltr'>et</span> <span class='ocrx_word' id='word_1_35' title='bbox 273 540 501 592; x_wconf 86' lang='lat' dir='ltr'>pecuniae</span> <span class='ocrx_word' id='word_1_36' title='bbox 523 552 614 580; x_wconf 88' lang='lat' dir='ltr'>non</span> <span class='ocrx_word' id='word_1_37' title='bbox 637 552 835 592; x_wconf 87' lang='lat' dir='ltr'>paruam</span> <span class='ocrx_word' id='word_1_38' title='bbox 856 541 1167 592; x_wconf 76' lang='lat' dir='ltr'>quantitatem</span> <span class='ocrx_word' id='word_1_39' title='bbox 1187 540 1233 580; x_wconf 91' lang='lat' dir='ltr'>in</span> <span class='ocrx_word' id='word_1_40' title='bbox 1256 552 1368 580; x_wconf 80' lang='lat' dir='ltr'>vsus</span> <span class='ocrx_word' id='word_1_41' title='bbox 1389 553 1650 593; x_wconf 89' lang='lat' dir='ltr'>pauperum</span> <span class='ocrx_word' id='word_1_42' title='bbox 1681 556 1845 595; x_wconf 82' lang='lat' dir='ltr'>croga-</span> 
     </span>
     <span class='ocr_line' id='line_1_7' title="bbox 205 611 1845 666; baseline 0.004 -15"><span class='ocrx_word' id='word_1_43' title='bbox 205 617 317 652; x_wconf 86' lang='lat' dir='ltr'>tam.</span> <span class='ocrx_word' id='word_1_44' title='bbox 343 611 446 652; x_wconf 92' lang='lat' dir='ltr'>Non</span> <span class='ocrx_word' id='word_1_45' title='bbox 469 612 714 652; x_wconf 89' lang='lat' dir='ltr'>defuerunt</span> <span class='ocrx_word' id='word_1_46' title='bbox 736 614 877 652; x_wconf 87' lang='lat' dir='ltr'>etiam</span> <span class='ocrx_word' id='word_1_47' title='bbox 900 623 1034 663; x_wconf 90' lang='lat' dir='ltr'>quae,</span> <span class='ocrx_word' id='word_1_48' title='bbox 1060 624 1083 651; x_wconf 88' lang='lat' dir='ltr'>e</span> <span class='ocrx_word' id='word_1_49' title='bbox 1106 623 1253 652; x_wconf 91' lang='lat' dir='ltr'>coeno</span> <span class='ocrx_word' id='word_1_50' title='bbox 1274 612 1477 653; x_wconf 81' lang='lat' dir='ltr'>libidinis</span> <span class='ocrx_word' id='word_1_51' title='bbox 1498 626 1710 655; x_wconf 85' lang='lat' dir='ltr'>emersae</span> <span class='ocrx_word' id='word_1_52' title='bbox 1735 616 1761 666; x_wconf 80' lang='lat'>²,</span> <span class='ocrx_word' id='word_1_53' title='bbox 1787 618 1845 657; x_wconf 91' lang='lat' dir='ltr'>ad</span> 
     </span>
     <span class='ocr_line' id='line_1_8' title="bbox 206 684 1840 738; baseline 0.003 -15"><span class='ocrx_word' id='word_1_54' title='bbox 206 684 544 723; x_wconf 89' lang='lat' dir='ltr'>monasterium</span> <span class='ocrx_word' id='word_1_55' title='bbox 561 684 611 724; x_wconf 86' lang='lat' dir='ltr'>B.</span> <span class='ocrx_word' id='word_1_56' title='bbox 632 684 957 734; x_wconf 82' lang='lat' dir='ltr'>Magdalenae‚</span> <span class='ocrx_word' id='word_1_57' title='bbox 979 684 1121 734; x_wconf 85' lang='lat' dir='ltr'>vulgo</span> <span class='ocrx_word' id='word_1_58' title='bbox 1140 695 1493 735; x_wconf 90' lang='lat' dir='ltr'>conuersarum,</span> <span class='ocrx_word' id='word_1_59' title='bbox 1514 688 1840 738; x_wconf 81' lang='lat' dir='ltr'>conuolarunt,</span> 
     </span>
     <span class='ocr_line' id='line_1_9' title="bbox 203 754 1841 809; baseline 0.002 -14"><span class='ocrx_word' id='word_1_60' title='bbox 203 754 324 795; x_wconf 89' lang='lat' dir='ltr'>duae</span> <span class='ocrx_word' id='word_1_61' title='bbox 346 761 425 795; x_wconf 87' lang='lat' dir='ltr'>aut</span> <span class='ocrx_word' id='word_1_62' title='bbox 447 761 557 796; x_wconf 89' lang='lat' dir='ltr'>tres:</span> <span class='ocrx_word' id='word_1_63' title='bbox 582 755 701 795; x_wconf 90' lang='lat' dir='ltr'>aliae</span> <span class='ocrx_word' id='word_1_64' title='bbox 723 755 899 805; x_wconf 77' lang='lat' dir='ltr'>aliquot</span> <span class='ocrx_word' id='word_1_65' title='bbox 921 755 1180 794; x_wconf 81' lang='lat' dir='ltr'>collocatae</span> <span class='ocrx_word' id='word_1_66' title='bbox 1202 755 1327 806; x_wconf 88' lang='lat' dir='ltr'>apud</span> <span class='ocrx_word' id='word_1_67' title='bbox 1344 755 1566 796; x_wconf 90' lang='lat' dir='ltr'>honestas</span> <span class='ocrx_word' id='word_1_68' title='bbox 1583 764 1841 809; x_wconf 70' lang='lat' dir='ltr'>matronas,</span> 
     </span>
     <span class='ocr_line' id='line_1_10' title="bbox 204 826 1844 878; baseline 0.002 -12"><span class='ocrx_word' id='word_1_69' title='bbox 204 838 297 866; x_wconf 87' lang='lat' dir='ltr'>vna</span> <span class='ocrx_word' id='word_1_70' title='bbox 320 838 346 866; x_wconf 90' lang='lat' dir='ltr'>a</span> <span class='ocrx_word' id='word_1_71' title='bbox 369 826 572 878; x_wconf 84' lang='lat' dir='ltr'>quodam</span> <span class='ocrx_word' id='word_1_72' title='bbox 593 827 759 866; x_wconf 90' lang='lat' dir='ltr'>iuuene</span> <span class='ocrx_word' id='word_1_73' title='bbox 780 826 961 876; x_wconf 83' lang='lat' dir='ltr'>vitiata,</span> <span class='ocrx_word' id='word_1_74' title='bbox 981 826 1147 877; x_wconf 86' lang='lat' dir='ltr'>eidem,</span> <span class='ocrx_word' id='word_1_75' title='bbox 1168 838 1312 878; x_wconf 87' lang='lat' dir='ltr'>opera</span> <span class='ocrx_word' id='word_1_76' title='bbox 1334 827 1579 868; x_wconf 89' lang='lat' dir='ltr'>cuiusdam</span> <span class='ocrx_word' id='word_1_77' title='bbox 1599 828 1753 870; x_wconf 82' lang='lat' dir='ltr'>Patris</span> <span class='ocrx_word' id='word_1_78' title='bbox 1768 842 1844 870; x_wconf 91' lang='lat' dir='ltr'>no-</span> 
     </span>
     <span class='ocr_line' id='line_1_11' title="bbox 202 898 903 946; baseline 0 -9"><span class='ocrx_word' id='word_1_79' title='bbox 202 898 302 946; x_wconf 84' lang='lat' dir='ltr'>stri,</span> <span class='ocrx_word' id='word_1_80' title='bbox 324 898 480 938; x_wconf 90' lang='lat' dir='ltr'>iuncta</span> <span class='ocrx_word' id='word_1_81' title='bbox 499 904 569 938; x_wconf 89' lang='lat' dir='ltr'>est</span> <span class='ocrx_word' id='word_1_82' title='bbox 589 898 903 938; x_wconf 88' lang='lat' dir='ltr'>matrimonio.</span> 
     </span>
    </p>

    <p class='ocr_par' dir='ltr' id='par_1_4' title="bbox 194 968 1839 1377">
     <span class='ocr_line' id='line_1_12' title="bbox 284 968 1837 1022; baseline 0.003 -14"><span class='ocrx_word' id='word_1_83' title='bbox 284 969 485 1020; x_wconf 86' lang='lat' dir='ltr'>Quidam</span> <span class='ocrx_word' id='word_1_84' title='bbox 506 969 744 1018; x_wconf 87' lang='lat' dir='ltr'>sacerdos,</span> <span class='ocrx_word' id='word_1_85' title='bbox 764 980 979 1009; x_wconf 84' lang='lat' dir='ltr'>sermone</span> <span class='ocrx_word' id='word_1_86' title='bbox 993 968 1236 1009; x_wconf 89' lang='lat' dir='ltr'>cuiusdam</span> <span class='ocrx_word' id='word_1_87' title='bbox 1255 981 1313 1010; x_wconf 85' lang='lat' dir='ltr'>ex</span> <span class='ocrx_word' id='word_1_88' title='bbox 1326 971 1500 1010; x_wconf 90' lang='lat' dir='ltr'>nostris</span> <span class='ocrx_word' id='word_1_89' title='bbox 1513 978 1837 1022; x_wconf 89' lang='lat' dir='ltr'>compunctus,</span> 
     </span>
     <span class='ocr_line' id='line_1_13' title="bbox 200 1039 1837 1092; baseline 0.002 -12"><span class='ocrx_word' id='word_1_90' title='bbox 200 1041 361 1081; x_wconf 89' lang='lat' dir='ltr'>statim</span> <span class='ocrx_word' id='word_1_91' title='bbox 389 1040 589 1081; x_wconf 88' lang='lat' dir='ltr'>accessit</span> <span class='ocrx_word' id='word_1_92' title='bbox 623 1039 682 1079; x_wconf 91' lang='lat' dir='ltr'>ad</span> <span class='ocrx_word' id='word_1_93' title='bbox 717 1039 1075 1091; x_wconf 88' lang='lat' dir='ltr'>confessionem,</span> <span class='ocrx_word' id='word_1_94' title='bbox 1109 1049 1154 1080; x_wconf 91' lang='lat' dir='ltr'>et</span> <span class='ocrx_word' id='word_1_95' title='bbox 1183 1041 1486 1092; x_wconf 87' lang='lat' dir='ltr'>sacrilegium</span> <span class='ocrx_word' id='word_1_96' title='bbox 1521 1048 1565 1082; x_wconf 92' lang='lat' dir='ltr'>et</span> <span class='ocrx_word' id='word_1_97' title='bbox 1592 1043 1837 1092; x_wconf 89' lang='lat' dir='ltr'>incestum,</span> 
     </span>
     <span class='ocr_line' id='line_1_14' title="bbox 196 1112 1837 1167; baseline 0.002 -15"><span class='ocrx_word' id='word_1_98' title='bbox 196 1124 304 1152; x_wconf 89' lang='lat' dir='ltr'>cum</span> <span class='ocrx_word' id='word_1_99' title='bbox 325 1113 506 1152; x_wconf 90' lang='lat' dir='ltr'>duabus</span> <span class='ocrx_word' id='word_1_100' title='bbox 526 1112 710 1152; x_wconf 88' lang='lat' dir='ltr'>filiabus</span> <span class='ocrx_word' id='word_1_101' title='bbox 731 1112 1051 1163; x_wconf 82' lang='lat' dir='ltr'>spiritualibus</span> <span class='ocrx_word' id='word_1_102' title='bbox 1068 1112 1146 1153; x_wconf 89' lang='lat' dir='ltr'>diu</span> <span class='ocrx_word' id='word_1_103' title='bbox 1164 1113 1503 1165; x_wconf 87' lang='lat' dir='ltr'>continuatum,</span> <span class='ocrx_word' id='word_1_104' title='bbox 1524 1114 1665 1165; x_wconf 89' lang='lat' dir='ltr'>serio,</span> <span class='ocrx_word' id='word_1_105' title='bbox 1691 1121 1740 1155; x_wconf 87' lang='lat' dir='ltr'>vt</span> <span class='ocrx_word' id='word_1_106' title='bbox 1762 1127 1837 1167; x_wconf 88' lang='lat' dir='ltr'>ap-</span> 
     </span>
     <span class='ocr_line' id='line_1_15' title="bbox 195 1183 1838 1235; baseline 0.002 -12"><span class='ocrx_word' id='word_1_107' title='bbox 195 1190 344 1234; x_wconf 91' lang='lat' dir='ltr'>paret,</span> <span class='ocrx_word' id='word_1_108' title='bbox 370 1184 590 1224; x_wconf 91' lang='lat' dir='ltr'>deseruit.</span> <span class='ocrx_word' id='word_1_109' title='bbox 616 1183 860 1234; x_wconf 86' lang='lat' dir='ltr'>Quaedam</span> <span class='ocrx_word' id='word_1_110' title='bbox 881 1195 1079 1235; x_wconf 88' lang='lat' dir='ltr'>quoque,</span> <span class='ocrx_word' id='word_1_111' title='bbox 1106 1196 1224 1235; x_wconf 87' lang='lat' dir='ltr'>quae</span> <span class='ocrx_word' id='word_1_112' title='bbox 1247 1185 1501 1225; x_wconf 85' lang='lat' dir='ltr'>carnaliter</span> <span class='ocrx_word' id='word_1_113' title='bbox 1523 1197 1572 1225; x_wconf 90' lang='lat' dir='ltr'>se</span> <span class='ocrx_word' id='word_1_114' title='bbox 1593 1198 1620 1226; x_wconf 92' lang='lat' dir='ltr'>a</span> <span class='ocrx_word' id='word_1_115' title='bbox 1652 1187 1838 1227; x_wconf 90' lang='lat' dir='ltr'>daemo-</span> 
     </span>
     <span class='ocr_line' id='line_1_16' title="bbox 194 1255 1839 1308; baseline 0.002 -13"><span class='ocrx_word' id='word_1_116' title='bbox 194 1267 254 1295; x_wconf 90' lang='lat' dir='ltr'>ne</span> <span class='ocrx_word' id='word_1_117' title='bbox 277 1256 504 1306; x_wconf 85' lang='lat' dir='ltr'>cognosci</span> <span class='ocrx_word' id='word_1_118' title='bbox 534 1255 723 1306; x_wconf 89' lang='lat' dir='ltr'>saepius</span> <span class='ocrx_word' id='word_1_119' title='bbox 758 1255 1052 1306; x_wconf 84' lang='lat' dir='ltr'>permiserat,</span> <span class='ocrx_word' id='word_1_120' title='bbox 1091 1255 1229 1295; x_wconf 91' lang='lat' dir='ltr'>modo</span> <span class='ocrx_word' id='word_1_121' title='bbox 1260 1256 1409 1296; x_wconf 88' lang='lat' dir='ltr'>vitam</span> <span class='ocrx_word' id='word_1_122' title='bbox 1440 1263 1623 1297; x_wconf 88' lang='lat' dir='ltr'>castam</span> <span class='ocrx_word' id='word_1_123' title='bbox 1657 1258 1769 1308; x_wconf 86' lang='lat' dir='ltr'>agit,</span> <span class='ocrx_word' id='word_1_124' title='bbox 1794 1265 1839 1298; x_wconf 93' lang='lat' dir='ltr'>et</span> 
     </span>
     <span class='ocr_line' id='line_1_17' title="bbox 194 1325 1833 1377; baseline 0.001 -11"><span class='ocrx_word' id='word_1_125' title='bbox 194 1327 439 1367; x_wconf 88' lang='lat' dir='ltr'>daemonis</span> <span class='ocrx_word' id='word_1_126' title='bbox 459 1327 758 1377; x_wconf 86' lang='lat' dir='ltr'>tentationes,</span> <span class='ocrx_word' id='word_1_127' title='bbox 782 1325 936 1367; x_wconf 85' lang='lat' dir='ltr'>Patris</span> <span class='ocrx_word' id='word_1_128' title='bbox 958 1327 1204 1367; x_wconf 88' lang='lat' dir='ltr'>cuiusdam</span> <span class='ocrx_word' id='word_1_129' title='bbox 1226 1327 1437 1377; x_wconf 86' lang='lat' dir='ltr'>consilio,</span> <span class='ocrx_word' id='word_1_130' title='bbox 1463 1334 1652 1369; x_wconf 89' lang='lat' dir='ltr'>strenue</span> <span class='ocrx_word' id='word_1_131' title='bbox 1676 1330 1833 1369; x_wconf 85' lang='lat' dir='ltr'>vincit.</span> 
     </span>
    </p>

    <p class='ocr_par' dir='ltr' id='par_1_5' title="bbox 185 1398 1834 1879">
     <span class='ocr_line' id='line_1_18' title="bbox 274 1398 1833 1450; baseline 0.002 -12"><span class='ocrx_word' id='word_1_132' title='bbox 274 1398 524 1439; x_wconf 89' lang='lat' dir='ltr'>Inuisimus</span> <span class='ocrx_word' id='word_1_133' title='bbox 545 1410 730 1450; x_wconf 87' lang='lat' dir='ltr'>quoque</span> <span class='ocrx_word' id='word_1_134' title='bbox 751 1399 1003 1450; x_wconf 85' lang='lat' dir='ltr'>hospitalia</span> <span class='ocrx_word' id='word_1_135' title='bbox 1025 1405 1069 1438; x_wconf 86' lang='lat' dir='ltr'>et</span> <span class='ocrx_word' id='word_1_136' title='bbox 1090 1411 1208 1450; x_wconf 90' lang='lat' dir='ltr'>pene</span> <span class='ocrx_word' id='word_1_137' title='bbox 1230 1399 1437 1440; x_wconf 91' lang='lat' dir='ltr'>omnium</span> <span class='ocrx_word' id='word_1_138' title='bbox 1466 1400 1528 1440; x_wconf 89' lang='lat' dir='ltr'>ibi</span> <span class='ocrx_word' id='word_1_139' title='bbox 1559 1400 1833 1441; x_wconf 90' lang='lat' dir='ltr'>decumben-</span> 
     </span>
     <span class='ocr_line' id='line_1_19' title="bbox 193 1469 1834 1523; baseline 0.002 -14"><span class='ocrx_word' id='word_1_140' title='bbox 193 1470 307 1509; x_wconf 91' lang='lat' dir='ltr'>tium</span> <span class='ocrx_word' id='word_1_141' title='bbox 331 1469 653 1509; x_wconf 85' lang='lat' dir='ltr'>confessiones</span> <span class='ocrx_word' id='word_1_142' title='bbox 676 1469 955 1510; x_wconf 87' lang='lat' dir='ltr'>audiuimus.</span> <span class='ocrx_word' id='word_1_143' title='bbox 986 1469 1351 1510; x_wconf 86' lang='lat' dir='ltr'>Procurauimus</span> <span class='ocrx_word' id='word_1_144' title='bbox 1381 1483 1564 1523; x_wconf 88' lang='lat' dir='ltr'>quoque</span> <span class='ocrx_word' id='word_1_145' title='bbox 1593 1473 1716 1523; x_wconf 90' lang='lat' dir='ltr'>apud</span> <span class='ocrx_word' id='word_1_146' title='bbox 1744 1472 1834 1514; x_wconf 89' lang='lat' dir='ltr'>Gu-</span> 
     </span>
     <span class='ocr_line' id='line_1_20' title="bbox 190 1540 1834 1595; baseline 0.002 -14"><span class='ocrx_word' id='word_1_147' title='bbox 190 1541 491 1582; x_wconf 83' lang='lat' dir='ltr'>bernatorem</span> <span class='ocrx_word' id='word_1_148' title='bbox 521 1540 535 1560; x_wconf 81' lang='lat'>⁵</span> <span class='ocrx_word' id='word_1_149' title='bbox 570 1541 709 1582; x_wconf 92' lang='lat' dir='ltr'>huius</span> <span class='ocrx_word' id='word_1_150' title='bbox 741 1542 947 1581; x_wconf 86' lang='lat' dir='ltr'>ciuitatis</span> <span class='ocrx_word' id='word_1_151' title='bbox 981 1549 1032 1582; x_wconf 85' lang='lat' dir='ltr'>vt</span> <span class='ocrx_word' id='word_1_152' title='bbox 1067 1547 1369 1593; x_wconf 88' lang='lat' dir='ltr'>statueretur,</span> <span class='ocrx_word' id='word_1_153' title='bbox 1406 1554 1464 1582; x_wconf 90' lang='lat' dir='ltr'>ne</span> <span class='ocrx_word' id='word_1_154' title='bbox 1499 1542 1720 1595; x_wconf 87' lang='lat' dir='ltr'>deinceps</span> <span class='ocrx_word' id='word_1_155' title='bbox 1751 1546 1834 1585; x_wconf 91' lang='lat' dir='ltr'>vlli</span> 
     </span>
     <span class='ocr_line' id='line_1_21' title="bbox 190 1613 1832 1665; baseline 0.002 -13"><span class='ocrx_word' id='word_1_156' title='bbox 190 1613 376 1663; x_wconf 85' lang='lat' dir='ltr'>aegroti</span> <span class='ocrx_word' id='word_1_157' title='bbox 410 1613 457 1653; x_wconf 90' lang='lat' dir='ltr'>in</span> <span class='ocrx_word' id='word_1_158' title='bbox 492 1613 630 1653; x_wconf 87' lang='lat' dir='ltr'>dictis</span> <span class='ocrx_word' id='word_1_159' title='bbox 662 1613 974 1664; x_wconf 86' lang='lat' dir='ltr'>hospitalibus</span> <span class='ocrx_word' id='word_1_160' title='bbox 1010 1613 1355 1665; x_wconf 86' lang='lat' dir='ltr'>reciperentur,</span> <span class='ocrx_word' id='word_1_161' title='bbox 1392 1614 1481 1654; x_wconf 91' lang='lat' dir='ltr'>nisi</span> <span class='ocrx_word' id='word_1_162' title='bbox 1512 1615 1642 1665; x_wconf 88' lang='lat' dir='ltr'>prius</span> <span class='ocrx_word' id='word_1_163' title='bbox 1676 1623 1832 1657; x_wconf 91' lang='lat' dir='ltr'>essent</span> 
     </span>
     <span class='ocr_line' id='line_1_22' title="bbox 188 1683 1832 1736; baseline 0.002 -13"><span class='ocrx_word' id='word_1_164' title='bbox 188 1683 406 1724; x_wconf 89' lang='lat' dir='ltr'>confessi:</span> <span class='ocrx_word' id='word_1_165' title='bbox 430 1684 641 1724; x_wconf 91' lang='lat' dir='ltr'>nonnulli</span> <span class='ocrx_word' id='word_1_166' title='bbox 663 1685 786 1724; x_wconf 92' lang='lat' dir='ltr'>enim</span> <span class='ocrx_word' id='word_1_167' title='bbox 803 1684 865 1724; x_wconf 92' lang='lat' dir='ltr'>ibi</span> <span class='ocrx_word' id='word_1_168' title='bbox 887 1684 1242 1735; x_wconf 88' lang='lat' dir='ltr'>decumbebant,</span> <span class='ocrx_word' id='word_1_169' title='bbox 1268 1685 1346 1736; x_wconf 86' lang='lat' dir='ltr'>qui</span> <span class='ocrx_word' id='word_1_170' title='bbox 1363 1697 1390 1725; x_wconf 91' lang='lat' dir='ltr'>a</span> <span class='ocrx_word' id='word_1_171' title='bbox 1407 1685 1564 1726; x_wconf 90' lang='lat' dir='ltr'>multis</span> <span class='ocrx_word' id='word_1_172' title='bbox 1584 1687 1720 1727; x_wconf 88' lang='lat' dir='ltr'>annis</span> <span class='ocrx_word' id='word_1_173' title='bbox 1736 1699 1832 1728; x_wconf 89' lang='lat' dir='ltr'>non</span> 
     </span>
     <span class='ocr_line' id='line_1_23' title="bbox 187 1755 1831 1808; baseline 0.002 -13"><span class='ocrx_word' id='word_1_174' title='bbox 187 1761 323 1795; x_wconf 85' lang='lat' dir='ltr'>erant</span> <span class='ocrx_word' id='word_1_175' title='bbox 345 1755 562 1805; x_wconf 87' lang='lat' dir='ltr'>confessi,</span> <span class='ocrx_word' id='word_1_176' title='bbox 586 1756 679 1796; x_wconf 91' lang='lat' dir='ltr'>imo</span> <span class='ocrx_word' id='word_1_177' title='bbox 702 1757 843 1796; x_wconf 89' lang='lat' dir='ltr'>etiam</span> <span class='ocrx_word' id='word_1_178' title='bbox 865 1756 944 1807; x_wconf 91' lang='lat' dir='ltr'>qui</span> <span class='ocrx_word' id='word_1_179' title='bbox 976 1755 1226 1804; x_wconf 84' lang='lat' dir='ltr'>(haeresim</span> <span class='ocrx_word' id='word_1_180' title='bbox 1260 1756 1422 1796; x_wconf 84' lang='lat' dir='ltr'>forsan</span> <span class='ocrx_word' id='word_1_181' title='bbox 1456 1757 1708 1808; x_wconf 86' lang='lat' dir='ltr'>sapientes)</span> <span class='ocrx_word' id='word_1_182' title='bbox 1743 1760 1831 1799; x_wconf 92' lang='lat' dir='ltr'>soli</span> 
     </span>
     <span class='ocr_line' id='line_1_24' title="bbox 185 1825 1133 1879; baseline 0.001 -13"><span class='ocrx_word' id='word_1_183' title='bbox 185 1825 288 1867; x_wconf 92' lang='lat' dir='ltr'>Deo</span> <span class='ocrx_word' id='word_1_184' title='bbox 309 1839 359 1867; x_wconf 91' lang='lat' dir='ltr'>se</span> <span class='ocrx_word' id='word_1_185' title='bbox 381 1827 597 1868; x_wconf 85' lang='lat' dir='ltr'>confiteri</span> <span class='ocrx_word' id='word_1_186' title='bbox 619 1828 736 1867; x_wconf 89' lang='lat' dir='ltr'>velle</span> <span class='ocrx_word' id='word_1_187' title='bbox 757 1827 1133 1879; x_wconf 63' lang='lat' dir='ltr'>pronuntiarentss</span> 
     </span>
    </p>

    <p class='ocr_par' dir='ltr' id='par_1_6' title="bbox 181 1898 1829 2154">
     <span class='ocr_line' id='line_1_25' title="bbox 265 1898 1829 1950; baseline 0.001 -11"><span class='ocrx_word' id='word_1_188' title='bbox 265 1898 315 1939; x_wconf 92' lang='lat' dir='ltr'>In</span> <span class='ocrx_word' id='word_1_189' title='bbox 339 1911 531 1939; x_wconf 88' lang='lat' dir='ltr'>carcere</span> <span class='ocrx_word' id='word_1_190' title='bbox 553 1899 837 1939; x_wconf 86' lang='lat' dir='ltr'>constrictos</span> <span class='ocrx_word' id='word_1_191' title='bbox 859 1899 1042 1950; x_wconf 90' lang='lat' dir='ltr'>aliquos</span> <span class='ocrx_word' id='word_1_192' title='bbox 1063 1910 1247 1950; x_wconf 90' lang='lat' dir='ltr'>quoque</span> <span class='ocrx_word' id='word_1_193' title='bbox 1269 1899 1531 1950; x_wconf 80' lang='lat' dir='ltr'>inuisimuS,</span> <span class='ocrx_word' id='word_1_194' title='bbox 1568 1906 1612 1940; x_wconf 89' lang='lat' dir='ltr'>et</span> <span class='ocrx_word' id='word_1_195' title='bbox 1647 1912 1829 1941; x_wconf 89' lang='lat' dir='ltr'>eorum-</span> 
     </span>
     <span class='ocr_line' id='line_1_26' title="bbox 181 1970 1827 2021; baseline 0.001 -10"><span class='ocrx_word' id='word_1_196' title='bbox 181 1970 288 2011; x_wconf 86' lang='lat' dir='ltr'>dem</span> <span class='ocrx_word' id='word_1_197' title='bbox 309 1971 631 2011; x_wconf 90' lang='lat' dir='ltr'>confessiones</span> <span class='ocrx_word' id='word_1_198' title='bbox 649 1971 930 2021; x_wconf 89' lang='lat' dir='ltr'>audiuimus;</span> <span class='ocrx_word' id='word_1_199' title='bbox 953 1982 1049 2010; x_wconf 91' lang='lat' dir='ltr'>non</span> <span class='ocrx_word' id='word_1_200' title='bbox 1071 1977 1229 2011; x_wconf 90' lang='lat' dir='ltr'>tamen</span> <span class='ocrx_word' id='word_1_201' title='bbox 1250 1971 1380 2011; x_wconf 89' lang='lat' dir='ltr'>licuit</span> <span class='ocrx_word' id='word_1_202' title='bbox 1402 1971 1536 2011; x_wconf 90' lang='lat' dir='ltr'>nobis</span> <span class='ocrx_word' id='word_1_203' title='bbox 1554 1983 1827 2013; x_wconf 88' lang='lat' dir='ltr'>communes</span> 
     </span>
     <span class='ocr_line' id='line_1_27' title="bbox 181 2042 1827 2095; baseline 0.002 -13"><span class='ocrx_word' id='word_1_204' title='bbox 181 2048 226 2082; x_wconf 93' lang='lat' dir='ltr'>et</span> <span class='ocrx_word' id='word_1_205' title='bbox 263 2042 545 2094; x_wconf 85' lang='lat' dir='ltr'>praecipuos</span> <span class='ocrx_word' id='word_1_206' title='bbox 581 2054 800 2082; x_wconf 84' lang='lat' dir='ltr'>carceres</span> <span class='ocrx_word' id='word_1_207' title='bbox 836 2042 1035 2092; x_wconf 83' lang='lat' dir='ltr'>ingredi,</span> <span class='ocrx_word' id='word_1_208' title='bbox 1073 2042 1181 2082; x_wconf 91' lang='lat' dir='ltr'>licet</span> <span class='ocrx_word' id='word_1_209' title='bbox 1220 2042 1266 2082; x_wconf 92' lang='lat' dir='ltr'>id</span> <span class='ocrx_word' id='word_1_210' title='bbox 1301 2042 1530 2083; x_wconf 86' lang='lat' dir='ltr'>instanter</span> <span class='ocrx_word' id='word_1_211' title='bbox 1561 2045 1827 2095; x_wconf 86' lang='lat' dir='ltr'>postulaue-</span> 
     </span>
     <span class='ocr_line' id='line_1_28' title="bbox 181 2114 342 2154; baseline -0.012 0"><span class='ocrx_word' id='word_1_212' title='bbox 181 2114 342 2154; x_wconf 89' lang='lat' dir='ltr'>rimus.</span> 
     </span>
    </p>

    <p class='ocr_par' dir='ltr' id='par_1_7' title="bbox 170 2184 1827 2667">
     <span class='ocr_line' id='line_1_29' title="bbox 260 2184 1827 2238; baseline 0.002 -12"><span class='ocrx_word' id='word_1_213' title='bbox 260 2185 424 2226; x_wconf 88' lang='lat' dir='ltr'>Adfuit</span> <span class='ocrx_word' id='word_1_214' title='bbox 446 2197 630 2238; x_wconf 89' lang='lat' dir='ltr'>quoque</span> <span class='ocrx_word' id='word_1_215' title='bbox 657 2185 707 2225; x_wconf 88' lang='grc' dir='ltr'>Ρ.</span> <span class='ocrx_word' id='word_1_216' title='bbox 742 2192 904 2225; x_wconf 90' lang='lat' dir='ltr'>noster</span> <span class='ocrx_word' id='word_1_217' title='bbox 932 2184 1057 2236; x_wconf 87' lang='lat' dir='ltr'>Mag.</span> <span class='ocrx_word' id='word_1_218' title='bbox 1091 2185 1340 2236; x_wconf 85' lang='lat' dir='ltr'>Quintinus</span> <span class='ocrx_word' id='word_1_219' title='bbox 1367 2186 1605 2227; x_wconf 87' lang='lat' dir='ltr'>haeretico</span> <span class='ocrx_word' id='word_1_220' title='bbox 1639 2188 1827 2229; x_wconf 88' lang='lat' dir='ltr'>cuidam</span> 
     </span>
     <span class='ocr_line' id='line_1_30' title="bbox 177 2256 1825 2309; baseline 0.002 -13"><span class='ocrx_word' id='word_1_221' title='bbox 177 2256 554 2308; x_wconf 86' lang='lat' dir='ltr'>peruersissimo‚</span> <span class='ocrx_word' id='word_1_222' title='bbox 579 2262 842 2297; x_wconf 77' lang='lat' dir='ltr'>extremum</span> <span class='ocrx_word' id='word_1_223' title='bbox 862 2256 1141 2308; x_wconf 86' lang='lat' dir='ltr'>supplicium</span> <span class='ocrx_word' id='word_1_224' title='bbox 1161 2257 1372 2308; x_wconf 89' lang='lat' dir='ltr'>patienti,</span> <span class='ocrx_word' id='word_1_225' title='bbox 1398 2257 1474 2309; x_wconf 90' lang='lat' dir='ltr'>qui</span> <span class='ocrx_word' id='word_1_226' title='bbox 1497 2270 1640 2299; x_wconf 86' lang='lat' dir='ltr'>ausus</span> <span class='ocrx_word' id='word_1_227' title='bbox 1668 2259 1825 2300; x_wconf 84' lang='lat' dir='ltr'>fuerat</span> 
     </span>
     <span class='ocr_line' id='line_1_31' title="bbox 175 2327 1822 2381; baseline 0.002 -13"><span class='ocrx_word' id='word_1_228' title='bbox 175 2328 278 2380; x_wconf 89' lang='lat' dir='ltr'>ipso</span> <span class='ocrx_word' id='word_1_229' title='bbox 300 2328 419 2368; x_wconf 86' lang='lat' dir='ltr'>festo</span> <span class='ocrx_word' id='word_1_230' title='bbox 436 2327 710 2369; x_wconf 88' lang='lat' dir='ltr'>Natiuitatis</span> <span class='ocrx_word' id='word_1_231' title='bbox 726 2328 942 2379; x_wconf 86' lang='lat' dir='ltr'>proxime</span> <span class='ocrx_word' id='word_1_232' title='bbox 958 2328 1134 2380; x_wconf 90' lang='lat' dir='ltr'>elapso,</span> <span class='ocrx_word' id='word_1_233' title='bbox 1154 2328 1201 2368; x_wconf 94' lang='lat' dir='ltr'>in</span> <span class='ocrx_word' id='word_1_234' title='bbox 1223 2340 1404 2369; x_wconf 91' lang='lat' dir='ltr'>summo</span> <span class='ocrx_word' id='word_1_235' title='bbox 1422 2330 1610 2381; x_wconf 90' lang='lat' dir='ltr'>templo,</span> <span class='ocrx_word' id='word_1_236' title='bbox 1631 2331 1678 2371; x_wconf 90' lang='lat' dir='ltr'>in</span> <span class='ocrx_word' id='word_1_237' title='bbox 1700 2343 1822 2372; x_wconf 90' lang='lat' dir='ltr'>sum-</span> 
     </span>
     <span class='ocr_line' id='line_1_32' title="bbox 174 2400 1816 2451; baseline 0.002 -12"><span class='ocrx_word' id='word_1_238' title='bbox 174 2410 252 2439; x_wconf 89' lang='lat' dir='ltr'>ma</span> <span class='ocrx_word' id='word_1_239' title='bbox 274 2400 432 2450; x_wconf 90' lang='lat' dir='ltr'>missa,</span> <span class='ocrx_word' id='word_1_240' title='bbox 457 2406 705 2451; x_wconf 88' lang='lat' dir='ltr'>praesente</span> <span class='ocrx_word' id='word_1_241' title='bbox 726 2406 822 2440; x_wconf 89' lang='lat' dir='ltr'>toto</span> <span class='ocrx_word' id='word_1_242' title='bbox 844 2401 1032 2451; x_wconf 83' lang='lat' dir='ltr'>populo,</span> <span class='ocrx_word' id='word_1_243' title='bbox 1071 2412 1095 2439; x_wconf 92' lang='lat' dir='ltr'>e</span> <span class='ocrx_word' id='word_1_244' title='bbox 1116 2400 1331 2440; x_wconf 89' lang='lat' dir='ltr'>manibus</span> <span class='ocrx_word' id='word_1_245' title='bbox 1353 2400 1627 2451; x_wconf 87' lang='lat' dir='ltr'>sacerdotis,</span> <span class='ocrx_word' id='word_1_246' title='bbox 1654 2414 1816 2443; x_wconf 89' lang='lat' dir='ltr'>conse-</span> 
     </span>
     <span class='ocr_line' id='line_1_33' title="bbox 175 2471 1821 2524; baseline 0.002 -14"><span class='ocrx_word' id='word_1_247' title='bbox 175 2478 359 2511; x_wconf 87' lang='lat' dir='ltr'>cratam</span> <span class='ocrx_word' id='word_1_248' title='bbox 379 2471 583 2511; x_wconf 89' lang='lat' dir='ltr'>hostiam</span> <span class='ocrx_word' id='word_1_249' title='bbox 605 2472 780 2523; x_wconf 87' lang='lat' dir='ltr'>populo</span> <span class='ocrx_word' id='word_1_250' title='bbox 809 2471 1103 2511; x_wconf 83' lang='lat' dir='ltr'>adorandam</span> <span class='ocrx_word' id='word_1_251' title='bbox 1132 2472 1375 2522; x_wconf 85' lang='lat' dir='ltr'>eleuantis,</span> <span class='ocrx_word' id='word_1_252' title='bbox 1409 2473 1457 2512; x_wconf 85' lang='lat' dir='ltr'>vi</span> <span class='ocrx_word' id='word_1_253' title='bbox 1488 2473 1684 2524; x_wconf 86' lang='lat' dir='ltr'>eripere,</span> <span class='ocrx_word' id='word_1_254' title='bbox 1708 2480 1752 2513; x_wconf 90' lang='lat' dir='ltr'>et</span> <span class='ocrx_word' id='word_1_255' title='bbox 1773 2474 1821 2514; x_wconf 91' lang='lat' dir='ltr'>in</span> 
     </span>
     <span class='ocr_line' id='line_1_34' title="bbox 173 2540 1820 2595; baseline 0.002 -14"><span class='ocrx_word' id='word_1_256' title='bbox 173 2547 350 2582; x_wconf 86' lang='lat' dir='ltr'>terram</span> <span class='ocrx_word' id='word_1_257' title='bbox 370 2542 615 2593; x_wconf 88' lang='lat' dir='ltr'>proiicere,</span> <span class='ocrx_word' id='word_1_258' title='bbox 641 2554 696 2582; x_wconf 91' lang='lat' dir='ltr'>ac</span> <span class='ocrx_word' id='word_1_259' title='bbox 718 2543 913 2594; x_wconf 88' lang='lat' dir='ltr'>pedibus</span> <span class='ocrx_word' id='word_1_260' title='bbox 936 2543 1215 2583; x_wconf 88' lang='lat' dir='ltr'>conculcare</span> <span class='ocrx_word' id='word_1_261' title='bbox 1236 2540 1265 2583; x_wconf 67' lang='lat'>4:</span> <span class='ocrx_word' id='word_1_262' title='bbox 1291 2543 1412 2593; x_wconf 89' lang='lat' dir='ltr'>huic,</span> <span class='ocrx_word' id='word_1_263' title='bbox 1437 2543 1644 2595; x_wconf 90' lang='lat' dir='ltr'>inquam,</span> <span class='ocrx_word' id='word_1_264' title='bbox 1671 2544 1820 2586; x_wconf 87' lang='lat' dir='ltr'>adfuit</span> 
     </span>
     <span class='ocr_line' id='line_1_35' title="bbox 170 2612 1818 2667; baseline 0.002 -15"><span class='ocrx_word' id='word_1_265' title='bbox 170 2612 312 2653; x_wconf 89' lang='lat' dir='ltr'>Pater</span> <span class='ocrx_word' id='word_1_266' title='bbox 334 2620 492 2653; x_wconf 90' lang='lat' dir='ltr'>noster</span> <span class='ocrx_word' id='word_1_267' title='bbox 514 2614 759 2665; x_wconf 81' lang='lat' dir='ltr'>aliquoties</span> <span class='ocrx_word' id='word_1_268' title='bbox 780 2614 827 2654; x_wconf 92' lang='lat' dir='ltr'>in</span> <span class='ocrx_word' id='word_1_269' title='bbox 849 2625 1055 2665; x_wconf 83' lang='lat' dir='ltr'>carcere,</span> <span class='ocrx_word' id='word_1_270' title='bbox 1089 2620 1133 2654; x_wconf 94' lang='lat' dir='ltr'>et</span> <span class='ocrx_word' id='word_1_271' title='bbox 1167 2614 1467 2665; x_wconf 90' lang='lat' dir='ltr'>postmodum</span> <span class='ocrx_word' id='word_1_272' title='bbox 1497 2626 1604 2655; x_wconf 91' lang='lat' dir='ltr'>cum</span> <span class='ocrx_word' id='word_1_273' title='bbox 1636 2627 1818 2667; x_wconf 87' lang='lat' dir='ltr'>poenas</span> 
     </span>
    </p>
   </div>
   <div class='ocr_carea' id='block_1_3' title="bbox 232 2797 1384 2834">
    <p class='ocr_par' dir='ltr' id='par_1_8' title="bbox 232 2797 1384 2834">
     <span class='ocr_line' id='line_1_36' title="bbox 232 2797 1384 2834; baseline 0.002 -10"><span class='ocrx_word' id='word_1_274' title='bbox 232 2800 237 2817; x_wconf 88' lang='lat'>¹</span> <span class='ocrx_word' id='word_1_275' title='bbox 279 2798 416 2825; x_wconf 84' lang='lat' dir='ltr'>crimen</span> <span class='ocrx_word' id='word_1_276' title='bbox 434 2797 633 2832; x_wconf 81' lang='lat' dir='ltr'>nefandum</span> <span class='ocrx_word' id='word_1_277' title='bbox 650 2799 779 2826; x_wconf 76' lang='lat' dir='ltr'>incesti</span> <span class='ocrx_word' id='word_1_278' title='bbox 793 2803 938 2834; x_wconf 80' lang='lat' dir='ltr'>semper</span> <span class='ocrx_word' id='word_1_279' title='bbox 951 2800 1186 2827; x_wconf 75' lang='lat' dir='ltr'>subticuerat.</span> <span class='ocrx_word' id='word_1_280' title='bbox 1203 2800 1384 2827; x_wconf 71' lang='lat' dir='ltr'>Polaticus.</span> 
     </span>
    </p>
   </div>
   <div class='ocr_carea' id='block_1_4' title="bbox 224 2845 1815 2931">
    <p class='ocr_par' dir='ltr' id='par_1_9' title="bbox 224 2845 1815 2931">
     <span class='ocr_line' id='line_1_37' title="bbox 226 2845 587 2878; baseline -0.003 -6"><span class='ocrx_word' id='word_1_281' title='bbox 226 2847 240 2865; x_wconf 73' lang='lat'>²</span> <span class='ocrx_word' id='word_1_282' title='bbox 279 2847 517 2878; x_wconf 79' lang='lat' dir='ltr'>emergentes·</span> <span class='ocrx_word' id='word_1_283' title='bbox 535 2845 587 2872; x_wconf 81' lang='lat' dir='ltr'>Id.</span> 
     </span>
     <span class='ocr_line' id='line_1_38' title="bbox 224 2892 1815 2931; baseline 0.003 -12"><span class='ocrx_word' id='word_1_284' title='bbox 224 2894 238 2913; x_wconf 77' lang='grc'>5</span> <span class='ocrx_word' id='word_1_285' title='bbox 276 2893 309 2920; x_wconf 89' lang='lat' dir='ltr'>Is</span> <span class='ocrx_word' id='word_1_286' title='bbox 324 2897 400 2920; x_wconf 86' lang='lat' dir='ltr'>erat</span> <span class='ocrx_word' id='word_1_287' title='bbox 424 2892 620 2920; x_wconf 85' lang='lat' dir='ltr'>Florentius</span> <span class='ocrx_word' id='word_1_288' title='bbox 642 2893 682 2920; x_wconf 86' lang='lat' dir='ltr'>de</span> <span class='ocrx_word' id='word_1_289' title='bbox 704 2893 975 2931; x_wconf 79' lang='lat' dir='ltr'>Montmorcncy,</span> <span class='ocrx_word' id='word_1_290' title='bbox 996 2903 1109 2923; x_wconf 82' lang='lat' dir='ltr'>comes</span> <span class='ocrx_word' id='word_1_291' title='bbox 1132 2896 1171 2923; x_wconf 87' lang='lat' dir='ltr'>de</span> <span class='ocrx_word' id='word_1_292' title='bbox 1193 2895 1381 2931; x_wconf 82' lang='lat' dir='ltr'>Montigny.</span> <span class='ocrx_word' id='word_1_293' title='bbox 1398 2895 1596 2930; x_wconf 77' lang='lat' dir='ltr'>DELPLACE,</span> <span class='ocrx_word' id='word_1_294' title='bbox 1612 2895 1661 2924; x_wconf 88' lang='lat' dir='ltr'>Le</span> <span class='ocrx_word' id='word_1_295' title='bbox 1676 2897 1815 2924; x_wconf 74' lang='lat' dir='ltr'>Protes-</span> 
     </span>
    </p>
   </div>
   <div class='ocr_carea' id='block_1_5' title="bbox 172 2940 1543 3023">
    <p class='ocr_par' dir='ltr' id='par_1_10' title="bbox 172 2940 1543 3023">
     <span class='ocr_line' id='line_1_39' title="bbox 172 2940 1543 2978; baseline 0.002 -10"><span class='ocrx_word' id='word_1_296' title='bbox 172 2942 347 2968; x_wconf 79' lang='lat' dir='ltr'>tamz‘sme</span> <span class='ocrx_word' id='word_1_297' title='bbox 363 2942 396 2968; x_wconf 73' lang='lat' dir='ltr'>ct</span> <span class='ocrx_word' id='word_1_298' title='bbox 411 2940 446 2967; x_wconf 89' lang='lat' dir='ltr'>la</span> <span class='ocrx_word' id='word_1_299' title='bbox 464 2940 680 2975; x_wconf 79' lang='lat' dir='ltr'>Compagnz&#39;e</span> <span class='ocrx_word' id='word_1_300' title='bbox 696 2942 739 2968; x_wconf 79' lang='lat' dir='ltr'>de</span> <span class='ocrx_word' id='word_1_301' title='bbox 753 2942 862 2976; x_wconf 83' lang='lat' dir='ltr'>Je‘sus</span> <span class='ocrx_word' id='word_1_302' title='bbox 877 2943 897 2969; x_wconf 80' lang='grc' dir='ltr'>α’</span> <span class='ocrx_word' id='word_1_303' title='bbox 918 2943 1076 2970; x_wconf 56' lang='lat' dir='ltr'>Toumar</span> <span class='ocrx_word' id='word_1_304' title='bbox 1090 2951 1136 2971; x_wconf 81' lang='lat' dir='ltr'>au</span> <span class='ocrx_word' id='word_1_305' title='bbox 1152 2943 1253 2971; x_wconf 80' lang='lat' dir='ltr'>XVIe</span> <span class='ocrx_word' id='word_1_306' title='bbox 1269 2943 1388 2973; x_wconf 71' lang='lat' dir='ltr'>siecle,</span> <span class='ocrx_word' id='word_1_307' title='bbox 1401 2951 1482 2978; x_wconf 76' lang='lat' dir='ltr'>pag.</span> <span class='ocrx_word' id='word_1_308' title='bbox 1501 2944 1543 2971; x_wconf 87' lang='lat'>19.</span> 
     </span>
     <span class='ocr_line' id='line_1_40' title="bbox 222 2988 838 3023; baseline -0.002 -6"><span class='ocrx_word' id='word_1_309' title='bbox 222 2991 237 3010; x_wconf 76' lang='lat'>4</span> <span class='ocrx_word' id='word_1_310' title='bbox 274 2989 363 3017; x_wconf 73' lang='lat' dir='ltr'>Vide</span> <span class='ocrx_word' id='word_1_311' title='bbox 380 2988 574 3023; x_wconf 44' lang='lat' dir='ltr'>Dmmnce,</span> <span class='ocrx_word' id='word_1_312' title='bbox 591 2989 613 3015; x_wconf 90' lang='lat' dir='ltr'>l.</span> <span class='ocrx_word' id='word_1_313' title='bbox 630 2995 675 3021; x_wconf 90' lang='lat' dir='ltr'>c.‚</span> <span class='ocrx_word' id='word_1_314' title='bbox 689 2996 771 3023; x_wconf 84' lang='lat' dir='ltr'>pag.</span> <span class='ocrx_word' id='word_1_315' title='bbox 794 2990 838 3016; x_wconf 74' lang='lat'>18.</span> 
     </span>
    </p>
   </div>
  </div>
 </body>
</html>
