2047 3179
877 154 961 190 AN.
991 153 1084 189 1555
1723 152 1797 189 559

163 260 254 305 cta,
276 254 337 293 ita
355 253 540 293 fuerunt
558 251 841 303 perturbata,
862 255 911 289 vt
932 248 1225 300 paucissimis
1245 248 1433 298 (nostris
1450 247 1673 298 exceptis)
1692 259 1794 288 esse

164 325 399 376 potuerint
416 329 690 375 opportuna.
710 321 869 362 Nostri
885 327 1040 360 tamen
1058 332 1151 359 non
1168 320 1320 359 minus
1337 318 1636 369 profecerunt
1653 330 1794 371 quam

166 398 204 435 si
226 396 380 436 omnia
403 395 492 434 illis
512 394 709 434 fuissent
733 390 1236 433 accommodatissima.

245 466 316 506 Dc
340 478 521 505 morum
544 471 698 505 autem
718 464 1002 514 integritate,
1027 462 1152 501 vitae
1174 462 1482 501 sanctimonia
1506 468 1550 501 et
1572 462 1798 502 virtutum

167 537 394 589 profectu,
419 536 529 588 quid
550 535 841 587 potissimum
862 533 1085 573 scribam?
1106 532 1294 572 Videbit
1318 532 1383 582 (vt
1405 533 1557 584 spero)
1582 532 1634 572 R.
1668 533 1717 573 P.
1742 533 1793 573 T.

169 608 395 648 candidas
423 613 467 646 et
495 607 650 646 multis
680 606 904 645 virtutum
935 604 1222 643 ornamentis
1252 603 1500 643 decoratas
1530 604 1712 644 animas
1742 616 1798 644 ac

169 679 395 720 enutritas
417 679 536 717 lacte
559 677 876 728 pientissimae
896 675 1076 724 Matris,
1101 675 1159 714 ad
1182 675 1313 714 cuius
1340 675 1634 714 beatissimos
1656 675 1799 726 pedes

170 752 426 791 hauserunt
448 749 652 799 liquores
674 749 859 788 diuinae
886 747 1085 797 gratiae.
1115 746 1337 799 Jamvero
1360 745 1523 786 Patres
1544 746 1691 786 nostri
1714 746 1801 786 Re-

169 821 326 861 canati
360 820 645 859 vberrimam
682 831 879 859 messem
913 818 1203 866 inuenerunt,
1242 829 1381 868 quam
1417 823 1572 857 tamcn
1608 824 1800 869 propter

171 891 495 943 operariorum
531 891 773 941 penuriam
802 890 846 929 in
874 889 1043 929 horrea
1066 887 1262 928 Domini
1290 888 1462 928 inferre
1492 889 1680 928 omnino
1708 901 1802 929 non

172 968 439 1014 potuerunt.
468 961 628 1012 Neque
657 961 777 1001 enim
806 960 960 1000 decuit
987 960 1303 1000 Lauretanam
1332 959 1520 999 domum
1552 959 1804 1000 sacerdoti-

173 1035 260 1074 bus
283 1034 473 1085 (quibus
495 1044 781 1083 magnopere
805 1033 931 1080 eget)
956 1031 1143 1070 omnino
1167 1031 1394 1081 spoliare,
1425 1042 1574 1081 neque
1595 1030 1804 1070 Recana-

173 1105 375 1146 tensium
397 1104 485 1155 piis
507 1104 627 1143 votis
658 1115 750 1142 non
778 1102 1063 1142 satisfacere.
1094 1101 1291 1152 Vtrique
1320 1102 1463 1151 igitur
1492 1102 1615 1152 parti
1647 1102 1803 1153 aliquo

176 1177 340 1217 saltem
362 1175 499 1215 modo
522 1180 589 1214 est
612 1174 917 1213 satisfactum.
942 1172 1060 1213 Nam
1083 1173 1174 1212 duo
1197 1179 1275 1212 aut
1296 1179 1390 1212 tres
1409 1185 1466 1212 ex
1490 1172 1703 1212 Patribus
1720 1173 1805 1213 Lo-

174 1248 262 1288 reti
302 1247 360 1287 ad
401 1246 768 1286 consolationem
804 1244 1157 1295 peregrinorum
1193 1250 1539 1293 remanserunt,
1579 1244 1657 1283 alii
1691 1255 1805 1284 vero

177 1331 285 1359 cum
306 1318 353 1358 P.
378 1317 581 1357 Rectore
605 1317 613 1336 ¹
638 1315 1031 1356 Recanatensium
1054 1314 1326 1365 commodis,
1352 1326 1534 1354 summa
1557 1327 1662 1354 cum
1683 1315 1806 1355 aedi-

177 1390 407 1439 ficatione,
432 1388 768 1428 deseruicrunt.
793 1386 911 1427 Nam
933 1386 1129 1437 singulis
1145 1385 1309 1425 diebus
1326 1386 1570 1426 dominicis
1593 1393 1636 1426 et
1657 1386 1804 1436 festis,

178 1462 225 1501 in
259 1462 362 1501 loco
398 1460 609 1511 publicae
645 1458 860 1498 concioni
896 1458 1156 1508 designatO,
1195 1463 1301 1496 sunt
1336 1458 1522 1497 habitae
1559 1458 1808 1498 conciones

181 1545 287 1573 cum
309 1543 482 1582 magno
505 1531 734 1581 applausu
756 1536 800 1569 et
823 1529 1045 1569 mediocri
1073 1540 1305 1568 concursu
1332 1530 1511 1580 populi:
1545 1529 1808 1570 doctrinam

182 1615 365 1656 quoque
386 1603 692 1642 christianam
712 1612 833 1640 Vnus
855 1612 913 1640 ex
941 1600 1114 1639 nostris
1133 1599 1348 1640 Patribus
1371 1607 1439 1640 est
1460 1601 1699 1651 professus
1721 1601 1810 1641 sin-

181 1675 303 1726 gulis
325 1674 422 1714 fere
444 1673 619 1720 diebus,
644 1677 1086 1723 perseuerassetquc
1108 1671 1154 1710 in
1176 1683 1229 1710 eo
1251 1672 1494 1721 exercitio,
1519 1672 1607 1711 nisi
1624 1673 1811 1722 grauio-

182 1746 246 1786 ris
267 1745 488 1785 momenti
512 1743 844 1794 occupationes
866 1743 1174 1790 obstitissent,
1200 1749 1335 1792 prout
1364 1743 1559 1793 contigit
1581 1744 1812 1794 superiori

182 1816 490 1863 hebdomada,
515 1816 559 1854 in
583 1827 688 1866 qua,
706 1820 812 1865 post
828 1814 1014 1853 iubilaei
1030 1814 1406 1865 publicationem,
1427 1822 1584 1857 tantus
1601 1818 1687 1859 fuit
1705 1832 1812 1861 con-

183 1888 409 1929 fitentium
431 1898 665 1933 numerus,
691 1893 740 1925 Vt
762 1885 941 1925 mediae
964 1886 1084 1936 parti
1106 1886 1377 1926 satisfacere
1395 1899 1486 1927 non
1504 1891 1808 1943 potuerimus;

184 1971 344 1999 omnes
367 1959 487 1998 enim
510 1957 642 1997 nobis
665 1957 922 1996 voluissent
944 1957 1172 2004 confiteri,
1200 1963 1391 2008 propter
1418 1960 1807 2013 aestimationem,

186 2043 324 2083 quam
355 2031 410 2070 de
437 2030 569 2069 nobis
600 2035 927 2079 conceperunt.
963 2027 1106 2068 Paces
1132 2028 1224 2068 illic
1254 2040 1436 2080 quoque
1466 2034 1718 2073 nonnullae
1749 2034 1814 2074 fa-

186 2110 288 2145 ctae
311 2109 431 2148 sunt,
456 2108 500 2140 et
522 2101 724 2152 quinque
745 2099 1065 2139 concubinarii
1082 2100 1265 2140 Christo
1284 2107 1389 2140 sunt
1406 2102 1653 2145 lucrifacti.
1673 2103 1814 2145 Rece-

187 2181 355 2228 perunt
376 2174 516 2213 etiam
539 2171 922 2211 consuetudinem
952 2171 1219 2222 frequenter
1246 2173 1643 2224 communicandi,
1673 2178 1817 2216 semel

186 2247 353 2287 saltem
374 2244 571 2294 singulis
590 2243 841 2292 mensibus,
865 2247 1031 2282 contra
1052 2243 1381 2283 nonnullorum
1409 2243 1606 2284 fratrum
1635 2241 1813 2297 inanes,

189 2330 246 2357 ne
268 2317 419 2356 dicam
441 2315 621 2365 impios,
645 2314 857 2353 latratus.

269 2388 557 2437 Frequenter
591 2384 731 2424 etiam
766 2384 823 2424 ad
860 2383 1147 2424 infirmorum
1187 2384 1350 2424 domos
1385 2388 1694 2440 accersimur,
1729 2388 1816 2429 fre·

191 2458 406 2511 quentius
428 2457 487 2496 ad
509 2456 694 2495 diuersa
715 2455 885 2506 templa
909 2455 1187 2506 inuitamur,
1211 2461 1262 2495 vt
1283 2457 1534 2498 multorum
1562 2455 1818 2500 consessib-

188 2542 271 2570 nes
293 2528 553 2569 audiamus:
577 2526 790 2566 omnibus
810 2525 996 2565 interim
1017 2525 1290 2566 satisfacere
1311 2539 1403 2567 non
1424 2529 1652 2571 valemus.

268 2600 460 2640 Fratres
482 2609 662 2649 quoque
684 2596 832 2636 nostri
852 2596 898 2635 in
919 2596 1156 2636 coenobiis
1177 2603 1221 2637 et
1248 2598 1352 2638 aliis
1379 2600 1582 2650 templis,
1606 2602 1813 2652 quinimo

144 2660 147 2663 ’
187 2673 233 2712 in
256 2670 418 2710 mediis
440 2668 618 2720 plateis,
642 2668 908 2718 frequenter
927 2667 1280 2718 concionantur,
1300 2668 1364 2708 ita
1381 2675 1431 2709 vt
1448 2671 1699 2722 aliquando
1721 2685 1821 2713 vno

190 2743 262 2783 die
290 2741 493 2793 quinque
520 2745 600 2779 aut
628 2750 712 2778 sex
737 2738 925 2778 habitae
953 2738 1044 2778 sint
1079 2739 1356 2790 conciones,
1394 2752 1487 2781 non
1514 2742 1614 2782 sine
1640 2754 1819 2795 magno

190 2814 344 2854 fructu
366 2818 410 2852 et
430 2811 566 2851 huius
587 2809 747 2861 populi
768 2808 1104 2849 aedificatione.
1128 2809 1234 2850 Duo
1256 2822 1439 2863 quoque
1460 2824 1518 2852 ex
1539 2815 1713 2854 nostris
1734 2813 1820 2854 Pa-

251 2972 260 2992 ¹
302 2972 333 2999 Ρ,
353 2972 503 2999 oux-erio
520 2972 680 2999 Manareo
