2047 3179
843 157 924 194 ΑΝ.
958 157 1048 192 1ῗ);“).”)
1692 160 1763 196 617

136 254 328 294 stitisset
350 255 598 294 multorum
624 254 933 294 oblatratibus
962 261 1007 294 et
1035 255 1302 303 calumniis,
1332 254 1601 294 iamdudum
1629 261 1761 295 extra

132 323 339 364 Galliam
360 324 595 375 profligati
617 324 883 365 fuissemus.
908 324 1042 364 Adde
1063 325 1185 376 quod
1208 326 1388 365 aulicae
1418 326 1650 375 mulieres,
1684 327 1761 366 hu—

137 395 394 435 iuscemodi
418 396 662 436 calumniis
681 397 874 436 obrutae
891 396 1045 446 potius
1064 407 1203 447 quam
1220 396 1438 446 imbutae,
1458 397 1505 436 in
1521 409 1606 436 nos
1623 397 1764 436 etiam

138 477 296 505 eoram
319 465 447 516 Rege
469 466 833 517 debacchantur,
858 478 944 506 nec
965 475 1188 506 verentur
1218 478 1303 506 nec
1337 467 1616 506 erubeseunt
1644 468 1762 507 insa-

137 547 224 576 nas
245 538 502 577 sententias
523 537 705 578 effutire
726 544 770 578 et
790 538 1194 589 impudentissimo
1216 544 1356 589 atque
1379 539 1560 589 impuro
1584 550 1663 578 ore
1680 550 1764 578 nos

135 606 409 647 dilacerare.

220 678 417 719 Tantam
442 680 574 720 nobis
595 681 855 721 conflarunt
876 680 1083 721 omnium
1105 680 1330 720 inuidiam
1351 681 1582 729 doctores,
1615 691 1700 731 neq
1710 691 1764 719 ue

137 754 295 789 tamen
317 750 469 790 adhuc
493 758 679 791 cessant
702 752 994 803 iurisperitos
1017 751 1301 791 exacerbare
1323 757 1367 791 et
1389 751 1499 791 totis
1521 751 1765 790 conatibus

142 820 393 869 concitare,
418 821 510 861 imo
532 829 573 862 et
597 823 746 874 ipsum
768 823 954 874 vulgus,
979 833 1089 862 suas
1110 829 1334 873 perpetuo
1356 828 1400 862 et
1421 822 1642 873 Episcopi
1663 833 1764 861 cen-

137 902 274 931 suras
294 892 562 932 iactitantes
584 900 631 933 vt
654 906 739 933 nos
760 894 949 934 tandem
970 894 1216 944 deficiant,
1240 894 1285 933 in
1307 905 1386 933 ore
1410 893 1641 943 omnium,
1667 893 1766 933 siue

137 962 361 1002 nobilium
385 963 481 1004 siue
504 964 792 1014 ignobilium,
823 966 1142 1016 praelatorum
1169 976 1250 1004 seu
1272 964 1586 1016 priuatorum,
1618 964 1765 1003 erudi·

138 1039 291 1073 torum
314 1045 369 1073 ac
392 1035 575 1075 rudium
597 1035 766 1076 fabella
787 1047 960 1076 sumus.
985 1035 1171 1076 Nullum
1193 1036 1457 1075 celebratur
1478 1035 1763 1083 conuiuium,

140 1104 316 1144 nullum
338 1106 602 1155 prandium,
627 1108 752 1146 nulla
775 1118 938 1157 coena,
963 1107 1009 1146 in
1029 1107 1197 1158 quibus
1218 1106 1341 1146 mille
1361 1106 1512 1146 modis
1534 1117 1626 1146 non
1657 1106 1766 1145 dila-

139 1186 365 1215 ceremur.
391 1176 478 1216 Vel
501 1177 586 1227 ipsi
609 1177 898 1228 professores
920 1189 1086 1218 sacrae
1108 1167 1374 1228 theologiae
1395 1178 1441 1217 in
1464 1178 1560 1218 suis
1588 1179 1769 1229 praele-

138 1246 370 1287 ctionibus
392 1259 483 1286 non
506 1260 614 1287 raro
638 1248 920 1288 inuehuntur
941 1249 986 1288 in
1008 1249 1274 1289 Institutum
1296 1255 1523 1289 nostrum.
1547 1248 1595 1288 si
1611 1248 1766 1288 omnia

140 1328 261 1368 quae
283 1318 502 1358 dicuntur
523 1326 567 1358 et
590 1319 872 1359 obiiciuntur
893 1331 1139 1360 recensere
1162 1320 1410 1369 studerem,
1436 1325 1582 1360 totum
1603 1330 1677 1358 me
1694 1319 1766 1358 de-

139 1387 297 1428 ficeret
319 1396 516 1440 tempus.

218 1458 306 1499 Sed
345 1471 430 1500 nec
464 1460 647 1501 silentio
683 1462 1075 1513 praetereundum
1107 1462 1228 1513 quod
1260 1473 1351 1502 non
1387 1461 1560 1502 dudum
1591 1461 1650 1500 ad
1683 1472 1769 1500 nos

141 1530 273 1580 quasi
296 1531 622 1571 schismaticos
653 1532 889 1572 sorbonici
916 1532 1165 1584 quemdam
1192 1532 1296 1573 fidei
1324 1533 1647 1584 inquisitorem
1676 1532 1767 1570 Au-

138 1601 424 1651 gustiensem
461 1602 592 1652 (sse),
621 1603 774 1642 virum
805 1615 917 1643 sane
945 1604 1142 1654 probum
1169 1616 1223 1643 ac
1254 1610 1548 1643 mansuetum
1578 1603 1768 1643 manda-

139 1678 260 1723 runt,
285 1674 362 1723 qui
386 1684 441 1712 ne
465 1685 546 1713 suo
571 1674 751 1713 deesset
774 1674 922 1714 officio
947 1676 1160 1715 minusue
1187 1681 1405 1726 suscepto
1434 1674 1564 1714 oneri
1587 1674 1768 1713 satisfa-

142 1749 283 1793 ceret,
322 1745 463 1783 alium
500 1745 747 1784 aecersiuit
779 1746 930 1785 virum
967 1746 1288 1785 doctissimum
1322 1758 1377 1785 ac
1411 1756 1681 1797 syncerum,
1722 1749 1769 1783 vt

139 1813 402 1854 [nstitutum
420 1822 628 1855 nostrum
647 1818 962 1867 explorarent.
978 1816 1135 1856 Vnum
1152 1829 1210 1856 ex
1226 1816 1449 1856 fratribus
1467 1816 1765 1865 conueniunt,

138 1885 214 1924 cui
237 1885 457 1925 diuturna
480 1887 769 1937 experientia
792 1887 919 1927 clara
943 1894 1075 1927 erant
1098 1888 1268 1937 omnia,
1292 1899 1429 1939 quem
1451 1898 1589 1938 quum
1613 1886 1769 1936 singil-

139 1956 268 1995 latim
288 1957 662 2007 interrogassent
685 1969 826 2009 quam
848 1958 1021 1998 dudum
1044 1966 1087 1998 et
1109 1970 1135 1997 a
1165 1959 1332 2009 quibus
1353 1959 1470 1998 haec
1491 1965 1613 1997 esset
1643 1957 1769 1997 insti-

138 2032 236 2066 tuta
258 2027 458 2079 Religio,
483 2029 608 2068 circa
631 2040 751 2080 quae
772 2030 1069 2080 potissimum
1090 2035 1376 2080 versaretur,
1401 2029 1456 2069 de
1483 2029 1636 2068 forma
1663 2039 1768 2068 con-

139 2099 436 2147 uersationis,
474 2100 630 2139 victus
670 2105 714 2139 et
752 2099 954 2149 habitus,
998 2108 1041 2140 et
1083 2107 1236 2140 Vtrum
1277 2112 1438 2140 omnes
1477 2100 1576 2139 sine
1615 2099 1770 2151 aliquo

139 2168 423 2218 discrimine,
447 2169 687 2221 Religiosi,
718 2171 992 2221 facinorosi,
1025 2171 1434 2220 excommunicati,
1464 2171 1767 2219 schismatici,

141 2247 186 2280 et
208 2248 395 2281 caetera
418 2241 463 2281 id
485 2253 634 2292 genus
656 2242 1028 2292 admitterentur,
1054 2243 1220 2294 quibus
1242 2243 1381 2282 etiam
1404 2242 1527 2282 votis
1544 2243 1771 2292 astringe-

140 2323 312 2361 remur,
337 2312 522 2363 quando
541 2312 881 2364 profiteremur,
900 2325 1016 2364 quas
1032 2314 1310 2353 haberemus
1327 2313 1642 2364 probationes;
1662 2312 1770 2352 item

141 2383 198 2422 de
219 2383 384 2423 studiis
406 2384 589 2435 aliaque
610 2384 858 2435 permulta,
882 2396 1002 2436 quae
1025 2396 1269 2424 recensere
1292 2385 1486 2435 longum
1507 2389 1653 2424 esset:
1676 2384 1770 2434 qui-

141 2454 226 2494 bus
260 2455 474 2494 omnibus
510 2455 571 2495 ita
611 2455 836 2495 satisfecit
873 2456 1024 2496 dictus
1058 2456 1225 2505 frater,
1255 2461 1306 2495 vt
1333 2455 1524 2495 tandem
1558 2455 1770 2506 obstupe-

142 2531 326 2565 scentes
353 2525 720 2574 admirarentur,
750 2526 873 2566 vnde
905 2532 973 2566 tot
1001 2526 1261 2566 calumniae
1289 2525 1582 2577 improbique
1611 2536 1769 2565 nasce-

141 2603 301 2636 rentur
335 2608 572 2647 rumores,
610 2603 928 2648 quantumque
968 2598 1283 2648 periculosum
1321 2598 1379 2636 sit
1420 2597 1486 2636 eis
1524 2608 1771 2637 assensum

139 2665 365 2718 praebere
387 2668 719 2708 acclamarent.
744 2667 905 2719 Itaque
927 2679 1032 2708 cum
1054 2668 1260 2708 maxima
1277 2667 1686 2718 congratulatione
1706 2667 1773 2706 In·

140 2738 350 2778 stitutum
388 2746 600 2779 nostrum
635 2739 1019 2789 comprobantes,
1050 2739 1306 2779 humillime
1340 2739 1528 2778 veniam
1557 2738 1774 2789 depreca-

141 2809 327 2859 bantur,
347 2809 560 2861 quodque
577 2821 672 2850 non
689 2809 920 2850 maleuolo
939 2810 1094 2849 animo
1107 2810 1431 2857 accessissent,
1450 2809 1531 2849 sed
1548 2809 1594 2848 id
1611 2809 1699 2849 sibi
1714 2820 1773 2848 ex

142 2878 294 2919 officio
327 2879 619 2927 incumbere;
650 2886 694 2920 et
723 2880 913 2931 quinam
945 2887 1115 2930 essent,
1149 2880 1283 2920 fratri
1317 2880 1392 2920 cui
1427 2879 1615 2919 omnino
1648 2879 1772 2919 inco-

149 2950 266 2995 gniti
289 2958 436 3002 erant,
461 2950 834 3000 manifestarunt,
864 2956 908 2991 et
935 2951 1103 2991 obnixe
1131 2962 1233 2990 sese
1261 2951 1348 3002 piis
1374 2950 1582 2990 omnium
1609 2950 1774 2990 suffra-
