2047 3179
843 153 846 156 ’
864 139 948 176 ΑΝ.
980 139 1072 176 1554
1262 169 1266 174 ,
1726 140 1792 176 107

830 587 1114 642 CCCXVI

219 822 443 860 Robertus
460 822 764 870 Clayssonius,

265 887 331 925 Ex
351 888 661 926 commissione
681 887 825 925 Patris
847 887 1075 925 Paschasii
1095 886 1244 932 Broe't‚

311 952 433 990 Patri
452 953 623 1000 Ignatio
643 953 696 991 de
715 953 904 1002 Loyola.

357 1017 554 1064 Parisiis,
577 1019 593 1055 1
614 1018 887 1066 Septembris
909 1018 1001 1055 1554
1018 1018 1045 1055 ¹.

223 1225 320 1266 Pax
342 1225 531 1267 Domini
551 1226 639 1267 Dei
660 1226 809 1268 nostri
828 1226 940 1279 Jesu
961 1225 1135 1268 Christi
1156 1226 1363 1278 perfecta
1380 1237 1466 1266 nos
1484 1225 1625 1266 donet
1646 1225 1783 1266 liber-

142 1301 257 1337 tate.
280 1296 449 1337 Amen.

221 1367 351 1419 Quae
372 1374 573 1420 quatuor
594 1369 830 1410 mensibus
852 1368 1093 1421 proximis,
1117 1368 1304 1409 diuinae
1332 1368 1590 1420 sapientiae
1617 1367 1778 1408 Proui-

140 1439 318 1489 dentia,
343 1440 518 1480 nostris
539 1441 783 1482 conatibus
803 1447 902 1481 tum
922 1439 1161 1492 suppetias
1182 1439 1386 1490 tulerint,
1410 1445 1508 1480 tum
1530 1438 1781 1479 offendicu-

139 1511 185 1550 la
218 1510 487 1561 obiecerint,
525 1511 635 1551 Rde
671 1512 717 1552 in
751 1512 936 1553 Christo
971 1511 1133 1563 Pater,
1171 1511 1522 1563 compendiaria
1555 1509 1777 1551 methodo

141 1582 474 1634 perstringam,
500 1595 558 1623 ex
579 1594 743 1624 sacrae
767 1583 1058 1624 obedientiae
1079 1594 1273 1623 munere
1295 1582 1410 1623 mihi
1430 1583 1656 1623 iniuncto.

217 1653 452 1705 Principio
485 1653 649 1694 Patres
681 1660 820 1707 atque
847 1654 1018 1694 fratres
1038 1654 1248 1694 vniuersi
1276 1664 1531 1705 prosperae
1552 1652 1783 1693 valetudi-

134 1725 210 1765 nis
231 1725 562 1765 commoditate
584 1725 704 1776 freti‚
729 1725 882 1766 studio
903 1726 1114 1766 literario
1136 1725 1307 1766 obnixe
1324 1725 1617 1775 incumbunt,
1639 1735 1782 1776 seque

137 1801 262 1836 totos
298 1795 589 1836 obedientiae
623 1797 903 1837 submittunt
933 1796 1142 1837 arbitrio.
1173 1796 1410 1847 Quantum
1443 1796 1619 1836 laboris
1651 1794 1784 1836 R.‘1¹¹S

136 1865 443 1918 Praepositus
477 1874 637 1908 noster
667 1866 694 1916 ²,
727 1868 774 1908 in
802 1867 1050 1909 Societatis
1085 1867 1416 1919 promouendis
1442 1867 1658 1919 negotiis,
1684 1874 1783 1908 tum

133 1936 354 1978 Consulis
393 1938 516 1990 apud
555 1937 780 1979 Senatum
820 1938 1134 1979 Parisiensem
1171 1950 1228 1978 ac
1269 1937 1521 1979 Secretarii
1557 1950 1583 1978 a
1619 1938 1782 1990 Regiis

133 2009 562 2060 supputationibus,
586 2020 710 2049 nunc
739 2021 852 2050 vero
875 2021 902 2050 a
924 2009 1218 2062 quaestionib
1230 2020 1284 2049 us
1320 2020 1402 2049 seu
1435 2009 1602 2049 libellis
1635 2010 1779 2061 regiis

135 2078 353 2130 Magistri
376 2080 529 2132 (quem
551 2080 694 2131 Vulgo
716 2081 921 2121 Maz‘stre
945 2081 1000 2120 de
1021 2084 1262 2131 requestes
1293 2092 1381 2120 sur
1412 2080 1455 2120 le
1475 2080 1583 2131 Roy
1603 2092 1779 2121 nuncu-

135 2151 334 2202 pamus),
358 2150 664 2191 Illustrissimi
684 2151 774 2191 viri
807 2150 914 2192 Dni.
948 2151 1155 2192 Dumont
1187 2150 1421 2202 praesidio
1447 2150 1610 2202 fretus,
1635 2163 1778 2203 quan-

134 2226 235 2261 tum
255 2221 446 2273 inquam
478 2222 799 2263 molestiarum
826 2222 1143 2275 insumpserit,
1174 2233 1332 2263 rerum
1360 2228 1601 2273 gestarum
1630 2222 1778 2262 series

133 2292 538 2333 commonstrabit.
577 2292 729 2343 Quum
766 2293 909 2345 igitur
943 2294 1001 2334 ab
1037 2295 1264 2335 aedilibus
1299 2305 1465 2334 sacrae
1502 2293 1606 2334 aedi
1643 2293 1777 2334 Beati

135 2361 487 2404 Bartholomaei
514 2362 779 2415 praefectis,
808 2365 952 2406 misso
986 2365 1172 2406 aedituo
1201 2365 1260 2406 ad
1288 2364 1427 2406 aedes
1456 2372 1660 2415 nostras,
1692 2376 1776 2417 pro

134 2434 333 2475 solemni
358 2446 503 2486 more,
527 2434 586 2475 ad
617 2435 992 2477 concionandum
1019 2444 1230 2489 rogatus,
1256 2449 1283 2477 a
1311 2436 1670 2488 poenitentiario
1691 2435 1777 2476 Pa-

134 2505 320 2546 risiensi
350 2504 378 2556 ³,
403 2517 496 2546 non
523 2506 698 2557 absque
727 2507 1056 2558 theologorum
1087 2508 1379 2548 clandestino
1408 2506 1652 2558 suffragio,
1676 2508 1776 2547 vul-

133 2580 232 2616 tum
265 2576 516 2617 iuuenilem
547 2583 788 2626 causante,
822 2579 1060 2629 repulsam
1085 2590 1253 2631 passus
1283 2590 1433 2619 essem
1459 2577 1489 2629 ⁴,
1520 2578 1598 2630 qui
1633 2578 1774 2618 etiam

189 2761 199 2780 ¹
238 2761 490 2796 Autographae
507 2763 645 2790 litterae
664 2763 697 2790 in
714 2763 822 2790 tribus
838 2763 938 2799 foliis,
955 2771 1009 2790 nn.
1025 2763 1078 2791 250
1092 2767 1125 2791 et
1142 2768 1297 2798 sequent.

188 2808 202 2827 2
240 2808 275 2835 P.
291 2809 501 2838 Paschasius
515 2810 632 2838 Broet.
1605 2832 1609 2836 -

187 2855 201 2874 ³
237 2855 386 2889 Joannes
401 2857 593 2885 Alleaume.
609 2858 702 2885 Tunc
720 2858 884 2892 temporis
900 2858 1190 2887 Poenitentiarius
1206 2860 1339 2887 solebat
1364 2867 1438 2887 esse
1462 2860 1667 2887 Parisiensis
1691 2860 1772 2894 Epi-

134 2902 234 2937 scopi
250 2904 493 2932 confessarius.

187 2950 203 2971 ⁴
240 2950 329 2979 Vide
344 2960 459 2987 supra.
478 2958 500 2982 t.
518 2960 554 2989 11,
571 2961 650 2989 pag.
666 2954 729 2982 664.
