2047 3179
902 156 985 194 Am.
1018 158 1108 193 1555>
1747 159 1819 198 639

267 252 509 302 Vigesimo
532 259 700 293 octauo
723 252 929 292 eiusdem
952 252 1122 292 mensis
1144 253 1189 292 in
1211 253 1381 304 oppido
1403 252 1567 294 Soriac
1593 253 1601 273 ¹
1620 286 1629 305 ‚
1652 256 1729 296 vbi
1752 257 1811 296 fe-

186 323 285 364 riae
305 323 477 375 Juliani
500 324 724 375 martyris
745 323 1116 371 celebrabantur,
1148 335 1174 363 a
1196 323 1398 363 Curione
1429 324 1673 375 inuitatus,
1708 339 1812 367 con-

188 394 369 434 cionem
397 395 552 435 habui.
582 394 721 434 Festo
757 393 1076 434 decollationis
1105 392 1161 433 D.
1195 392 1388 445 Joannis
1423 394 1677 446 Baptistae,
1711 407 1816 449 post

186 465 447 515 prandium,
478 465 524 505 in
559 477 740 505 summo
774 465 945 516 templo
973 464 1155 504 ssiliomi
1184 464 1315 504 verbi
1346 465 1603 506 ministerio
1632 467 1818 508 functus

185 546 304 575 sum.
327 536 399 576 Ex
420 536 606 587 oppido,
633 536 748 576 Pont
770 536 825 576 de
847 535 1083 576 Chasteau
1107 537 1362 588 appellato,
1387 548 1550 588 preces
1572 538 1632 578 ad
1653 550 1725 578 me
1745 540 1816 580 de-

185 605 385 646 stinatae
407 613 449 646 et
473 619 530 646 cx
555 606 712 647 Monte
731 606 928 656 Morino,
953 606 1118 658 quibus
1140 606 1393 657 suffragari
1421 607 1672 659 impeditus
1707 622 1816 650 non-

185 675 293 716 dum
314 683 492 727 potero.
517 677 790 718 Praefectus
810 677 920 728 pagi
942 676 1088 717 Rauel
1108 676 1122 695 “²
1144 678 1362 728 precibus
1384 689 1456 717 me
1479 678 1538 718 ad
1558 690 1609 718 se
1630 679 1811 721 inuitat.

184 746 280 787 Nec
308 747 559 788 admodum
590 748 730 788 refert
760 748 835 789 hic
864 759 1232 788 commemorare
1261 755 1434 800 quanto
1466 749 1643 790 honore
1680 757 1818 803 atque

178 817 423 869 obsequio,
448 819 578 870 equis
599 820 832 871 sociisque
854 819 1022 866 missis.
1048 819 1105 859 ab
1134 819 1438 859 inuitantibus
1461 821 1684 872 excipiar,
1711 834 1819 862 nam

186 889 437 939 patientiae
459 890 644 930 occasio
668 890 864 930 forsitan
886 901 958 929 me
979 890 1130 940 magis
1152 890 1429 939 delectaret,
1453 903 1594 942 quam
1614 903 1814 933 commo-

186 959 382 1000 ditatum
404 961 705 1011 vniuersitas;
728 961 911 1012 gaudeo
933 967 1088 1000 tamen
1116 961 1273 1012 populi
1303 960 1523 1002 affectum
1552 974 1658 1003 cum
1688 964 1818 1004 lucro

186 1031 459 1082 euangelico
473 1043 657 1083 semper
670 1043 956 1072 accrescere.
975 1031 1112 1072 Certe
1125 1032 1404 1083 obstupesco
1423 1033 1521 1084 ipse
1536 1040 1579 1073 et
1592 1035 1817 1075 erubesco

187 1113 332 1153 prope
354 1107 421 1142 tot
443 1102 700 1142 honoribus
721 1103 954 1154 tantisque
976 1103 1224 1154 obsequiis.

266 1172 483 1213 Calendis
506 1172 794 1224 Septembris
815 1185 951 1213 mane
973 1173 1157 1214 Biliomi
1178 1174 1224 1213 in
1246 1184 1428 1214 summo
1446 1175 1619 1226 templo
1637 1176 1817 1216 concio-

180 1248 323 1283 natus
345 1256 462 1293 sum,
487 1255 637 1296 eoque
656 1245 727 1284 die
745 1245 819 1284 hic
836 1244 1023 1284 habitae
1041 1251 1147 1284 sunt
1163 1243 1504 1295 disputationes
1523 1246 1750 1297 publicae,
1771 1247 1817 1287 in

187 1314 354 1365 quibus
374 1316 554 1366 primus
571 1315 685 1355 mihi
703 1317 832 1355 locus
851 1316 1133 1365 assignatus.
1155 1315 1312 1366 Atqui,
1334 1327 1515 1356 summo
1534 1317 1819 1358 moderatori

187 1385 375 1425 scholae
397 1385 760 1426 Clarmontanae
781 1386 957 1426 honore
979 1397 1085 1426 cum
1107 1386 1232 1426 omni
1253 1386 1477 1427 instantia
1500 1388 1669 1439 delato,
1694 1396 1738 1429 et
1761 1390 1818 1429 ab

186 1456 285 1506 ipso
302 1456 491 1496 tandem
509 1465 741 1508 suscepto,
763 1457 1017 1497 secundum
1034 1457 1188 1497 locum
1204 1459 1278 1497 vel
1297 1457 1470 1498 inuitus
1489 1459 1680 1499 sortitus
1698 1471 1815 1511 sum,

187 1527 322 1578 idque
344 1540 436 1568 non
456 1528 555 1568 sine
580 1530 741 1568 fauore
763 1528 1043 1568 auditorum.
1066 1527 1241 1568 Eodem
1263 1528 1336 1568 die
1360 1527 1542 1580 Ryomo
1565 1542 1590 1569 a
1618 1529 1818 1582 Praepo-

183 1599 272 1638 sito
293 1597 351 1638 D.
376 1599 588 1650 Virginis
611 1600 774 1640 literae
796 1599 854 1639 ad
875 1611 947 1639 me
969 1600 1139 1639 missae
1160 1605 1281 1649 sunt,
1306 1600 1474 1651 quibus
1503 1614 1560 1641 ex
1582 1603 1819 1643 communi

183 1669 407 1720 suffragio
431 1677 473 1709 et
495 1678 607 1710 voto
631 1670 967 1710 canonicorum
988 1670 1034 1710 in
1053 1670 1195 1710 ferias
1212 1669 1484 1728 Natiuitatis
1499 1671 1740 1713 Marianae
1757 1674 1817 1714 ad

183 1741 439 1781 solemnem
459 1742 586 1781 illum
609 1752 876 1781 sermonem
895 1753 968 1781 me
990 1741 1172 1791 inuitat,
1192 1743 1427 1792 repulsam
1446 1754 1559 1793 prae
1577 1755 1649 1783 me
1665 1745 1817 1795 passis

183 1812 476 1862 grauissimis
494 1813 623 1862 viris,
645 1812 807 1852 Priore
822 1812 1240 1853 Dominicanorum
1262 1812 1701 1864 Clarmontensium‚
1726 1815 1815 1856 Do-

187 1890 315 1923 ctore
335 1883 570 1934 theologo,
590 1883 753 1923 Priore
770 1882 1128 1924 Carmelitarum
1146 1883 1350 1924 eiusdem
1371 1885 1522 1931 vrbis,
1542 1884 1701 1925 Priore
1723 1886 1815 1926 Au—

184 1954 526 2003 gustinensium
548 1954 706 2005 oppidi
728 1953 945 2005 Saignat,
969 1954 1072 1994 viro
1103 1955 1504 2006 eloquentissimo,
1537 1967 1591 1995 ac
1620 1955 1817 2008 denique

185 2023 426 2064 Gardiano
449 2025 708 2076 Ryomensi
729 2025 976 2075 Minorum‚
996 2025 1073 2077 qui
1090 2026 1262 2076 singuli
1279 2026 1400 2066 hanc
1418 2026 1697 2067 concionem
1713 2040 1812 2079 per-

182 2106 322 2146 quam
359 2097 589 2136 celebrem
625 2096 915 2147 expetierant
936 2107 943 2146 ;
985 2104 1031 2135 at
1076 2107 1352 2147 responsum
1386 2103 1456 2136 est
1498 2097 1639 2138 alium
1682 2111 1815 2150 expe-

182 2167 315 2217 ctari,
345 2179 632 2219 quamquam
658 2167 864 2207 nondum
891 2167 949 2207 ad
978 2179 1049 2207 me
1078 2167 1344 2219 scripsisset
1375 2168 1619 2219 quispiam.
1657 2169 1817 2222 Itaque

181 2235 325 2278 literis
347 2238 706 2288 suffragatoriis,
727 2237 920 2289 ignarus
937 2239 1153 2289 repulsae
1174 2245 1411 2278 tantorum
1432 2239 1658 2289 virorum,
1678 2239 1815 2280 fidem

180 2307 422 2349 habendae
439 2309 682 2349 concionis
701 2308 818 2348 dedi.
838 2307 1052 2349 Secundo
1069 2309 1260 2349 huiusce
1280 2309 1454 2349 mensis
1474 2309 1567 2349 iam
1586 2311 1724 2350 tertio
1737 2323 1814 2352 vo·

183 2386 316 2419 catus
338 2391 440 2419 sum
463 2379 756 2429 Ambertum,
780 2390 899 2430 equo
916 2379 1147 2431 sociisque
1165 2379 1350 2419 oblatis.
1371 2379 1545 2419 Abbati
1562 2387 1604 2420 et
1623 2380 1816 2422 Curioni

182 2450 513 2502 obtemperabo
536 2451 738 2490 fortasse
757 2449 885 2490 feriis
905 2449 962 2490 D.
984 2449 1182 2490 Cosmae
1200 2456 1244 2490 et
1262 2449 1483 2490 Damiani
1501 2450 1751 2493 admodum
1768 2453 1815 2493 in

175 2533 236 2561 ea
257 2522 388 2572 vrbe,
411 2527 591 2572 septem
613 2520 887 2561 milliaribus
909 2533 936 2561 a
956 2520 1089 2560 nobis
1110 2520 1275 2561 dissita
1294 2553 1301 2570 ,
1325 2521 1624 2562 solemnibus.

258 2592 433 2632 Eodem
452 2591 525 2632 die
542 2604 568 2631 a
587 2591 786 2632 Consule
802 2590 996 2632 Vicensi
1013 2590 1041 2642 ⁵,
1061 2603 1120 2631 ex
1136 2591 1309 2631 ciuium
1324 2591 1674 2643 potissimorum
1692 2605 1813 2634 com-

177 2662 411 2712 missione,
437 2669 630 2713 rogatus
652 2673 769 2712 sum;
793 2662 866 2702 his
888 2662 1060 2713 parebo
1091 2662 1242 2713 prima
1263 2662 1527 2713 occasione;
1551 2664 1683 2704 locus
1704 2664 1813 2704 hinc

232 2821 242 2842 ¹
282 2822 348 2855 Sie;
374 2821 546 2849 Sauriac?
568 2821 612 2848 At
636 2822 668 2848 in
691 2821 817 2848 vicinia
837 2822 931 2848 urbis
956 2820 1077 2848 Billom
1103 2822 1230 2848 nullum
1253 2822 1442 2855 reperimus
1466 2821 1565 2856 hujus
1590 2823 1734 2851 nominis
1757 2831 1813 2858 op-

178 2869 304 2904 pidum.

233 2917 246 2937 ‘2
284 2917 649 2951 Ravel-Salmerange.

233 2964 247 2983 ⁵
285 2964 405 2999 Oppidi
429 2965 535 2992 Vic-Ie
550 2963 685 2990 Comte.)
