2047 3179
864 164 905 201 A
914 175 952 201 N.
984 164 1075 201 1555
1727 166 1798 202 675

165 264 310 304 sionis
331 264 500 304 timori.
526 262 660 314 Quod
677 274 735 303 ex
755 273 810 302 eo
831 262 997 302 saltem
1032 262 1291 302 ostenditur
1326 262 1453 313 quod
1484 274 1589 302 cum
1612 262 1671 303 ad
1691 275 1793 314 por-

166 341 262 375 tam
283 335 441 386 templi
461 334 667 384 maioris,
691 334 738 374 in
759 344 850 385 quo
870 332 1007 372 Pater
1036 333 1110 372 hic
1141 333 1413 372 concionari
1448 334 1579 382 solet,
1613 334 1793 384 pericu-

166 408 551 446 losustaurorum
573 405 706 445 ludus
727 404 1025 455 inciperetur,
1055 410 1100 443 et
1128 403 1226 454 ipse
1255 405 1405 443 sancti
1434 405 1592 454 templi
1621 405 1792 444 irreue-

169 477 367 516 rentiam
381 482 425 516 et
439 476 701 516 animarum
717 475 973 527 periculum
988 486 1079 514 non
1096 473 1252 524 ferret,
1271 480 1401 513 stans
1417 474 1464 514 in
1481 480 1615 525 porta
1629 474 1792 515 domus

166 546 368 596 Domini,
401 554 497 587 tam
524 547 690 587 deuote
721 546 875 597 coepit
896 545 1090 586 verbum
1114 544 1301 584 Domini
1322 545 1632 596 proclamare,
1664 552 1712 585 ut
1735 547 1791 585 ab

166 617 381 669 incoepto
399 617 505 657 ludo
523 618 799 657 desistentes
816 624 859 657 et
877 624 1037 656 tauros
1054 616 1099 656 in
1117 627 1336 667 campum
1355 616 1656 665 dimittentes,
1687 628 1793 656 cum

165 688 422 739 lachrymis
443 689 637 728 verbum
658 688 886 738 audirent,
911 699 1017 727 cum
1038 687 1268 738 spirituali
1289 686 1501 727 aedificio
1539 694 1582 726 et
1619 687 1794 727 anima-

168 770 272 799 rum
306 770 497 799 suarum
531 758 871 808 consolatione,
902 770 995 798 non
1029 759 1179 798 solum
1210 758 1489 805 incolarum,
1529 758 1609 798 sed
1652 758 1793 798 etiam

166 829 534 880 alienigenarum
568 830 770 881 vndique
795 829 841 869 in
876 835 1061 880 portum
1094 829 1218 869 hunc
1254 828 1601 877 confluentium,
1639 829 1717 881 qui
1747 829 1794 869 in

167 900 318 940 classe
356 899 509 940 indica
544 912 593 940 se
632 900 826 941 subinde
870 900 1177 950 nauigaturos
1221 906 1426 951 sperant.
1467 899 1600 940 Unde
1641 906 1794 940 motus

166 971 509 1011 illustrissimus
540 970 708 1011 Comes
743 972 799 1011 de
832 970 995 1011 Niebla
1031 970 1040 990 ¹
1083 972 1227 1011 semel
1261 977 1400 1023 atque
1434 971 1603 1011 iterum
1630 969 1794 1011 Patres

167 1042 435 1093 obsecranS,
461 1042 657 1082 obtinuit
676 1049 726 1082 vt
747 1042 792 1082 in
814 1042 916 1094 ipso
951 1042 1094 1082 maris
1114 1042 1249 1082 litore
1270 1041 1326 1082 de
1354 1042 1492 1082 rebus
1513 1053 1795 1082 concernen-

169 1112 292 1153 tibus
312 1113 575 1153 animarum
595 1113 733 1153 saluti
755 1119 799 1153 et
819 1113 1019 1164 negotiis
1041 1113 1088 1153 in
1107 1113 1258 1164 ipsam
1274 1113 1454 1153 Indiam
1471 1113 1699 1164 nauigare
1722 1124 1799 1153 cu-

169 1184 396 1236 pientium
416 1195 679 1224 sermonem
714 1184 773 1224 ad
807 1185 1032 1224 classicos
1065 1184 1273 1235 haberet3
1310 1196 1400 1235 qua
1435 1185 1483 1224 in
1513 1195 1563 1224 re
1581 1185 1727 1235 multi,
1751 1185 1799 1224 in

171 1254 402 1294 obliuione
421 1254 718 1305 dormienteS,
743 1256 963 1296 commoti
989 1261 1096 1295 sunt
1129 1260 1178 1295 ut
1212 1255 1514 1295 conscientiis
1549 1255 1800 1306 pacifican-

173 1325 244 1365 dis
265 1325 451 1365 salubre
473 1326 718 1366 consilium
739 1338 765 1366 a
787 1325 924 1366 Patre
945 1325 1267 1366 desiderarent
1289 1332 1332 1366 et
1353 1332 1579 1377 peterent.

250 1395 301 1436 In
322 1396 461 1436 domo
483 1397 571 1436 hac
593 1408 752 1437 sumus
773 1397 1038 1437 habitantes
1059 1398 1276 1449 quinque,
1301 1409 1499 1449 quorum
1518 1398 1609 1438 duo
1639 1398 1799 1438 clerici

172 1473 292 1517 sunt,
317 1467 509 1517 scilicet,
537 1467 743 1520 Joannes
778 1467 949 1508 Paulus
969 1474 1014 1507 et
1046 1468 1253 1521 Joannes
1288 1469 1344 1508 de
1380 1467 1685 1519 Saluatierra3
1722 1470 1802 1509 alii

170 1545 267 1578 tres
286 1537 471 1579 fratres:
494 1538 701 1590 Joannes
722 1538 981 1588 Gutierrez,
1009 1539 1217 1592 Joannes
1245 1539 1446 1590 Ori-urm,
1481 1539 1717 1580 Gonsalus
1745 1539 1800 1580 de

175 1609 476 1660 Valencuela,
500 1611 578 1661 qui
595 1621 756 1650 omnes
776 1610 824 1650 in
844 1610 1015 1650 virtute
1037 1609 1143 1662 Xpi.
1167 1610 1227 1650 ad
1262 1612 1441 1650 maiora
1468 1622 1516 1650 se
1545 1611 1802 1651 extendunt

175 1688 220 1721 et
242 1680 506 1731 prouehunt
540 1680 588 1720 in
625 1681 722 1721 suis
756 1681 993 1721 exercitiis
1029 1681 1350 1732 spiritualibus
1385 1688 1428 1720 et
1463 1681 1727 1731 humilibus,
1758 1688 1801 1721 et

172 1751 272 1791 P.tiS
301 1751 354 1791 T.
378 1752 668 1792 orationibus
690 1759 734 1791 et
755 1751 998 1792 sacrificiis
1015 1758 1060 1792 et
1082 1752 1279 1792 aliorum
1300 1751 1491 1792 Patrum
1509 1764 1564 1792 ac
1582 1752 1817 1803 Fratrum,

174 1834 223 1862 se
244 1823 371 1874 ipsos
392 1823 625 1862 humiliter
660 1822 988 1863 commendant
1021 1822 1068 1862 in
1102 1822 1222 1873 Xpo.
1246 1822 1372 1874 Jesu,
1396 1834 1534 1874 quem
1563 1834 1731 1874 precor
1752 1830 1803 1863 vt

174 1904 260 1933 nos
280 1904 442 1933 omnes
463 1893 628 1933 doceat
649 1893 759 1944 quid
780 1894 839 1933 sit
861 1893 1202 1944 beneplacitum
1223 1893 1339 1942 Deo,
1355 1900 1398 1933 et
1420 1894 1479 1934 ad
1505 1894 1551 1933 id
1573 1905 1799 1945 exequen-

177 1964 287 2004 dum
307 1975 475 2004 manus
495 1963 741 2004 confortet.
761 1963 929 2004 Amen.

253 2034 325 2075 De
345 2033 459 2075 Sant
479 2034 634 2074 Lucas
656 2034 711 2074 de
732 2034 1019 2076 Barrameda
1041 2048 1073 2087 y
1096 2036 1152 2076 de
1176 2035 1380 2076 Octubre
1400 2036 1425 2075 2
1451 2035 1567 2074 1555.

256 2104 346 2145 Por
369 2105 621 2145 comission
643 2105 717 2145 del
737 2105 786 2146 P.
805 2105 993 2146 Rector.

336 2175 407 2216 De
427 2176 486 2216 V.
513 2175 561 2216 Ρ.
584 2176 718 2216 invtil
739 2175 831 2227 hijo
854 2189 911 2217 en
932 2178 974 2217 el
994 2176 1141 2218 Sefior
1162 2183 1369 2227 nuestro,

1086 2319 1245 2372 †JUAN
1276 2318 1546 2359 GUTIERREZ
1567 2322 1594 2367 †

258 2528 612 2582 &perscriptio
651 2532 700 2571 z'n
731 2532 884 2572 altem
917 2533 1132 2584 pagina:
1166 2485 1280 2573 Iffis.
1322 2532 1382 2572 Al
1403 2544 1513 2584 muy
1546 2532 1647 2572 R.d0
1677 2533 1726 2574 P.
1750 2545 1809 2575 en

177 2599 288 2653 Jesu
308 2600 392 2640 X.0
414 2609 603 2643 nuestro
627 2602 777 2643 Senos
798 2605 838 2644 el
859 2604 906 2644 Ρ.
931 2604 1137 2644 Maestro
1165 2604 1356 2655 Ignacio
1384 2603 1626 2655 Preposito
1656 2604 1806 2645 Gene-

179 2671 249 2710 ral
269 2671 325 2711 de
347 2672 389 2711 la
403 2672 662 2724 Compafiia
684 2674 739 2714 de
759 2675 894 2728 Jesus
917 2682 1022 2725 etc,
1049 2687 1106 2715 en

259 2741 424 2782 Roma.

258 2812 370 2852 Alia
386 2825 548 2854 mann:
574 2815 688 2855 1555.
708 2815 949 2857 Sanlucar.
971 2817 1349 2868 Quadrimestres
1368 2818 1393 2858 2
1410 2817 1641 2859 Octobris.
1661 2817 1715 2869 Q.
1735 2817 1796 2858 V.

238 2969 247 2988 ¹
288 2969 375 2997 Vide
391 2978 506 3008 supra,
522 2981 599 3008 pag.
616 2975 679 3009 310,
695 2980 810 3003 annot.
823 2975 852 3003 2.
