2047 3179
272 147 344 184 428
791 145 1018 184 LITTERAE
1038 157 1396 190 QUADRIMESTRES

276 249 407 284 cetur
428 244 474 284 in
496 250 749 296 posterum.
775 243 871 284 Nos
899 244 1101 291 interim,
1132 248 1182 283 ut
1211 243 1439 294 proximis
1459 243 1606 283 literis
1638 243 1697 283 ad
1725 249 1769 284 te
1799 244 1908 284 scri·

275 315 468 367 psimus‚
501 315 781 366 Episcopale
808 314 1039 354 Palatium
1061 314 1220 353 habet:
1245 314 1490 364 proximae
1519 314 1751 365 quaedam
1773 315 1912 354 aedes

275 387 539 439 gymnasiis
561 387 620 426 ad
649 392 832 438 tempus
861 386 1171 426 destinantur.
1210 385 1471 437 Episcopus
1502 385 1725 425 nobilium
1747 385 1912 424 domos

273 458 555 510 frequentat,
580 457 745 509 quibus
769 457 879 496 olim
899 456 1052 496 fuerat
1071 455 1281 506 infestus,
1306 456 1370 495 illi
1400 462 1565 496 contra
1592 456 1828 507 Episcopi:
1854 455 1912 495 ab

275 529 440 570 ouibus
461 529 611 569 bonus
632 526 1057 579 pastorjudicatur.
1078 526 1300 567 Materies
1317 526 1481 576 omnis,
1504 526 1723 577 artifices,
1745 526 1913 566 instru—

277 607 448 649 menta,
481 600 712 640 destinato
749 598 878 650 operi
913 598 984 638 his
1020 598 1181 639 diebus
1217 598 1570 649 diligentissime
1606 604 1910 649 quaeruntur,

276 671 528 723 magnifica
551 678 594 711 et
616 670 815 710 illustria
839 670 995 710 omnia
1025 670 1177 709 bonus
1203 669 1280 709 hic
1309 670 1498 720 praesul
1533 669 1733 715 molitur.
1765 668 1803 708 si
1825 667 1912 718 spi—

275 744 415 784 ritum
438 743 496 783 ad
518 749 780 783 extremum
801 741 972 781 ducere
995 741 1155 792 possit,
1180 741 1269 781 nisi
1291 741 1562 791 praeclaros
1580 740 1695 780 istos
1717 746 1914 779 conatus

276 826 404 856 mors
424 813 705 864 intercipiat.

358 885 522 926 Patres
540 891 585 925 et
600 884 771 924 fratres
788 882 923 934 hujus
941 883 1106 923 domus
1122 883 1239 923 bene
1255 884 1428 930 ualent,
1452 881 1769 923 ualetudinem
1790 881 1916 921 boni-

278 963 375 998 tate
397 963 441 997 et
462 956 708 996 clementia
733 967 817 995 sua
848 954 1052 995 Domino
1088 954 1322 1002 firmante,
1360 962 1409 994 ut
1443 954 1489 994 in
1511 953 1608 1005 ejus
1644 953 1918 1005 obsequium

279 1028 592 1080 impendatur.
624 1026 882 1075 Orationis,
917 1026 1311 1075 mortificationis,
1349 1025 1656 1074 obedientiae,
1685 1024 1916 1064 humilita-

278 1101 338 1141 tis
373 1099 614 1149 exercitia,
652 1106 701 1138 ut
734 1105 779 1138 te
809 1098 983 1138 scimus
1018 1099 1158 1148 uelle,
1187 1103 1437 1138 seruantur
1472 1095 1713 1148 majusque
1745 1096 1792 1135 in
1819 1095 1918 1135 dies

279 1172 621 1212 incrementum
642 1169 918 1221 suscipiunt.
942 1169 1082 1209 Faxit
1104 1169 1318 1209 Christus
1347 1168 1483 1221 Jesus
1505 1167 1736 1208 Dominus
1756 1173 1917 1207 noster

280 1249 330 1283 ut
356 1254 491 1284 suam
518 1253 680 1282 omnes
707 1242 998 1281 uoluntatem
1028 1251 1386 1291 cognoscamus,
1421 1240 1659 1291 cognitam
1693 1238 1837 1278 uerbo
1872 1243 1917 1277 et

278 1325 420 1366 opere
442 1324 747 1365 exequamur.
769 1312 936 1353 Amen.

358 1384 644 1436 Placentiae,
669 1384 860 1425 Calend.
884 1384 997 1436 Maji
1028 1384 1144 1424 1555.

653 1456 798 1497 Filius
820 1462 926 1497 tuus
948 1455 1301 1507 indignissimus
1322 1455 1369 1494 in
1391 1453 1592 1505 Christ0‚

1216 1598 1437 1638 MICHAE'L
1456 1597 1702 1638 VENEGAs.

361 1817 714 1869 Superscm'ptz'o
757 1816 806 1856 c'n
846 1819 1020 1867 quarta
1059 1814 1274 1867 pagina:
1318 1778 1430 1854 ΙΙΪΙΞ.
1469 1812 1570 1853 R.d0
1599 1811 1849 1852 admodum
1872 1812 1919 1852 in

279 1888 468 1929 Christo
490 1888 618 1928 Patri
639 1888 699 1928 M.
724 1888 906 1939 Ignatio
935 1887 990 1927 de
1018 1886 1198 1938 Loyola
1225 1884 1475 1926 Societatis
1510 1885 1621 1938 Jesu
1642 1883 1918 1935 Praeposito

278 1961 504 2011 generali,
528 1966 616 2001 etc.
640 1959 854 1999 Romam.

358 2031 472 2071 Alia
500 2043 664 2071 mmm:
690 2031 804 2071 1555.
830 2030 1086 2070 Placentia.
1112 2028 1491 2080 Quadrimestres
1519 2027 1534 2067 1
1560 2026 1686 2078 Maji.
1711 2026 1765 2078 Q.
1790 2025 1834 2067 S.

372 2103 635 2153 Vestigium
658 2114 789 2142 cerae
811 2101 981 2153 sigilli.
