2047 3179
872 169 956 204 AN.
987 166 1079 204 1555
1717 169 1787 206 047

156 263 377 304 dilatione
416 265 561 305 ferme
593 270 969 317 conquereretur.
1008 264 1219 315 Rogatus
1238 271 1391 305 autem
1413 277 1522 304 num
1545 265 1789 306 comedere

156 336 311 383 vellet,
336 336 575 386 respondit
597 348 645 376 se
667 336 824 376 statim
846 347 951 375 cum
973 335 1160 376 Christo
1190 347 1291 376 esse
1318 347 1601 387 pransurum
1620 348 1626 375 :
1661 348 1789 386 prae-

159 404 326 445 dicans
350 417 399 445 se
419 406 635 446 libentius
656 408 800 447 multo
823 406 881 446 ad
903 418 1091 446 crucem
1122 406 1208 446 sibi
1234 413 1464 458 paratam,
1497 418 1636 458 quam
1665 407 1702 445 si
1732 406 1790 446 ad

159 476 349 526 nuptias
371 476 597 518 inuitatus
617 478 794 526 fuisset,
818 478 900 517 ire.
933 477 1064 517 Multi
1095 477 1319 527 optabant
1352 478 1393 517 ei
1421 477 1645 517 auxilium
1679 477 1791 516 dare

160 545 206 585 in
230 552 396 586 catena
425 547 577 588 ferrea
607 548 776 599 grandi
803 547 1047 599 portanda,
1078 548 1244 599 quibus
1276 548 1350 588 ille
1379 548 1494 587 dixit
1521 548 1791 598 grauiorem

160 617 303 657 multo
325 628 513 658 crucem
533 618 643 671 Jesu
665 618 838 660 Christi
858 618 1016 659 fuisse.
1041 618 1265 668 Tandem,
1289 624 1339 658 vt
1356 619 1521 670 paucis
1537 618 1711 668 finiam,
1733 618 1792 658 ad

160 699 346 728 crucem
380 700 526 740 vsque
548 701 720 741 magna
757 691 925 730 solatia
961 690 1212 741 accipiens,
1244 690 1392 730 vitam
1422 689 1651 730 foeliciter
1686 701 1792 729 cum

159 765 308 799 morte
336 762 665 812 commutauit3
699 761 763 802 ita
790 767 841 802 vt
869 773 1031 801 omnes
1061 773 1146 813 pro
1178 767 1273 801 tam
1306 761 1534 812 singulari
1566 760 1790 800 beneficio

162 829 264 870 Deo
285 831 467 881 gratias
488 832 776 872 immortales
799 839 1008 883 agerent.
1033 832 1159 872 Illius
1178 832 1318 872 morti
1346 832 1478 872 multi
1501 831 1790 882 inuidebant‚

160 908 204 940 et
225 901 387 941 eodem
410 902 639 943 desiderio
661 903 894 955 animique
915 903 1086 955 pietate
1108 903 1227 943 mori
1248 903 1545 954 appetebant.

238 970 455 1012 Relatum
475 974 607 1014 nobis
629 980 698 1014 est
719 986 745 1014 a
767 973 996 1024 Patribus,
1021 974 1098 1025 qui
1119 974 1166 1013 in
1187 974 1402 1014 omnibus
1430 973 1568 1013 rebus
1595 985 1688 1013 non
1720 985 1789 1014 so-

160 1042 255 1082 lum
287 1043 611 1095 interfuerunt,
644 1045 725 1085 sed
753 1045 892 1085 etiam
918 1045 1237 1096 praefuerunt,
1269 1056 1319 1085 se
1350 1056 1591 1096 nunquam
1622 1045 1796 1085 vidisse

161 1119 361 1154 mortem
382 1121 478 1155 tam
499 1115 690 1167 dignam
713 1116 1038 1156 admiratione.

242 1184 360 1225 Tres
380 1187 666 1236 meretrices,
692 1199 777 1239 ope
794 1186 884 1227 Dei
905 1187 950 1227 in
969 1187 1208 1227 meliorem
1225 1193 1400 1227 statum
1419 1198 1693 1237 conuersae,
1712 1198 1796 1227 sua

163 1256 340 1296 scelera
364 1257 641 1308 quibusdam
663 1257 878 1299 Patribus
894 1259 1068 1298 nostris
1086 1264 1385 1310 aperuerunt,
1407 1270 1525 1310 quae
1547 1258 1604 1298 ab
1621 1258 1796 1298 eisdem

163 1326 210 1366 in
229 1326 319 1367 fide
346 1327 603 1369 instructae
631 1336 751 1370 sunt.
782 1329 1169 1370 Neochristianus
1196 1329 1402 1381 quidam,
1430 1329 1477 1369 in
1506 1341 1696 1369 carcere
1724 1330 1798 1369 de-

168 1403 338 1448 tentus,
363 1411 390 1438 a
410 1399 687 1450 quibusdam
709 1413 767 1441 ex
787 1401 960 1441 nostris
987 1401 1033 1440 in
1064 1401 1227 1441 eadem
1257 1401 1342 1441 fuit
1374 1401 1626 1451 institutus,
1657 1412 1796 1452 quam

166 1480 274 1509 cum
294 1469 542 1521 diligenter
560 1471 773 1522 disceret,
793 1472 969 1523 passim
986 1483 1036 1512 se
1053 1472 1169 1512 alios
1186 1472 1447 1523 municipes
1464 1472 1510 1511 in
1528 1472 1694 1512 eadem
1707 1471 1797 1512 fide

165 1539 343 1581 Christi
363 1541 699 1582 instructurum
719 1543 1042 1594 pollicebatur.
1061 1541 1137 1582 Ad
1158 1548 1433 1591 extremum,
1460 1543 1591 1582 multi
1622 1543 1796 1582 aethio-

164 1623 247 1663 pes
268 1612 543 1654 erudiuntur
565 1614 786 1665 priuatim
807 1614 853 1654 in
876 1615 1086 1664 smgulos
1108 1614 1206 1654 dies
1222 1613 1368 1653 festos
1386 1613 1443 1653 ab
1462 1614 1563 1664 ipso
1580 1614 1794 1654 ianitore.

245 1682 375 1723 Haec
398 1690 518 1731 sunt,
543 1696 662 1736 quae
684 1685 795 1724 mihi
817 1685 876 1725 ad
897 1691 940 1724 te
959 1685 1206 1724 scribenda
1223 1684 1399 1736 putaui,
1419 1692 1469 1724 vt
1489 1684 1544 1724 de
1562 1684 1797 1724 beneficiis

168 1754 376 1806 acceptis
396 1767 489 1794 Vna
510 1755 755 1795 nobiscum
776 1755 877 1795 Deo
899 1756 1079 1806 gratias
1103 1767 1284 1806 ageres,
1310 1767 1452 1795 orans
1474 1767 1594 1806 eum,
1619 1767 1709 1807 qua
1725 1767 1795 1795 so-

167 1825 233 1864 les
256 1824 557 1876 assiduidate,
581 1833 632 1866 Vt
654 1826 870 1866 omnibus
889 1826 1063 1866 nostris
1085 1837 1268 1878 semper
1288 1826 1446 1866 faueat
1469 1825 1648 1877 studiis,
1674 1826 1798 1877 quod

166 1895 400 1936 facturum
421 1896 520 1936 sine
540 1898 635 1936 vlla
658 1897 946 1936 dubitatione
968 1903 1012 1936 te
1034 1897 1342 1948 deprecatore
1364 1895 1565 1936 confido.
1590 1896 1724 1937 Vale.

247 1965 474 2017 Gandiae‚
500 1967 681 2007 decimo
703 1968 900 2018 septimo
923 1966 1146 2007 calendas
1168 1966 1398 2008 Octobris.

408 2037 537 2077 Tuus
558 2048 723 2077 seruus
743 2037 965 2089 indignus
988 2038 1033 2077 in
1054 2037 1272 2089 Domino,

1304 2180 1585 2221 RODERICUS.

253 2391 605 2443 Superscrzpt2·0
640 2392 689 2431 in
724 2396 897 2443 quarta
924 2393 1138 2444 pag-ma.-
1170 2395 1197 2441 †
1226 2393 1285 2433 Al
1308 2405 1418 2445 muy
1440 2393 1540 2433 R.d0
1573 2393 1723 2433 Padre
1744 2405 1803 2434 en

169 2462 357 2504 Christo
379 2464 419 2502 el
440 2463 513 2503 Re
543 2463 604 2503 M.
631 2463 827 2514 Ignatio‚
851 2463 1093 2515 Preposito
1114 2466 1307 2515 general
1329 2464 1384 2504 de
1405 2465 1448 2504 la
1469 2464 1727 2516 Compania
1746 2464 1803 2504 de

112 2585 114 2587 .
168 2533 320 2586 Jesus,
344 2546 402 2574 en

251 2603 414 2644 Roma.

250 2674 361 2714 Alia
382 2687 552 2715 manu:
575 2676 691 2715 1555.
717 2674 915 2716 Gandia.
942 2675 1323 2726 Quadrimestres
1345 2675 1644 2728 Septembris.
