2047 3179
834 176 918 213 AN.
948 175 1039 213 1555
1679 173 1750 211 020

120 274 394 314 nobilissimi
418 273 610 326 Joannis
631 271 931 324 reportanda,
955 271 1207 322 accingunt
1235 281 1284 310 se
1313 270 1443 321 operi
1467 280 1644 319 omnes;
1668 268 1746 308 hu-

125 345 264 385 meris
284 344 528 395 imponunt
549 343 726 394 sedilia,
750 342 917 394 quibus
931 347 1092 382 nostra
1110 341 1350 381 abundant
1367 340 1632 392 gymnasia,
1653 346 1750 379 tum

123 416 263 455 etiam
284 415 548 465 cathedras,
569 425 749 454 summa
766 413 1028 453 animorum
1045 411 1302 461 alacritate,
1322 411 1476 462 palliis
1493 411 1635 460 exuti,
1655 411 1750 450 vul-

123 487 173 537 gi
191 497 333 526 voces
355 491 651 525 contemnere
672 485 838 536 parati.
862 483 1051 523 Videris
1071 483 1265 533 longum
1282 481 1547 521 auditorum
1565 491 1750 532 agmen,

125 557 330 597 omnium
352 556 512 596 oculos
534 556 579 595 in
608 567 656 595 se
686 553 1073 602 convertentium,
1105 554 1182 604 qui
1212 553 1340 592 velut
1367 551 1630 603 stupefacti,
1655 557 1750 590 tan·

122 634 220 668 tam
239 637 507 677 puerorum,
531 626 893 674 adolescentum,
918 624 1059 664 etiam
1076 634 1253 672 eorum,
1272 634 1388 674 quos
1404 622 1587 674 prolixa
1605 621 1753 661 barba

125 702 284 749 posset
304 707 417 747 prae
438 696 614 747 pudore
636 696 693 736 ab
715 696 929 747 incoepto
952 705 1092 746 opere
1113 694 1189 733 vel
1210 693 1452 733 retardare
1469 693 1545 733 vel
1561 703 1751 732 reuoca-

125 780 190 818 re,
212 767 490 808 modestiam
512 766 813 816 admirantes,
837 765 938 806 Deo
960 771 1053 817 opt.
1079 776 1202 804 max.
1225 764 1587 815 gratulabantur
1607 763 1753 804 inces-

124 846 296 879 santer.
319 838 442 878 Inter
464 838 548 877 hos
569 838 697 877 ibant
718 848 901 889 quoque
921 836 1085 876 Patres
1102 846 1157 875 ac
1174 834 1381 884 Fratres,
1405 845 1541 874 suum
1559 834 1754 886 quisque

124 922 208 961 pro
244 909 422 949 viribus
455 915 649 960 portans
681 919 812 948 onus.
845 907 974 959 Quae
1004 918 1093 957 res,
1123 911 1454 957 praeterquam
1484 904 1608 956 quod
1634 905 1754 944 viris

127 981 267 1021 etiam
289 980 391 1020 aliis
412 979 644 1030 religiosis
666 978 965 1019 admirationi
984 977 1083 1028 fuit,
1104 978 1272 1017 multos
1294 976 1439 1017 mouit
1456 976 1584 1016 ciues
1600 981 1651 1016 vt
1672 976 1755 1015 hu-

126 1052 266 1091 meris
288 1062 431 1091 onera
454 1050 748 1090 subiicerent.
778 1049 816 1090 F
820 1050 1011 1090 eruebat
1039 1060 1156 1100 opus
1178 1059 1233 1088 ac
1255 1040 1441 1099 publica
1472 1047 1551 1087 via
1580 1047 1663 1087 Vix
1684 1058 1754 1086 ca-

124 1123 279 1174 piebat
314 1128 475 1162 euntes
511 1133 565 1161 ac
600 1121 870 1171 redeuntes,
906 1122 971 1161 ita
1001 1119 1223 1172 quidquid
1257 1119 1303 1159 in
1335 1119 1533 1159 vetustis
1563 1118 1758 1158 aedibus

126 1199 240 1243 erat,
265 1192 560 1244 deportatum
581 1198 665 1232 est:
698 1193 855 1242 sellae,
886 1191 1119 1242 subsellia,
1150 1202 1354 1241 mensae,
1385 1189 1523 1239 dolia,
1553 1189 1674 1239 lecti,
1708 1189 1757 1228 li-

126 1264 211 1315 bri,
235 1270 279 1304 et
299 1268 350 1303 vt
370 1275 463 1303 vno
484 1263 630 1303 verbo
653 1264 952 1314 complectar,
977 1274 1080 1302 eam
1101 1262 1147 1301 in
1175 1262 1264 1301 hoc
1292 1261 1480 1311 negotio
1511 1259 1753 1300 incredibi-

126 1336 216 1375 lem
239 1336 526 1386 voluptatem
548 1334 703 1374 animo
730 1333 992 1386 capiebant,
1025 1340 1074 1373 vt
1104 1333 1314 1383 singulos
1335 1344 1393 1372 ex
1420 1343 1476 1372 ea
1497 1324 1549 1372 re
1576 1332 1757 1372 diceres

128 1412 376 1458 expectare
394 1405 482 1445 sibi
498 1404 831 1456 temporariam
849 1404 1122 1455 dignitatem
1141 1410 1185 1444 et
1202 1402 1387 1455 quidem
1404 1403 1754 1454 amplissimam.

130 1477 286 1528 Neque
308 1477 499 1527 ingenui
522 1476 840 1516 adolescentes
863 1475 957 1527 (qui
972 1476 1062 1515 huc
1083 1475 1143 1515 ad
1163 1486 1250 1515 nos
1267 1476 1461 1515 veniunt
1478 1486 1571 1514 non
1588 1485 1756 1525 parum

129 1548 274 1598 multi)
298 1559 416 1587 onus
438 1548 776 1598 subterfugere;
802 1547 891 1586 imo
914 1547 1001 1586 hoc
1033 1558 1126 1586 vno
1147 1545 1412 1586 indicarunt
1442 1557 1582 1596 quam
1603 1550 1758 1585 essent

128 1631 240 1659 vere
261 1618 454 1668 nobiles,
479 1618 557 1670 qui
578 1630 670 1658 non
691 1618 813 1658 leuia
833 1617 1057 1669 pondera,
1082 1617 1162 1657 sed
1190 1617 1382 1668 reliquis
1410 1617 1634 1668 grauiora
1656 1627 1761 1667 por-

129 1691 304 1730 tabant.
334 1690 451 1730 Tam
479 1690 665 1730 Christo
695 1689 806 1742 Jesu
841 1689 1018 1729 seruire
1051 1700 1195 1728 suaue
1223 1699 1278 1727 ac
1304 1687 1561 1739 jocundum
1585 1687 1633 1727 in
1661 1687 1755 1727 ani·

129 1773 255 1801 mum
274 1761 570 1808 induxerant,
597 1761 729 1800 cuius
747 1772 906 1800 amore
926 1759 972 1799 id
993 1772 1019 1799 a
1041 1771 1090 1799 se
1111 1759 1209 1799 fieri
1231 1759 1571 1809 intelligebant.

212 1832 355 1872 Venit
377 1833 533 1884 itaque
555 1832 752 1872 Beatiss.
776 1831 970 1884 Joannis
991 1831 1304 1882 peruigilium,
1336 1841 1479 1881 quum
1506 1829 1639 1869 nobis
1661 1834 1761 1869 erat

131 1904 178 1943 in
200 1903 339 1944 aedes
361 1915 509 1943 nouas
539 1903 959 1953 commigrandum.
992 1901 1287 1942 Conueniunt
1316 1901 1602 1950 scholastici,
1633 1900 1761 1940 ciues

130 1975 408 2025 complures,
434 1974 564 2014 adest
587 1980 781 2024 vterque
804 1973 940 2012 huius
956 1973 1085 2012 vrbis
1104 1980 1309 2022 senatus,
1334 1984 1392 2012 ex
1410 1972 1648 2011 ordinibus
1671 1970 1761 2010 viri

127 2046 346 2097 permulti
366 2045 588 2096 religiosi,
623 2045 698 2095 qui
727 2055 889 2084 omnes
919 2045 1035 2084 miro
1064 2044 1322 2095 procedunt
1350 2043 1526 2093 ordine,
1555 2042 1661 2082 viae
1683 2053 1760 2093 pu-

133 2116 280 2156 blicae
302 2116 644 2168 spectatoribus
676 2116 854 2166 plenae,
886 2114 1115 2166 viridique
1145 2121 1322 2154 stratae
1349 2113 1528 2163 fronde,
1559 2113 1762 2152 ciuitatis

135 2198 428 2227 communem
450 2187 777 2237 publicamque
797 2186 1024 2226 laetitiam
1047 2186 1328 2225 videbantur
1350 2185 1576 2224 indicare.

212 2257 280 2298 Eo
301 2258 380 2297 vbi
404 2265 596 2297 ventum
618 2263 701 2307 est,
726 2269 752 2297 a
781 2256 1124 2307 Permagnifico
1146 2256 1204 2296 D.
1227 2256 1406 2309 Joanne
1429 2254 1763 2295 humanissime

134 2329 264 2369 nobis
288 2329 498 2378 exceptis
521 2328 660 2368 aedes
682 2328 873 2368 tradidit
895 2328 993 2379 ipse
1014 2327 1336 2379 possidendas,
1357 2339 1449 2367 non
1467 2327 1566 2366 sine
1583 2325 1765 2376 lachry-

132 2399 219 2439 mis
241 2411 296 2439 ac
318 2399 527 2448 vocibus,
549 2399 694 2438 animi
718 2399 950 2438 internum
970 2398 1196 2449 gaudium
1217 2397 1510 2447 testantibus,
1534 2403 1585 2436 vt
1606 2396 1684 2448 qui
1702 2396 1766 2436 in-

131 2470 370 2521 telligebat
404 2482 488 2521 pro
524 2481 573 2509 se
608 2469 883 2510 beneficium
911 2470 1141 2521 accipere,
1172 2481 1279 2509 cum
1306 2468 1582 2509 beneficium
1610 2467 1758 2507 daret.

131 2541 375 2583 Ornabant
397 2542 561 2581 aulaea
586 2541 790 2591 domum,
822 2547 978 2580 erecta
1000 2552 1083 2580 ara
1105 2547 1188 2589 est,
1214 2539 1292 2579 vbi
1314 2551 1451 2580 sacra
1482 2549 1760 2590 perageren-

130 2619 220 2658 tur.
252 2611 384 2652 Tune
413 2626 436 2651 e
466 2611 684 2651 Patribus
711 2623 829 2651 vnus
859 2611 1132 2651 concionem
1160 2611 1333 2660 habuit,
1357 2622 1448 2661 qua
1475 2610 1590 2650 mire
1618 2610 1762 2649 mouit

122 2683 312 2724 animos
341 2683 562 2723 omnium.
599 2681 810 2734 Denique
842 2683 994 2722 nullae
1023 2688 1156 2722 erant
1186 2689 1282 2722 tam
1308 2681 1586 2732 peregrinae
1608 2691 1762 2729 aureS,

124 2765 255 2806 -quae
276 2754 323 2793 in
344 2759 604 2805 peruagato
625 2753 713 2793 hoc
735 2753 939 2793 ciuitatis
960 2764 1176 2793 sermone
1197 2764 1290 2792 non
1316 2758 1629 2792 versarentur.

214 2824 434 2864 Illuxerat
457 2825 549 2864 iam
572 2822 891 2864 Sacratissimi
906 2823 1100 2876 Joannis
1117 2823 1229 2872 dies,
1249 2823 1494 2874 coepitque
1511 2821 1675 2874 peragi
1690 2834 1761 2862 sa-

126 2906 265 2935 crum
292 2907 385 2935 non
414 2895 513 2935 sine
542 2895 667 2934 omni
694 2894 1065 2934 modulaminum
1093 2904 1280 2944 genere;
1310 2893 1466 2933 habita
1495 2893 1659 2933 concio
1689 2899 1760 2932 est

133 2966 249 3006 satis
271 2966 466 3006 celebris
487 2978 511 3005 a
536 2965 585 3005 P.
609 2977 667 3005 ex
688 2965 850 3006 ordine
867 2965 1286 3013 dominicanorum,
1308 2966 1409 3005 viro
1427 2970 1470 3004 et
1486 2963 1701 3004 doctrina
1718 2969 1763 3003 et
