2047 3179
925 145 1006 180 Ax.
1040 144 1129 180 1554
1788 146 1858 181 173

297 243 356 282 In
392 246 565 293 quarta
580 241 786 293 pagina,
820 240 920 280 loco
946 239 1386 290 superscriptionis.
1416 239 1470 290 Q.
1499 239 1757 291 Saragoza,
1781 241 1850 291 54,

221 313 269 352 19
289 313 452 354 Octob.
478 320 522 353 et
539 312 629 353 An.
741 311 795 362 Q.
820 309 866 351 S.

871 666 1211 720 CCCXXXI

339 893 601 932 Franciscus
622 895 768 943 Scipio

385 960 505 997 Patri
523 961 681 1008 Joanni
698 962 750 998 de
772 961 980 999 Polanco.

432 1025 644 1072 Bononia,
667 1027 710 1064 15
731 1027 992 1064 Novembris
1016 1026 1106 1063 1554
1125 1026 1149 1062 ¹.

992 1181 1090 1258 nis

646 1380 929 1420 Franciscus
950 1378 1106 1430 Scipio
1131 1378 1176 1418 P.
1203 1377 1427 1418 PolanCO.

990 1449 1049 1491 .S.
1074 1450 1087 1468 ²

298 1591 452 1633 Pridie
474 1604 624 1633 nonas
645 1593 940 1644 Nouembris,
978 1593 1106 1633 horis
1141 1592 1477 1643 pomeridianis
1512 1592 1555 1642 (a
1586 1597 1859 1633 nostrorum

216 1663 340 1704 enim
360 1664 621 1705 studiorum
649 1665 955 1705 renouatione
978 1664 1200 1714 exordiri,
1223 1664 1286 1704 mi
1315 1663 1469 1714 Pater,
1496 1663 1653 1714 volui),
1683 1675 1859 1714 magna

216 1735 441 1787 cuiusque
473 1736 650 1776 ordinis
677 1736 940 1788 frequentia
974 1736 1161 1776 habitae
1192 1743 1301 1776 sunt
1334 1735 1572 1775 orationes
1601 1741 1805 1786 quatuor
1827 1733 1857 1771 ⁵.

217 1805 373 1846 Prima
394 1806 480 1847 fuit
502 1807 547 1846 in
570 1807 829 1858 sapientiae
850 1807 1038 1848 laudem
1060 1820 1086 1847 a
1108 1807 1274 1847 Fratre
1297 1813 1459 1847 nostro
1484 1806 1696 1858 Baptista
1718 1804 1733 1824 ‘²
1754 1818 1861 1858 pro·

215 1877 443 1918 nuntiata:
482 1879 628 1918 altera
664 1878 720 1918 de
754 1878 1055 1919 uerecundia:
1095 1878 1232 1918 tertia
1261 1884 1426 1917 contra
1457 1878 1695 1928 publicam
1731 1878 1853 1917 hanc

216 1949 471 1989 iuuentutis
504 1949 858 1990 institutionem:
890 1955 1058 2001 quarta
1088 1955 1253 1989 contra
1288 1949 1524 2000 priuatam
1554 1955 1599 1988 et
1634 1947 1857 1988 domesti-

216 2031 321 2060 cam
341 2020 697 2060 institutionem:
722 2026 958 2071 postrema
981 2020 1037 2060 de
1058 2020 1395 2060 taciturnitate:
1430 2031 1549 2071 quae
1578 2030 1741 2059 omnes
1761 2019 1861 2059 fere

215 2090 444 2132 foeliciter
484 2091 670 2131 fuerunt
711 2098 980 2143 peroratae;
1013 2092 1228 2143 quamuis
1259 2092 1525 2131 oratoribus
1559 2097 1604 2131 et
1641 2091 1856 2142 angustia

214 2163 305 2203 loci
326 2168 372 2202 et
393 2163 618 2214 temporis
640 2163 888 2214 plurimum
910 2163 1177 2203 detrimenti
1200 2163 1420 2202 attulerit.
1446 2162 1564 2202 Nam
1586 2162 1689 2213 etsi,
1709 2161 1863 2213 parie-

215 2239 260 2274 te
282 2233 484 2285 quodam
506 2233 701 2284 deiecto,
725 2245 785 2273 ex
805 2233 986 2274 duobus
1009 2235 1215 2285 amplum
1232 2233 1535 2285 gymnasium
1554 2233 1861 2282 confecimus,

216 2316 309 2345 non
330 2305 480 2356 potuit
501 2311 658 2345 tamen
687 2316 856 2356 capere
890 2306 1234 2346 multitudinem
1269 2305 1551 2345 auditorum.
1583 2305 1866 2345 Oratoribus

216 2376 439 2427 permixti
460 2382 567 2416 sunt
588 2381 768 2427 poetae,
794 2377 871 2428 qui
899 2388 983 2417 sua
1014 2385 1058 2417 et
1080 2376 1459 2428 pronuntiatione
1490 2383 1535 2416 et
1557 2382 1700 2416 cantu
1720 2377 1860 2428 pluri-

216 2459 343 2488 mum
364 2447 716 2488 delectauerunt
733 2453 778 2488 et
800 2454 1171 2489 commouerunt.
1196 2448 1271 2488 Ad
1293 2448 1410 2488 haec
1434 2454 1539 2488 acta
1575 2447 1661 2487 fuit
1682 2447 1861 2498 Ecloga

216 2583 253 2611 P.
270 2583 456 2611 Francisco
471 2582 598 2610 Strada
613 2583 748 2617 Burgis,
764 2587 799 2610 ut
816 2584 946 2611 itineris
973 2584 1112 2614 socium.
1136 2584 1451 2618 Caesaraugustam
1474 2584 1619 2611 venisse.
1635 2584 1764 2611 Verum
1786 2591 1863 2611 cum

215 2631 300 2659 haec
316 2631 514 2666 conjectura
527 2632 616 2658 nullo
633 2634 728 2658 certo
743 2631 834 2658 illius
851 2632 1014 2666 temporis
1031 2632 1223 2659 testimonio
1239 2632 1419 2666 innitatur,
1435 2631 1606 2658 affirmare
1622 2637 1715 2659 cerlo
1727 2639 1792 2659 non
1807 2639 1867 2659 au·

216 2679 346 2707 demuS.

273 2727 280 2746 ¹
321 2726 571 2760 Autographae
586 2726 618 2753 in
635 2727 760 2761 duplici
778 2727 870 2759 solio,
886 2735 941 2755 nn.
957 2728 992 2755 86
1007 2733 1039 2755 ct
1056 2728 1101 2754 87.

270 2774 283 2793 ²
321 2773 485 2802 Salutem.

269 2822 283 2840 ⁵
322 2821 482 2855 ‚Quatuor
496 2821 621 2849 dicitur
635 2821 668 2848 in
685 2825 792 2855 textu;
809 2822 868 2849 sed
889 2822 979 2850 infra
1001 2822 1065 2849 hoc
1084 2823 1226 2850 verbum
1242 2823 1390 2850 obducta
1406 2826 1457 2850 est
1472 2823 1573 2857 linea,
1589 2827 1621 2849 et
1648 2823 1679 2850 in
1707 2822 1864 2856 margine

215 2870 360 2897 chartae
375 2869 501 2896 dicitur
517 2870 681 2902 quinque.
697 2873 731 2896 et
755 2869 943 2905 significari
959 2870 1097 2897 videtur
1121 2871 1338 2898 scribendum
1360 2871 1514 2904 quinque
1541 2877 1602 2904 pro
1618 2871 1782 2904 quatuor.
1798 2870 1864 2897 Po-

218 2923 346 2944 LANCUS
360 2916 394 2943 in
411 2915 590 2949 Chronico,
605 2915 683 2942 dum
699 2916 785 2943 haec
799 2917 1028 2951 transcripsit,
1044 2918 1156 2951 posuit
1176 2917 1324 2944 multae.
1341 2916 1377 2943 T.
1394 2925 1440 2950 ιν,
1456 2925 1534 2952 pag.
1551 2917 1613 2951 113,
1630 2923 1662 2944 n.
1683 2916 1744 2945 217.

272 2964 288 2985 Α
324 2963 434 2999 Hujus
449 2963 534 2990 nihil
548 2967 688 2997 praeter
703 2970 824 2991 nomen
839 2964 1010 2992 novimus.
