2047 3179
229 126 298 164 714
746 125 976 163 LITTERAE
995 135 1354 167 QUADRIMESTRES

232 224 436 277 aliquem
458 236 516 264 ex
537 223 761 264 fratribus
783 223 1073 274 subornauit,
1097 223 1177 275 qui
1194 223 1293 262 eius
1308 221 1498 262 nomine
1515 233 1615 261 rem
1630 228 1780 262 totam
1798 233 1871 262 su-

230 296 406 348 periori
426 295 667 347 panderet.
692 295 942 336 Caeterum
964 306 1071 335 cum
1094 306 1194 335 rem
1216 293 1396 334 tardius
1427 293 1682 345 procedere
1713 304 1872 333 cerne-

230 372 322 419 ret,
353 367 616 418 longiorem
644 378 739 407 non
764 366 921 407 ferens
951 377 1148 416 moram,
1180 375 1437 416 aggressus
1466 370 1536 404 est
1562 364 1760 416 ipsemet
1791 375 1873 415 pa—

229 445 351 479 trem
372 449 466 479 non
487 438 630 479 semel
651 437 733 479 sed
754 438 943 490 saepius
972 436 1256 478 desiderium
1284 447 1420 476 suum
1451 436 1494 476 ei
1522 434 1754 487 aperiens.
1780 434 1870 486 Qui

229 509 448 561 quamuis
469 509 675 549 nondum
696 509 787 549 sint
808 508 986 560 recepti
1009 508 1132 558 (sunt
1154 508 1278 548 enim
1299 507 1415 548 satis
1438 505 1663 557 iuuenes),
1697 517 1782 546 suo
1803 513 1871 547 ta-

231 592 340 622 men
373 586 584 633 tempore
619 579 829 630 satisfiet,
866 585 917 619 vt
952 590 1213 631 speramus,
1250 585 1348 619 tam
1381 578 1470 630 piis
1508 577 1720 629 ipsorum
1755 577 1871 617 desi-

228 652 388 693 deriis.

308 724 440 765 Haec
461 730 583 774 sunt,
607 722 881 763 Reuerende
902 721 1056 773 Pater,
1085 733 1204 774 quae
1225 721 1431 761 breuiter
1461 719 1709 761 scribenda
1742 720 1870 771 duxi3

228 807 365 847 quae,
390 807 481 847 quo
503 795 729 847 pauciora
750 800 874 845 sunt,
898 805 953 834 eo
975 804 1199 844 rogamus
1220 792 1370 833 Tuam
1386 791 1724 832 Paternitatem
1744 791 1874 832 obni-

229 867 337 908 xius
358 873 409 907 vt
431 867 528 906 suis
549 877 634 906 nos
663 866 790 906 iuuet
818 866 996 905 sanctis
1025 864 1244 916 precibus
1273 875 1364 916 quo
1393 863 1452 904 ad
1479 863 1682 914 gloriam
1709 862 1798 903 Dei
1828 868 1872 903 et

229 938 411 979 maiora
433 943 677 989 praestare
698 936 949 988 possimus,
974 948 1029 976 ac
1050 935 1240 976 tandem
1261 935 1475 976 foelicem
1494 934 1794 974 minimorum
1812 935 1873 974 la-

227 1010 394 1050 borum
414 1015 687 1049 nostrorum
707 1008 973 1049 mercedem
989 1007 1214 1059 recipere,
1234 1012 1455 1047 aeternae
1474 1006 1779 1046 beatitudinis
1797 1017 1872 1046 co-

229 1092 411 1131 ronam,
437 1092 577 1132 quam
598 1080 732 1120 nobis
753 1079 928 1120 tribuat
948 1078 1085 1132 Jesus
1107 1078 1322 1120 Christus
1344 1076 1576 1118 Dominus
1597 1084 1774 1118 noster.

309 1152 526 1193 Viennae
548 1152 595 1192 in
616 1151 826 1202 Austria,
849 1150 873 1190 7
896 1150 1119 1191 calendas
1139 1149 1354 1203 Januarii
1379 1149 1481 1189 1555
1503 1147 1530 1187 ¹.

391 1222 751 1274 Indignissimus
772 1233 938 1262 seruus
959 1227 1088 1271 tuuS,

741 1366 969 1407 ERARDUS
1009 1364 1319 1406 AUANTIANUS
1355 1364 1651 1405 LEODOENsis.

308 1580 744 1634 Superscrzptsom's
764 1580 864 1620 loco
886 1579 936 1620 in
957 1583 1133 1631 quarta
1158 1578 1367 1631 pagina:
1396 1578 1583 1619 Literae
1605 1577 1872 1630 quadrime-

230 1660 353 1694 stres
374 1652 571 1704 Collegii
593 1652 892 1702 Viennensis,
918 1650 1029 1691 anni
1045 1650 1106 1691 M.
1126 1649 1185 1690 D.
1205 1649 1256 1690 L.
1277 1649 1337 1690 V.
1357 1649 1384 1690 ².

310 1725 422 1766 Alia
458 1736 630 1765 mmm:
674 1723 789 1763 1556.
832 1722 1034 1773 Vienna,
1077 1721 1456 1773 Quadrimestres
1495 1720 1554 1761 ad
1591 1720 1869 1774 Januarium

228 1809 391 1850 usque.

283 2007 291 2027 ¹
334 2006 423 2034 Vide
439 2013 554 2041 supra.
570 2013 649 2040 pag.
665 2004 728 2036 710,
746 2008 860 2032 annot.
879 2003 902 2031 1.

283 2055 297 2074 2
336 2054 399 2082 Hic
415 2055 519 2082 etiam
535 2054 658 2088 aliquis
673 2053 812 2088 scripsit
833 2051 989 2086 MDLVI;
1006 2051 1065 2079 sed
1080 2058 1181 2078 verso
1197 2051 1331 2078 calamo
1352 2049 1509 2077 ultimum
1533 2056 1710 2076 numerum
1725 2055 1736 2075 1
1758 2048 1873 2075 delere

228 2102 378 2131 curavit.
