2047 3179
880 136 963 169 AN.
996 133 1086 169 1555
1734 136 1806 173 380

175 225 298 275 pulo,
331 227 544 267 recitant.
578 227 707 279 Quae
729 240 803 268 res
825 235 870 269 et
898 230 1134 269 insolitum
1162 230 1427 270 auditorum
1449 242 1729 272 concursum
1761 239 1804 272 et

176 306 407 337 summam
433 299 614 338 cunctis
636 299 995 340 admirationem
1017 300 1181 340 adfert.
1206 301 1256 340 In
1286 301 1373 340 hac
1401 308 1556 341 autem
1578 303 1653 353 pia
1677 315 1802 343 exer-

177 366 398 407 citatione
420 369 493 408 hic
517 370 795 411 obseruatus
815 371 980 411 modus
1002 377 1046 411 et
1067 372 1197 411 ordo.
1218 370 1384 411 Statim
1402 379 1540 422 atque
1559 374 1804 413 conciona-

175 444 248 476 tor
268 437 406 478 finem
428 441 642 480 concioni
664 452 775 481 suae
803 442 1036 493 imposuit,
1068 454 1192 492 mOX,
1222 454 1276 482 eo
1304 455 1330 482 a
1360 448 1583 493 suggesto
1616 443 1802 483 descen-

176 507 328 559 dente,
358 510 403 549 in
433 510 554 551 idem
583 511 793 552 ascendit
822 513 1096 564 catechista3
1119 513 1249 564 pueri
1277 524 1405 563 vero,
1433 513 1724 564 longiuscule
1747 515 1803 553 ab

176 578 376 619 inuicem
392 582 544 632 positi,
565 583 611 622 in
629 583 869 623 altioribus
886 584 1086 633 sedibus,
1113 584 1282 635 tapetis
1299 584 1552 629 exornatis.
1575 585 1786 624 collocan

174 655 263 699 tur,
288 662 377 701 quo
406 653 570 692 melius
601 654 658 693 ab
689 655 903 695 omnibus
934 661 977 694 et
1006 655 1358 706 conspiciantur
1388 662 1433 695 et
1467 655 1801 706 intelligantur,

172 732 367 771 quorum
390 724 508 762 alter
538 726 736 765 alterum
763 726 1037 776 interrogat,
1063 727 1180 766 alter
1207 738 1321 766 vero
1350 727 1624 777 respondet,
1656 727 1803 767 donec

172 792 475 832 catecheseos
489 795 698 845 praefixa
716 797 870 847 capita
889 797 1190 847 absoluerint,
1208 809 1298 848 quo
1316 805 1524 848 peracto,
1545 797 1803 838 catechista

171 861 322 902 denuo
345 866 644 914 quaestiones
666 868 840 919 aliquot
863 879 889 907 a
910 879 1056 919 puero
1079 868 1389 919 respondente
1412 868 1572 919 exigit,
1599 880 1715 920 quas
1737 868 1800 908 fu-

170 932 280 981 sius,
305 936 476 985 populo
499 937 746 988 diligenter
761 939 992 988 audiente,
1017 939 1236 990 explicat.
1261 939 1465 979 Maiores
1486 950 1616 989 vero,
1641 946 1804 991 thotc

171 1005 465 1054 superiorum
500 1008 714 1048 ordinum
755 1009 987 1061 discipuli,
1024 1021 1198 1050 nouum
1233 1010 1429 1060 posthac
1465 1010 1803 1050 catechismum

172 1082 278 1114 sunt
315 1077 533 1117 audituri.
571 1077 730 1131 Nuper
765 1079 994 1132 siquidem
1027 1080 1175 1131 Regia
1210 1080 1433 1121 Maiestas
1466 1080 1475 1100 ¹
1512 1080 1613 1121 R.d0
1639 1081 1686 1120 Ρ.
1720 1081 1802 1122 Ca-

172 1145 307 1196 nisio‚
332 1148 479 1188 variis
503 1149 609 1190 licet
629 1151 870 1191 laboribus
892 1163 1008 1203 pene
1025 1152 1207 1200 obruto,
1228 1152 1427 1191 iniunxit
1445 1159 1495 1192 vt
1512 1152 1567 1192 de
1589 1152 1801 1192 doctrina

172 1216 430 1258 christiana
466 1219 669 1261 libellum
703 1222 1021 1272 concinnaret,
1056 1223 1132 1274 qui
1162 1222 1208 1262 in
1236 1223 1450 1263 omnibus
1481 1234 1673 1263 suarum
1699 1235 1801 1274 pro-

171 1287 433 1329 uinciarum
455 1290 574 1331 ludis
594 1292 836 1333 litterariis
857 1294 1228 1345 praelegeretur,
1253 1295 1646 1346 quemadmodum
1666 1294 1714 1334 P.
1740 1295 1797 1335 V.

111 1367 115 1370 ·
171 1359 361 1400 minime
382 1361 509 1401 latet.
533 1362 582 1402 Id
603 1374 726 1404 nunc
748 1376 864 1416 opus
886 1365 933 1404 in
959 1366 1104 1405 multa
1133 1366 1471 1416 exemplarium
1499 1366 1642 1406 millia
1664 1378 1799 1406 excu-

169 1441 272 1469 sum
291 1438 375 1482 est3
396 1432 533 1483 vnde,
553 1440 776 1485 quantum
795 1436 1092 1476 emolumenti
1109 1436 1167 1476 sit
1185 1447 1502 1486 accessurum,
1521 1436 1658 1476 facile
1680 1437 1801 1488 quis-

168 1512 310 1552 quam
331 1503 552 1554 colligere
573 1511 742 1555 potest.
766 1505 902 1546 Certe
924 1519 1017 1546 non
1038 1507 1225 1547 Videtur
1247 1507 1324 1547 illa
1346 1513 1583 1558 postrema
1604 1507 1797 1554 Vtilitas,

166 1572 292 1622 quod
313 1573 403 1613 hac
424 1575 606 1615 ratione
636 1582 703 1616 tot
722 1576 945 1628 pestifera
973 1578 1368 1618 catechismorum
1396 1584 1628 1629 portenta,
1654 1590 1677 1618 e
1706 1590 1799 1618 ma-

166 1643 302 1683 nibus
324 1646 603 1695 praesertim
626 1646 899 1699 juuentutis,
929 1649 1238 1689 excutientur.
1261 1648 1393 1689 Haec
1417 1649 1472 1689 de
1502 1650 1676 1689 scholis
1708 1650 1799 1689 suf-

165 1713 340 1765 ficiant;
366 1716 424 1755 ad
441 1717 761 1759 confessiones
781 1730 837 1759 ac
859 1731 1021 1760 earum
1041 1719 1223 1760 fructus
1244 1732 1318 1760 me
1340 1720 1545 1760 confero.

243 1784 436 1826 Plurimi
466 1788 692 1839 homines,
726 1790 867 1830 etiam
894 1792 1195 1841 germanicae
1222 1791 1451 1841 nationis,
1485 1791 1532 1830 in
1561 1791 1794 1843 principio

165 1857 572 1910 quadragesimae,
591 1860 802 1911 deposita
818 1861 956 1912 graui
972 1873 1163 1902 suorum
1180 1868 1484 1913 peccatorum
1502 1862 1704 1912 sarcina,
1726 1874 1793 1902 sa—

165 1938 294 1967 cram
308 1928 653 1970 Eucharistiam
665 1938 978 1983 sumpserunt,
994 1932 1241 1973 occasione
1255 1932 1473 1973 videlicet
1487 1932 1792 1984 indulgentia-

166 2009 282 2049 rum,
307 2010 425 2050 quas
445 2000 623 2041 foelicis
644 2002 984 2043 recordationis
996 2002 1330 2043 Sanctissimus
1347 2010 1505 2043 noster
1519 2003 1669 2055 Julius
1687 2003 1792 2044 Ter-

165 2069 270 2119 tius,
296 2071 354 2109 ob
371 2072 675 2112 laetissimam
690 2074 825 2124 regni
842 2074 1093 2125 Anglicani
1112 2074 1432 2115 reductionem
1450 2087 1504 2115 ac
1521 2075 1793 2126 resipiscen—

163 2140 277 2180 tiam
297 2141 502 2183 indulsit.
536 2143 638 2194 Qua
665 2144 712 2184 in
743 2156 793 2184 re
823 2152 1034 2185 nostram
1062 2153 1186 2186 certe
1208 2152 1252 2186 et
1283 2146 1488 2186 omnium
1511 2148 1575 2195 (vt
1606 2147 1796 2187 omnino

166 2212 419 2253 verisimile
442 2214 526 2264 est)
548 2216 689 2266 longe
709 2216 924 2256 vicerunt
947 2218 1338 2268 expectationem.

245 2283 361 2324 Cum
391 2285 514 2325 enim
545 2292 700 2326 essent
728 2288 887 2327 nescio
919 2288 996 2339 qui
1025 2296 1179 2328 motus
1210 2288 1255 2328 in
1277 2289 1450 2339 populo
1481 2289 1569 2328 hoc
1602 2290 1792 2329 excitati

163 2365 248 2404 per
269 2355 379 2394 noui
399 2356 643 2397 cuiusdam
660 2357 1008 2399 concionatoris
1028 2364 1042 2383 2
1063 2371 1228 2410 parum
1249 2359 1506 2399 catholicas
1523 2360 1789 2410 conciones,

162 2431 380 2476 poterant
402 2428 571 2467 aemuli
591 2429 740 2468 nostri
766 2441 822 2469 ac
843 2441 985 2470 verae
1011 2430 1199 2482 pietatis
1220 2441 1381 2470 osores
1407 2431 1677 2471 existimare
1705 2432 1794 2472 has

162 2507 326 2536 sacras
364 2497 681 2549 indulgentias
715 2501 891 2541 nullum
926 2502 1078 2541 locum
1119 2501 1330 2540 Viennae
1370 2501 1657 2542 inuenturas.
1700 2502 1791 2543 Sed

161 2566 289 2607 Deus
311 2574 406 2619 opt.
431 2580 555 2609 maX.
582 2581 699 2621 quos
719 2571 850 2611 nouit
870 2583 981 2612 suos
999 2572 1236 2622 excitauit,
1261 2578 1304 2611 et
1321 2572 1367 2612 in
1384 2572 1667 2624 perfidorum
1683 2585 1789 2614 con-

159 2636 391 2678 fusionem
412 2638 471 2679 ad
492 2640 613 2680 hanc
633 2642 838 2692 gratiam
856 2653 1028 2693 magna
1051 2654 1157 2682 cum
1179 2642 1426 2683 deuotione
1443 2644 1791 2695 suscipiendam

160 2708 480 2751 inflammauit.
504 2710 708 2764 Tempus
730 2718 886 2753 autem
906 2713 992 2754 has
1018 2714 1317 2765 promerendi
1345 2715 1404 2754 ad
1438 2714 1484 2754 15
1505 2714 1602 2755 dies
1623 2716 1784 2767 perdu‘

214 2845 222 2864 ¹
264 2844 500 2873 Ferdinandus
514 2845 540 2879 1,
555 2846 785 2875 Romanorum
799 2847 883 2876 Rex.

211 2894 224 2911 ‘—’
263 2891 458 2920 Sebastiani
474 2892 637 2929 Phauser,
653 2894 876 2923 Maximiliani
891 2895 923 2922 ΙΙ
938 2896 1266 2931 concionatoris,qui
1279 2897 1342 2924 hoc
1358 2902 1510 2932 tempore
1523 2898 1677 2926 Viennae
1690 2899 1790 2933 dege-

157 2940 228 2967 bat.
245 2939 294 2967 Cf.
311 2940 592 2976 BRAUNSBERGER‚
609 2942 744 2970 Canisii
758 2943 935 2978 epistulae
950 2945 982 2970 et
997 2946 1089 2976 acta,
1104 2949 1127 2972 t.
1144 2951 1164 2978 1,
1181 2945 1386 2978 praesertim
1400 2953 1478 2980 pag.
1491 2946 1554 2974 524.
