2047 3179
193 97 241 135 54
711 99 938 137 LITJERAE
954 110 1314 143 QUADRIMESTRES

195 195 358 244 simae,
380 201 477 235 tum
496 195 600 236 aliis
617 196 756 236 etiarn
774 197 1076 248 temporibus,
1097 203 1147 237 vt
1163 209 1247 238 sex
1263 197 1389 238 sacri
1406 196 1696 238 auriculares
1714 196 1740 249 ¹,
1761 199 1838 250 qui

194 271 305 306 tunc
334 265 551 317 aderant,
584 268 799 308 omnibus
829 268 1061 319 profecto,
1086 269 1165 320 qui
1193 269 1282 309 huc
1312 268 1674 319 conueniebant,
1706 269 1837 309 satis-

193 336 350 378 facere
379 349 473 378 non
494 344 700 390 possent;
730 339 886 391 itaque
918 339 1010 380 alio
1041 340 1108 380 ire
1136 339 1441 391 cogebantur.
1472 338 1665 379 Plurimi
1695 340 1838 380 totius

194 409 321 449 vitae
339 420 515 450 arcana
533 409 822 451 confessario
839 410 1102 462 prodidere,
1122 410 1245 451 vnde
1261 410 1438 450 factum
1455 417 1524 450 est
1542 416 1607 462 vt,
1623 422 1741 462 quae
1754 422 1837 462 per
1864 433 1865 436 =

193 480 363 531 viginti
385 486 465 520 aut
493 481 686 532 triginta
709 493 857 522 annos
884 481 1008 522 furto
1030 482 1187 522 ablata
1218 481 1426 532 fuerant,
1459 482 1830 522 restituerentur.

193 550 413 602 Quotidie
436 552 481 592 id
503 553 746 593 hominum
765 564 916 604 genus
942 554 1226 594 conueniunt
1257 553 1315 593 ad
1343 563 1430 593 nos
1460 553 1625 593 denuo.
1656 553 1835 594 Verum

191 623 404 663 cumillis
426 624 701 664 satisfacere
716 636 1013 676 nequaquam
1033 625 1281 677 possimUS,
1302 623 1507 676 opperiri
1525 624 1836 665 admonentur

190 693 343 734 donec
366 703 549 746 tempus
571 696 723 747 magis
745 702 1060 747 opportunum
1082 702 1317 736 occurrat.
1336 695 1550 747 Plerique
1572 696 1739 736 horum
1756 703 1836 736 aut

191 777 356 805 omnes
382 766 480 806 fere
501 778 610 807 suas
640 766 938 818 frequentant
967 767 1287 808 confessiones
1316 773 1455 818 atque
1482 768 1835 808 communiones

195 848 305 877 cum
326 848 501 888 magno
523 838 711 889 quidem
733 838 932 890 spiritali
954 839 1181 890 profectu.

276 907 393 949 Sunt
415 915 573 949 autem
593 909 762 950 horum
782 910 1008 961 nonnulli,
1032 910 1110 962 qui
1128 909 1328 950 cubandi
1351 908 1364 928 ‘²
1386 915 1597 961 tempore
1619 923 1712 951 vna
1730 922 1837 952 cum

192 979 300 1020 filiis
322 991 432 1020 suas
452 981 758 1032 pronuntiant
780 981 1042 1032 orationes,
1076 981 1411 1032 excutiuntque
1439 993 1466 1021 a
1494 982 1702 1032 peccatis
1729 994 1835 1022 con-

190 1052 454 1103 scientiam;
479 1051 557 1092 alii
579 1064 691 1092 vero
709 1058 829 1102 sunt,
850 1052 928 1104 qui
945 1064 994 1093 se
1011 1060 1199 1093 strenue
1217 1052 1490 1092 verberibus
1508 1051 1710 1093 caedunt
1726 1064 1838 1104 quo-

191 1123 318 1174 tidie,
344 1123 464 1164 alius
485 1123 852 1175 quinquaginta,
876 1124 994 1164 alius
1015 1124 1209 1175 triginta
1231 1130 1275 1164 et
1302 1135 1401 1164 sex.
1425 1122 1542 1164 Sunt
1573 1130 1835 1176 praeterea,

192 1195 271 1245 qui
293 1195 340 1235 in
361 1196 546 1246 templis
568 1195 806 1246 agricolas
827 1194 840 1213 ⁵
858 1201 998 1247 atque
1014 1195 1256 1236 mendicos
1277 1201 1521 1247 quaerant,
1542 1206 1741 1247 quorum
1761 1195 1839 1236 hic

191 1272 263 1306 est
285 1277 507 1306 numerus
527 1266 762 1318 frequens.
797 1266 1051 1307 Conserunt
1074 1279 1123 1307 se
1148 1266 1287 1307 iidem
1308 1266 1355 1306 in
1383 1277 1624 1317 cauponas
1646 1278 1701 1307 ea
1730 1278 1838 1319 gra-

191 1337 272 1387 tia,
297 1344 347 1378 ut
377 1348 494 1389 quos
522 1337 820 1389 offenderint,
853 1338 993 1378 modo
1024 1338 1227 1390 possint,
1258 1337 1317 1378 ad
1343 1336 1657 1378 confitendum
1685 1344 1731 1379 et
1760 1350 1839 1379 au-

190 1407 414 1449 diendum
440 1420 630 1450 sacrum
651 1409 902 1450 adducant.
932 1409 1029 1450 Itur
1050 1410 1192 1450 etiam
1213 1409 1272 1449 ad
1300 1408 1490 1449 eosdem
1512 1409 1568 1449 de
1595 1414 1747 1460 nocte,
1786 1415 1838 1450 vt

189 1479 248 1520 de
269 1479 371 1520 Deo
393 1480 483 1520 illis
504 1481 770 1532 loquantur.
800 1481 871 1521 EX
893 1493 984 1533 quo
1005 1480 1055 1521 fit
1084 1487 1135 1521 vt
1156 1486 1252 1521 tam
1275 1481 1444 1521 multos
1472 1492 1531 1520 ex
1552 1480 1641 1521 illis
1670 1481 1729 1520 ad
1750 1492 1836 1521 nos

188 1550 445 1603 adducant,
469 1558 520 1592 vt
541 1564 648 1592 cum
670 1564 832 1593 omnes
855 1552 1017 1593 audire
1038 1564 1131 1592 non
1152 1553 1410 1603 valeamus,
1431 1552 1490 1592 ad
1507 1553 1652 1592 multa
1670 1564 1835 1593 coeno-

192 1623 271 1663 bia
291 1630 451 1675 utpote
472 1624 813 1664 dominicorum
834 1622 850 1643 ‘²
870 1630 1258 1676 caeterorumque
1289 1623 1536 1664 ducantur.

271 1695 353 1735 Est
374 1694 608 1747 quaedam
628 1695 766 1735 huius
794 1695 999 1736 ciuitatis
1020 1707 1130 1747 pars
1159 1707 1279 1747 quae
1303 1694 1472 1735 dicitur
1502 1694 1775 1735 Alcaizeria
1799 1693 1828 1743 ⁵,

187 1778 283 1818 qua
304 1766 420 1807 nihil
441 1767 542 1817 hic,
566 1772 619 1807 vt
639 1767 782 1818 uulgo
803 1766 975 1817 fertur,
1000 1767 1321 1807 detestabilius
1349 1772 1468 1807 erat:
1500 1772 1606 1819 post
1635 1766 1834 1818 quadra-

186 1837 422 1890 gesimam
440 1844 596 1878 autem
612 1844 709 1878 tam
731 1838 821 1878 alia
841 1837 1005 1878 effecta
1027 1844 1111 1887 est,
1131 1844 1181 1878 vt
1202 1838 1291 1889 ipsi
1308 1837 1476 1888 adhuc,
1496 1838 1573 1890 qui
1596 1837 1644 1878 in
1661 1849 1715 1878 ea
1732 1848 1833 1878 ver-

189 1909 433 1961 sabantur,
456 1909 595 1950 valde
617 1910 904 1961 multumque
926 1909 1177 1950 mirentur:
1202 1909 1335 1949 multi
1362 1909 1533 1961 quippe
1554 1909 1738 1949 illorum
1768 1909 1835 1948 vi-

186 1986 287 2021 tam
308 1981 635 2032 transigebant
655 1980 852 2021 emendo
874 1992 993 2033 quae
1013 1979 1138 2021 furto
1160 1993 1187 2020 a
1203 1980 1450 2032 mancipiis
1468 1980 1624 2021 ablata
1645 1980 1835 2020 fuerant

185 2059 234 2094 -et
256 2053 313 2093 ab
335 2053 454 2104 aliis,
480 2053 647 2105 quibus
669 2052 845 2105 aliquid
862 2052 1067 2093 vendere
1083 2052 1156 2092 fas
1176 2064 1270 2092 non
1292 2058 1407 2092 erat.
1427 2051 1561 2092 Nunc
1579 2063 1711 2102 ver0,
1732 2051 1834 2092 Deo

189 2126 371 2177 optimo
393 2125 600 2165 maximo
617 2124 789 2175 gratia,
813 2129 996 2164 tantum
1018 2123 1149 2164 abest
1167 2124 1224 2163 ab
1247 2123 1338 2164 hac
1353 2123 1545 2164 viuendi
1567 2123 1750 2163 ratione
1768 2129 1833 2174 vt,

192 2197 272 2248 qui
292 2197 337 2237 id
356 2203 495 2236 antea
510 2201 821 2248 praestarent,
841 2195 1010 2235 vicinis
1028 2207 1084 2235 ne
1106 2195 1151 2235 id
1168 2195 1344 2236 faciant
1361 2195 1646 2246 persuadere
1665 2206 1834 2235 conen-

190 2273 280 2308 tur.
296 2268 421 2308 Inter
434 2275 623 2308 caetera
639 2266 729 2307 hoc
745 2278 891 2307 vnum
908 2266 1121 2307 cumillis
1139 2267 1432 2318 expenditur,
1447 2272 1499 2307 vt
1514 2266 1829 2318 persuadean-

189 2345 266 2380 tur
288 2339 466 2379 scilicet
493 2339 609 2379 nihil
630 2339 762 2389 mali,
793 2339 906 2378 nihil
934 2338 1133 2388 laboris,
1164 2338 1277 2378 nihil
1307 2338 1507 2390 denique
1532 2337 1830 2378 necessitatis

189 2411 280 2451 illis
302 2410 524 2451 obuenire
545 2410 634 2450 nisi
656 2416 848 2462 propter
869 2415 1064 2461 peccata
1087 2410 1134 2450 in
1156 2410 1364 2450 diuinam
1393 2409 1688 2450 maiestatem
1710 2419 1834 2448 com—

189 2483 348 2522 missa.
375 2481 509 2533 Quod
530 2493 697 2522 reuera
718 2481 807 2533 ipsi
839 2492 984 2532 praue
1006 2479 1257 2521 admodum
1290 2481 1638 2531 intellexerant,
1671 2490 1835 2520 verum

248 2643 257 2662 ¹
299 2642 516 2677 SacerdoteS,
533 2642 588 2677 qui
605 2642 807 2670 confitentes
822 2641 993 2670 audirent.

245 2692 259 2711 ἓ
297 2691 436 2719 Rectius
451 2691 609 2718 cubitum
627 2690 747 2718 eundi.

246 2739 261 2759 ³
297 2739 366 2767 Eos
381 2739 554 2773 videlicet,
570 2739 626 2773 qui
642 2738 797 2766 mercede
813 2737 971 2765 conducti
988 2745 1091 2772 agros
1107 2738 1232 2772 colunt,
1249 2738 1372 2773 quique
1387 2738 1415 2765 si
1431 2745 1495 2765 non
1510 2736 1745 2764 conducantur
1760 2757 1766 2770 ,
1781 2743 1836 2770 pe-

192 2787 328 2815 nuriam
343 2788 491 2815 omnium
506 2794 621 2814 rerum
636 2787 836 2821 plerumque
851 2787 1040 2820 patiuntur.

249 2836 262 2855 4
301 2834 372 2869 Sic;
389 2835 517 2862 rectius
532 2835 863 2867 dominicanorum,
878 2834 1021 2868 hispane
1037 2834 1285 2862 dominicanos
1299 2837 1334 2862 et
1351 2834 1455 2862 etiam
1477 2833 1672 2860 dominicos
1683 2854 1691 2865 ,
1706 2832 1835 2860 fratres

193 2884 327 2911 seilicet
344 2883 479 2911 Ordinis
494 2883 789 2910 Praedicatorum.

249 2931 262 2950 5
304 2931 387 2958 Vide
405 2931 555 2958 Pontium
573 2930 778 2959 chronicon.
793 2934 815 2957 t.
829 2937 876 2965 iv,
892 2937 970 2964 pag.
988 2930 1048 2963 2⁸50,
1065 2934 1182 2957 annot.
1207 2929 1229 2956 1.
