2047 3179
173 130 247 167 126
692 126 921 164 LITTERAE
948 135 1309 169 QUADRIMESTRES

175 233 227 268 ut
247 227 512 267 habeantur
548 224 693 276 digni,
726 223 805 275 qui
835 223 956 263 inter
986 229 1176 263 nostros
1207 224 1621 263 connumerentur.
1644 219 1827 260 Verum

177 304 340 340 noster
358 297 499 338 Pater
523 294 533 314 ¹
557 295 719 336 decem
739 300 922 335 tantum
944 293 1076 346 (quos
1094 294 1188 334 iam
1209 291 1484 342 introduxit)
1503 290 1685 342 selegit,
1705 290 1829 331 inter

175 381 297 422 quos
329 375 437 409 sunt
468 367 627 419 aliqui,
652 366 708 406 iis
729 365 943 417 corporis
973 371 1018 405 et
1040 365 1183 405 animi
1204 365 1389 405 dotibus
1412 362 1630 416 praediti,
1653 367 1705 402 ut
1736 373 1831 401 non

181 448 358 481 temere
387 439 443 479 de
472 438 539 479 eis
570 437 804 490 possimus
831 436 978 476 multa
1005 447 1274 488 magnaque
1301 436 1349 475 in
1380 434 1591 475 futurum
1619 443 1830 484 sperare.

176 512 299 554 Sunt
332 516 518 564 praeter
554 509 641 549 hos
670 508 729 549 ad
756 508 983 548 exercitia
1021 507 1284 560 spiritualia
1321 506 1588 557 complures
1618 502 1827 544 admissi:

182 585 351 624 horum
381 582 505 622 bona
540 591 651 632 pars
680 579 875 619 debetur
907 579 1218 619 concionibus
1247 577 1451 618 assiduis
1483 575 1631 617 nostri
1660 574 1709 615 P.
1741 573 1834 615 Do-

180 654 332 696 ctoris
376 652 619 704 Baptistae
658 649 696 701 ²,
740 661 859 702 quae
899 650 1106 691 maximo
1153 661 1261 691 cum
1300 649 1535 700 applausu
1574 646 1735 699 populi
1777 656 1835 685 ac

186 726 398 767 omnium
416 722 743 765 aedificatione
764 721 1034 762 audiuntur.
1056 721 1154 762 Nec
1175 720 1410 761 immerito
1439 731 1569 769 sane,
1594 729 1702 758 cum
1722 716 1836 757 iudi-

184 798 263 838 ·cio
285 808 463 843 eorum,
489 794 567 846 qui
588 793 735 845 probe
756 804 857 833 rem
876 798 1082 844 teneant,
1105 792 1218 833 nulli
1240 802 1420 842 eorum,
1445 790 1524 843 qui
1544 790 1591 830 in
1612 789 1702 829 hac
1725 787 1820 829 ciui

187 874 287 910 tate
309 867 648 908 concionentur
685 864 780 917 (qui
811 865 945 905 multi
971 869 1079 905 sunt
1108 870 1249 916 atque
1271 862 1483 903 nonnulli
1505 859 1755 913 praeclari)
1778 859 1838 899 sit

187 939 440 980 secundus.
474 937 558 978 Est
582 935 769 988 quidem
789 935 837 975 in
867 934 1220 976 commouendis
1250 933 1498 974 affectibus
1530 938 1768 981 strenuus,
1793 930 1841 970 in

193 1010 454 1052 alliciendis
490 1008 660 1049 animis
694 1007 914 1060 prudens,
945 1007 993 1047 in
1019 1006 1226 1047 solandis
1254 1005 1432 1057 suauis,
1464 1010 1533 1044 est
1562 1003 1603 1044 ei
1639 1003 1760 1043 mira
1795 1001 1843 1042 in

189 1081 392 1124 dicendo
428 1079 702 1128 dexteritaS‚
735 1079 782 1119 in
809 1078 1196 1130 reprehendendo
1230 1075 1511 1126 acrimonia,
1534 1074 1582 1115 in
1602 1072 1846 1114 narrando

190 1154 421 1203 >suauitas
446 1152 493 1192 in
515 1150 757 1191 suadendo
779 1149 940 1190 feruor
969 1156 1013 1190 et
1048 1150 1156 1200 alia,
1189 1160 1309 1201 quae
1332 1148 1379 1188 in
1400 1146 1574 1199 quouis
1596 1144 1849 1186 conciona-

196 1233 299 1267 tore
336 1224 511 1276 optimo
547 1221 905 1274 desyderentur.
943 1221 1065 1261 Hinc
1094 1220 1143 1261 fit
1178 1227 1227 1260 ut
1263 1226 1330 1260 tot
1365 1218 1425 1259 ad
1452 1223 1643 1258 nostros
1663 1216 1846 1265 Patres,

197 1295 478 1350 praesertim
506 1294 671 1334 diebus
699 1292 962 1344 dominicis,
986 1292 1216 1333 accedant
1247 1289 1600 1331 manifestaturi
1630 1294 1847 1340 peccata,

197 1370 239 1409 si
261 1366 541 1409 confessarii
563 1365 698 1417 copia
719 1364 816 1416 fiat,
841 1370 891 1405 vt
913 1363 1090 1415 PatreS,
1115 1363 1193 1416 qui
1221 1362 1359 1415 pauci
1390 1366 1511 1412 sunt,
1537 1359 1753 1400 omnibus
1776 1370 1851 1399 sa-

200 1439 425 1480 tisfacere
446 1442 696 1489 nequeant,
719 1437 794 1476 uel
814 1435 904 1488 ipsi
925 1435 1023 1476 uoti
1044 1441 1287 1487 compotes
1307 1434 1424 1474 fieri.

281 1510 550 1551 Versantur
581 1508 722 1549 etiam
753 1507 933 1558 Patres,
965 1518 1072 1547 cum
1103 1516 1286 1558 tempus
1309 1505 1463 1556 datur,
1488 1504 1535 1544 in
1564 1501 1852 1555 pauperibus

204 1581 414 1623 uisendis
441 1587 486 1621 et
518 1578 834 1629 consolandis,
865 1585 987 1630 quos
1011 1578 1167 1627 etiam,
1197 1578 1244 1618 in
1273 1583 1485 1617 extremo
1514 1574 1679 1616 mortis
1700 1583 1854 1624 agone

203 1654 401 1707 positos,
424 1658 563 1704 prout
585 1651 811 1703 temporis
832 1650 1092 1691 necessitas
1114 1649 1333 1701 postulat,
1354 1648 1598 1689 adiuuant.
1618 1645 1676 1686 Et
1693 1654 1855 1697 quam-

204 1726 275 1766 uis
297 1724 357 1765 ad
377 1724 466 1764 hoc
490 1734 630 1775 quam
653 1722 711 1763 ad
734 1721 862 1762 aliud
883 1721 1071 1773 saepius
1093 1726 1431 1770 conuocentur‚
1456 1730 1550 1759 non
1568 1723 1727 1758 tamen
1746 1726 1858 1756 raro

207 1802 439 1838 uocantur
461 1800 510 1835 ut
533 1793 740 1844 dissidia,
765 1793 927 1845 siquae
949 1793 1040 1833 sint
1062 1793 1183 1833 inter
1205 1792 1455 1843 coniuges,
1478 1790 1553 1830 uel
1576 1789 1693 1829 alios
1723 1797 1860 1839 quos-

206 1869 280 1909 uis
299 1867 513 1908 homines
535 1871 654 1916 orta,
685 1870 983 1916 componant,
1009 1864 1195 1904 ueniam
1229 1874 1316 1914 pro
1346 1861 1532 1903 iniuriis
1554 1860 1696 1900 illatis
1716 1859 1859 1910 impe-

206 1945 346 1990 trent,
371 1939 555 1990 aliaque
576 1937 653 1989 pia
676 1935 721 1977 id
743 1947 893 1988 genus
915 1935 1180 1976 conficiant.
1206 1934 1307 1987 Quo
1332 1934 1512 1974 factum
1537 1938 1609 1973 est
1629 1937 1680 1972 ut
1701 1929 1862 1971 suauis

207 2013 377 2053 horum
398 2021 593 2062 operum
613 2008 729 2049 odor
751 2008 810 2048 sit
829 2008 923 2048 late
944 2019 1025 2059 per
1048 2007 1289 2048 ciuitatem
1314 2016 1526 2057 sparsus,
1551 2004 1616 2044 ita
1647 2009 1697 2043 ut
1719 2001 1860 2042 etiam

210 2085 257 2135 ii,
291 2083 369 2135 qui
391 2088 652 2122 extremam
674 2085 858 2132 partem
885 2079 1089 2119 ciuitatis
1116 2078 1354 2129 habitant,
1379 2077 1470 2117 huc
1493 2075 1552 2116 ad
1574 2086 1676 2125 nOS,
1701 2073 1862 2114 oblata

210 2154 508 2204 necessitate,
542 2151 704 2192 auxilii
732 2150 921 2203 petendi
949 2150 1119 2202 gratia,
1153 2155 1426 2190 accurrant.
1450 2147 1509 2188 Et
1538 2158 1645 2187 cum
1666 2150 1858 2186 nostrae

211 2225 462 2268 Societatis
484 2235 654 2264 nomen
676 2235 770 2263 non
788 2223 846 2263 sit
863 2221 1079 2262 omnibus
1100 2222 1238 2273 plane
1261 2220 1522 2272 cognitum,
1547 2224 1656 2258 sunt
1678 2217 1757 2268 qui
1779 2227 1867 2256 nos

214 2299 505 2350 inquirentes
526 2295 818 2345 interrogent
840 2293 1031 2334 Vbinam
1053 2292 1264 2333 habitent
1277 2292 1339 2343 hi,
1366 2302 1566 2343 quorum
1588 2295 1685 2330 tota
1708 2294 1753 2329 et
1767 2288 1867 2328 sola

214 2381 330 2411 cura
353 2374 422 2408 est
444 2369 491 2408 in
513 2367 734 2418 operibus
756 2364 1111 2406 misericordiae
1134 2376 1183 2404 se
1207 2374 1447 2404 exercere.

296 2440 542 2481 Mulierem
564 2437 830 2490 quamdam,
856 2448 976 2489 quae
998 2437 1073 2477 uel
1094 2447 1143 2476 se
1166 2435 1469 2488 suspendere,
1502 2433 1577 2473 uel
1600 2432 1646 2472 in
1676 2436 1870 2483 puteum

218 2511 549 2565 praecipitare,
574 2510 648 2549 uel
670 2509 792 2549 fame
818 2519 991 2550 necare
1013 2507 1307 2558 decreuerat,
1339 2511 1593 2558 propterea
1628 2502 1753 2555 quod
1774 2515 1802 2543 a
1822 2514 1873 2542 se

218 2585 314 2625 filia
335 2582 645 2630 discessisset,
669 2580 820 2621 nostri
846 2579 1010 2621 Patres
1043 2579 1296 2631 plurimum
1326 2579 1374 2618 in
1404 2576 1607 2618 Domino
1640 2574 1874 2615 consolati

214 2661 343 2705 sunt,
368 2659 590 2694 curantes
612 2652 861 2703 diligenter
882 2658 931 2692 ut
956 2650 1047 2691 filia
1068 2650 1109 2691 ei
1131 2650 1353 2691 continuo
1377 2648 1720 2689 restitueretur.
1746 2645 1872 2686 Ado·

221 2729 405 2768 lescens
427 2725 562 2776 alius,
587 2724 665 2776 qui
686 2735 847 2764 secum
867 2736 891 2764 e
911 2723 1170 2775 longinquo
1188 2722 1432 2763 mulierem
1450 2719 1697 2760 inhonesto
1716 2717 1873 2757 animo

282 2914 292 2935 1
332 2913 368 2940 P.
385 2912 534 2946 Joannes
550 2909 713 2944 Baptista
729 2908 768 2935 de
786 2908 924 2941 Barma=
943 2907 1086 2936 Rector.

284 2961 298 2979 2
335 2961 429 2988 Idem
445 2960 482 2988 P.
497 2959 648 2993 Joannes
663 2955 823 2989 Baptista
839 2958 879 2985 de
896 2957 1039 2986 ssarma.
