2047 3179
887 133 971 170 ΑΝ.
1002 133 1093 170 1555
1730 127 1802 167 507

251 230 321 271 De
344 232 517 283 insigni
539 232 615 271 illa
638 238 682 271 et
702 233 838 283 plane
857 230 1044 270 heroica
1061 230 1247 281 pietate,
1269 241 1409 280 quam
1426 239 1539 279 erga
1557 240 1642 268 nos
1659 241 1798 279 opere

172 309 217 342 et
251 303 449 342 ueritate
484 301 709 343 Sereniss.
747 302 848 342 Rex
883 301 1201 341 Romanorum
1233 300 1454 349 declarat,
1484 299 1597 339 nihil
1634 300 1797 340 attinet

173 374 267 413 iam
288 373 458 424 dicere,
484 385 624 426 quum
645 385 700 414 ea
720 374 813 413 iam
834 374 922 424 ipsi
944 372 1046 412 orbi
1077 371 1352 420 innotuerit,
1377 370 1547 410 nedum
1576 377 1682 410 tuae
1712 371 1793 411 Pa-

170 445 405 488 ternitati.
437 444 511 484 cui
540 445 639 496 ipse
673 444 766 484 iam
791 444 977 495 saepius
1010 443 1156 482 literis
1182 443 1279 482 suis
1313 442 1442 481 uarie
1469 442 1631 493 pandit
1662 454 1796 481 suum

171 521 418 566 paternum
448 516 494 555 in
515 528 600 555 nos
627 527 834 555 amorem
865 521 909 554 et
939 525 1079 566 quam
1110 513 1165 553 de
1196 519 1291 553 tota
1323 512 1555 553 Societate
1585 513 1797 563 concepit

172 587 395 637 optimam
421 586 700 637 opinionem,
720 587 767 627 id
783 586 905 637 quod
920 592 964 626 et
987 585 1253 636 nuperrime
1276 586 1443 625 iterum
1461 584 1798 623 demonstrauit

171 657 357 707 quando
379 657 551 697 fratres
578 670 603 698 a
631 664 709 698 tua
737 657 1022 697 Paternitate
1051 657 1186 697 enixe
1219 656 1494 708 postulauit,
1525 662 1572 694 ut
1600 655 1647 695 in
1673 666 1796 694 nouo

171 727 379 779 Collegio
417 729 541 779 apud
571 728 789 779 Pragam,
821 728 984 768 vrbem
1018 728 1386 777 celeberrimam,
1424 734 1468 766 et
1491 726 1633 766 totius
1664 727 1797 776 regni

169 797 422 838 Bohemiae
434 799 744 851 Metropolim,
763 799 905 839 fixam
921 799 1147 839 haberent
1164 799 1470 848 mansionem,
1486 798 1563 837 ubi
1576 808 1699 837 nunc
1716 808 1797 837 eos

168 871 505 920 praestolatur,
538 871 764 922 sedesque
790 877 1045 922 praeparat
1072 869 1129 910 D.
1161 869 1379 910 Canisius
1412 868 1618 909 subsidio
1647 868 1796 908 fretu-s

169 940 376 980 eiusdem
398 941 676 991 pientissimi
702 941 845 993 Regis
874 953 928 982 ac
955 940 1262 990 Ferdinandi,
1292 940 1487 980 iunioris
1512 939 1795 980 Archiducis

167 1010 389 1051 Austriae
410 1015 436 1062 ¹,
460 1020 685 1064 paternae
706 1013 894 1053 virtutis
915 1013 1094 1053 strenui
1126 1011 1450 1062 aemulatoris,
1482 1022 1680 1062 quorum
1709 1010 1798 1062 piis

169 1083 415 1123 conatibus
436 1083 627 1124 minime
643 1084 735 1124 illic
752 1084 919 1124 desunt
935 1084 1098 1135 inclyti
1119 1083 1309 1135 quidam
1331 1083 1591 1123 catholicae
1613 1082 1795 1133 religio-

168 1153 239 1193 nis
260 1154 503 1205 zelatores,
529 1156 605 1206 qui
622 1162 846 1207 tanquam
862 1155 1110 1196 luminaria
1126 1154 1419 1205 praefulgida
1436 1154 1482 1193 in
1500 1153 1703 1193 tenebris
1720 1164 1797 1192 ua-

167 1224 344 1264 riarum
360 1225 620 1266 haereseon
636 1227 774 1277 inque
792 1226 943 1267 medio
958 1226 1161 1266 nationis
1178 1236 1353 1277 prauae
1367 1237 1422 1265 ac
1437 1235 1689 1276 peruersae
1706 1225 1796 1264 col-

165 1295 322 1335 lucent
341 1294 369 1333 ².

246 1366 374 1407 Haec
396 1375 518 1416 sunt,
543 1367 642 1408 Rssle
665 1369 823 1416 Pater,
854 1369 909 1408 de
936 1369 1102 1420 quibus
1130 1369 1176 1408 in
1198 1368 1573 1420 praesentiarum
1598 1367 1793 1418 perscri-

167 1437 276 1477 bere
309 1438 464 1478 visum
489 1446 574 1479 est.
603 1439 937 1479 Paternitatem
964 1445 1094 1479 tuam
1121 1451 1179 1479 ex
1209 1439 1383 1479 intimis
1410 1439 1554 1478 animi
1581 1438 1794 1478 medullis

167 1508 483 1559 obsecramus,
505 1516 554 1549 ut
574 1510 840 1550 interuentu
861 1508 1208 1550 Sacrificiorum
1236 1517 1279 1550 et
1308 1510 1571 1550 orationum
1601 1520 1793 1549 suarum

165 1578 353 1620 diuinae
385 1581 735 1620 misericordiae
768 1592 854 1621 nos
889 1581 1206 1631 commendet,
1249 1592 1338 1632 quo
1374 1580 1682 1620 ministerium
1716 1592 1792 1620 no-

166 1656 329 1699 strum,
353 1651 485 1691 cuius
504 1651 775 1703 perficiendi
796 1664 939 1692 causa
960 1653 1006 1692 in
1036 1653 1158 1692 hanc
1185 1653 1429 1704 regionem
1458 1663 1543 1692 nos
1573 1651 1792 1692 amanda-

165 1722 247 1771 uit,
280 1721 474 1762 fideliter
500 1723 766 1774 utiliterque
793 1735 1081 1775 exequamur
1105 1723 1164 1763 ad
1189 1723 1374 1763 laudem
1404 1729 1448 1763 et
1474 1723 1676 1774 gloriam
1701 1722 1792 1762 Do-

164 1793 277 1832 mini
296 1794 443 1833 nostri
463 1794 574 1846 Jesu
592 1793 780 1844 Christi,
799 1795 877 1846 qui
894 1800 963 1834 est
977 1794 1249 1835 benedictus
1263 1794 1311 1834 in
1327 1795 1530 1834 saecula.
1553 1794 1721 1834 Amen.

244 1863 457 1904 Viennae
496 1863 743 1915 Austriae,
785 1877 814 1904 v
854 1865 1032 1905 calend.
1075 1865 1391 1916 Septembris,
1443 1876 1565 1905 anno
1604 1864 1794 1905 Domini

163 1935 359 1976 MDLV.

243 2006 294 2046 T.
320 2006 372 2046 R.
397 2007 445 2046 P.
471 2018 636 2047 seruus
658 2019 713 2047 ac
734 2007 854 2048 filius
876 2009 921 2047 in
944 2007 1131 2048 Christo
1154 2007 1356 2047 Domino
1378 2014 1557 2057 nostro,

1123 2149 1359 2189 NICOLAUS
1389 2149 1627 2189 LANovus.

205 2469 209 2475 ¹
244 2415 305 2454 In
346 2419 515 2455 octava
546 2415 736 2466 pagina
775 2415 1199 2466 snperscmptz'oms
1234 2414 1334 2454 loco
1375 2415 1485 2453 llaec
1523 2414 1761 2464 leguntur
1777 2426 1791 2453 .·

165 2483 277 2544 IHs.
301 2504 437 2544 Lrae.
464 2503 659 2554 Collegii
676 2504 905 2544 Viennen.

245 2573 353 2614 Alia
376 2586 544 2614 mama·
566 2575 702 2615 Vien.
728 2574 900 2626 Quadr.
926 2575 985 2616 V.
1008 2575 1132 2626 Sept.
1162 2576 1274 2615 1555.

242 2645 305 2685 Et
326 2644 423 2684 alia
445 2657 588 2685 mann
610 2645 722 2685 haec
750 2645 1021 2686 semz'deleta
1052 2646 1181 2686 haud
1202 2646 1354 2696 facile
1374 2647 1626 2697 legantur:
1655 2647 1699 2687 A
1729 2648 1792 2688 mi

162 2716 331 2755 amado
354 2716 399 2755 in
419 2716 490 2768 Jo.
514 2716 700 2756 Franco
716 2716 771 2756 de
793 2715 919 2765 Soto‚
943 2717 1166 2768 Capellan
1188 2717 1244 2757 de
1266 2729 1319 2757 su
1341 2719 1444 2757 alt.a
1473 2750 1480 2767 ,
1504 2718 1665 2758 dolens
1688 2717 1716 2755 ⁵.

218 2853 224 2869 ¹
267 2851 503 2880 Ferdinandus
519 2853 560 2886 ΙΙ,
577 2852 786 2880 Ferdinandi
798 2852 823 2884 Ι,
839 2852 1069 2880 Romanorum
1082 2852 1195 2887 Regis,
1211 2853 1282 2880 filii.

216 2902 228 2917 ·-’
267 2899 317 2927 Cf.
335 2900 615 2933 BRAUNSBERGER,
629 2902 650 2928 1.
667 2908 703 2935 c.,
718 2908 796 2935 pag.
812 2901 856 2934 49,
869 2905 983 2928 annot.
997 2901 1026 2927 5.

217 2947 231 2965 5
270 2947 333 2974 Est
349 2953 381 2975 et
396 2948 485 2975 aliud
502 2949 656 2978 verbum.
672 2949 729 2975 sed
746 2949 794 2976 ita
810 2948 935 2983 raptim
951 2953 984 2975 et
999 2949 1196 2982 imperfecte
1213 2954 1393 2977 exaratum
1408 2956 1444 2977 ut
1457 2951 1524 2985 legi
1538 2958 1602 2978 non
1618 2952 1737 2985 possit.
