2047 3179
872 148 957 186 AN.
986 148 1077 185 1555
1724 150 1795 187 473

168 245 426 287 Doctrinae
448 246 733 287 christianae
754 246 1001 286 lectionem
1028 244 1101 285 die
1127 245 1314 284 veneris
1336 244 1447 296 (quo
1469 245 1611 285 etiam
1637 246 1788 296 priua-

165 325 262 357 tum
285 317 344 357 ad
364 329 450 358 nos
471 329 734 357 sermonem
755 315 909 366 habet)
930 315 1029 355 fieri
1050 315 1255 365 solitam,
1279 326 1427 366 nuper
1450 321 1604 355 autem
1634 316 1790 355 multis

165 388 221 428 de
243 388 400 428 causis
421 388 466 427 in
487 387 769 428 dominicam
790 386 1083 435 translatam,
1104 396 1209 425 cum
1230 385 1521 425 occurrentis
1542 384 1789 435 Evangelii

166 459 351 510 perutili
373 459 691 499 enuntiatione
714 458 807 498 iam
833 457 986 508 coepit
1014 455 1061 495 P.
1094 455 1266 496 Rector
1296 454 1306 474 ¹
1339 456 1639 506 coniungere.
1673 455 1792 506 Qua-

163 529 441 580 dragesimis
458 528 718 569 Dominicis
740 528 1042 569 concionatus
1060 534 1144 577 est,
1168 526 1364 577 singulis
1382 533 1538 566 autem
1556 527 1792 566 mensibus

162 611 330 651 pueros
351 599 625 640 confitentes
646 599 787 649 audit,
812 610 1041 649 sacroque
1063 598 1221 637 ieiunii
1241 603 1450 648 tempore
1473 597 1791 648 compluribus

162 670 438 720 hominibus,
461 682 657 722 quorum
674 671 816 721 aliqui
833 682 860 710 a
877 669 1038 709 decem
1055 675 1099 708 et
1116 668 1379 720 quindecim
1398 668 1532 708 annis
1549 679 1642 707 non
1660 674 1793 707 erant

161 740 377 789 confessi,
402 741 716 781 confessarius
733 741 899 790 extitit3
918 746 1162 791 praetereo
1180 739 1468 790 temporibus
1485 739 1588 778 aliis
1607 739 1791 778 auditas

161 811 479 852 confessiones
500 813 740 863 plurimas,
766 823 872 852 curn
892 821 1143 861 aegrorum
1173 809 1416 861 priuatim,
1441 816 1538 849 tum
1565 809 1789 849 dissiden-

163 883 279 922 tium
299 889 436 922 antea
458 883 656 934 publice,
684 883 895 934 quamuis
917 882 1062 922 multa
1083 881 1296 931 tentauit‚
1320 892 1439 931 quae
1460 880 1659 920 necdum
1688 891 1789 931 per-

159 954 297 994 ficere
317 954 478 993 valuit.
502 953 566 994 Vt
586 960 692 994 sunt
713 954 788 993 hic
810 953 965 993 omnia
986 952 1135 992 litium
1164 951 1606 1003 inimicitiarumque
1630 951 1793 1003 plenis-

161 1025 295 1065 sima!
318 1024 514 1065 Cuidam
534 1025 654 1065 inter
675 1031 860 1065 caetera
883 1024 942 1064 ad
961 1034 1124 1064 necem
1145 1034 1293 1074 vsque
1315 1024 1442 1062 laeso
1471 1022 1796 1062 adversarium

163 1095 443 1136 conciliauit:
481 1096 847 1145 xenodochium,
878 1107 967 1146 quo
989 1095 1145 1134 multis
1165 1094 1303 1134 etiam
1326 1106 1352 1133 a
1375 1093 1668 1133 confessione
1690 1093 1789 1143 fuit,

162 1166 320 1206 inuisit
341 1166 551 1218 saepius:
575 1167 773 1218 denique
803 1173 900 1206 tum
921 1178 978 1206 ex
1008 1165 1135 1215 filiis,
1165 1172 1265 1205 tum
1293 1177 1351 1204 ex
1377 1164 1671 1216 parentibus,
1702 1163 1794 1204 fru-

146 1236 290 1278 ‘ctum
311 1244 529 1288 expectat
551 1238 597 1277 in
619 1237 716 1277 dies
733 1237 1012 1277 vberiorem.
1030 1236 1078 1276 Ρ.
1100 1235 1236 1276 Petro
1254 1235 1546 1275 Prodcachio
1564 1234 1577 1253 '²
1594 1235 1796 1275 confessi

167 1314 274 1348 sunt
295 1309 434 1348 etiam
457 1309 611 1358 multi,
637 1320 729 1348 non
751 1309 850 1348 sine
878 1319 1051 1359 magna
1073 1307 1160 1347 Dei
1186 1306 1323 1346 laude
1350 1312 1394 1346 et
1416 1306 1593 1357 ingenti
1626 1306 1798 1346 anima-

168 1391 272 1419 rum
293 1380 461 1420 fructu.

244 1449 523 1491 Scholastici
545 1456 651 1490 sunt
673 1457 858 1490 centum
880 1450 1041 1490 decem
1063 1454 1141 1489 aut
1163 1448 1377 1500 amplius,
1398 1448 1564 1499 quibus
1581 1447 1795 1488 omnibus

162 1533 268 1562 cum
288 1533 409 1561 Vnus
430 1520 479 1561 P.
509 1520 675 1560 Petrus
701 1520 911 1560 sufficere
937 1532 1030 1560 non
1058 1520 1320 1569 videretur,
1350 1519 1504 1559 visum
1535 1524 1604 1558 est
1629 1517 1678 1558 Ρ.
1712 1517 1796 1557 Re-

161 1592 281 1632 ctori
301 1598 352 1632 vt
375 1592 462 1632 sibi
484 1592 736 1632 ascisceret
752 1598 963 1632 nostrum
979 1591 1268 1631 Antoninum
1284 1589 1312 1640 ⁵,
1332 1590 1423 1641 qui,
1445 1601 1551 1630 curn
1569 1589 1657 1629 hoc
1674 1589 1798 1640 quod

161 1662 283 1715 dico,
302 1669 401 1703 tum
419 1663 521 1702 aliis
538 1662 821 1712 muneribus,
841 1663 989 1714 iisque
1005 1661 1167 1712 variis,
1187 1661 1254 1701 sic
1270 1660 1580 1712 perfungitur,
1599 1665 1649 1699 vt
1665 1659 1797 1700 freno

162 1733 316 1786 potius
337 1745 478 1785 quam
499 1733 763 1773 calcaribus
785 1733 831 1773 in
852 1733 941 1772 hoc
963 1732 1198 1772 laborioso
1231 1743 1371 1771 cursu
1393 1742 1532 1782 egere
1559 1731 1791 1770 videatur.

162 1804 312 1845 Huius
333 1804 560 1845 Antonini
581 1804 826 1844 sinceritas
845 1804 962 1844 alias
979 1803 1160 1843 abunde
1178 1803 1292 1843 satis
1309 1814 1358 1842 se
1375 1802 1705 1842 manifestabit.
1726 1800 1796 1840 De

165 1875 406 1916 Antonino
428 1875 589 1915 habes.

244 1945 490 1998 Cognosce
512 1946 568 1986 de
588 1945 795 1985 Antonio
823 1944 862 1997 ⁴,
886 1956 1023 1997 quem
1053 1945 1256 1984 arbitror
1284 1944 1523 1995 ingentem
1550 1954 1797 1983 conuersa-

163 2018 302 2058 tionis
323 2028 435 2057 suae
458 2016 631 2057 referre
653 2016 854 2056 Domino
884 2016 1107 2065 fructum,
1132 2015 1254 2067 quod
1274 2015 1446 2066 partim
1473 2014 1586 2054 mihi
1613 2018 1798 2053 constat

168 2101 226 2129 ex
256 2088 464 2140 pluribus
492 2088 590 2127 eius
622 2099 764 2139 opera
794 2087 854 2127 acl
879 2087 1120 2126 meliorem
1146 2085 1331 2137 frugem
1369 2097 1417 2125 se
1448 2083 1796 2136 recipientibus,

166 2160 258 2199 imo
282 2171 340 2199 ex
361 2159 553 2210 meipso,
577 2158 675 2198 eius
697 2158 912 2209 exemplo
935 2169 1028 2197 non
1050 2156 1349 2196 mediocriter
1371 2155 1554 2205 adiutO,
1578 2167 1636 2195 ex
1658 2154 1797 2206 patri-

164 2231 340 2282 busque
361 2229 484 2269 idem
505 2228 825 2269 referentibus.
848 2228 1058 2278 Dubites,
1083 2228 1122 2267 si
1138 2228 1316 2276 videas,
1338 2226 1718 2269 Oeconomumne
1736 2225 1799 2265 di-

165 2313 260 2351 cas,
284 2312 344 2340 an
365 2300 768 2349 concionatorem,
794 2311 853 2339 an
875 2299 985 2350 quid
1007 2298 1154 2346 aliud,
1179 2310 1285 2338 cum
1307 2305 1350 2337 et
1374 2297 1437 2337 illi
1457 2297 1551 2337 iam
1572 2296 1638 2336 rei
1668 2296 1799 2336 fami-

162 2371 294 2411 liaris
316 2382 430 2411 cura
451 2370 706 2420 incumbat,
731 2377 775 2410 et
795 2371 952 2421 plures
974 2370 1119 2409 verbo
1141 2369 1266 2408 vitae
1289 2368 1517 2417 aedificet,
1541 2367 1702 2418 templi
1723 2379 1799 2406 ex-

166 2441 352 2482 truendi
380 2441 672 2492 ornandique
703 2440 972 2481 continuam
999 2445 1135 2491 gerat
1163 2439 1546 2488 sollicitudinem,
1578 2449 1672 2477 non
1702 2444 1798 2477 tam

165 2513 278 2562 eius,
303 2512 425 2564 quod
447 2512 594 2552 oculis
614 2517 756 2563 patet,
781 2511 993 2562 aedificii,
1017 2522 1157 2562 quam
1178 2510 1291 2559 eius,
1316 2509 1440 2560 quod
1459 2509 1582 2549 intra
1604 2519 1690 2548 nos
1711 2514 1795 2550 est.

165 2583 316 2623 Huius
355 2582 595 2633 diligentia
636 2594 729 2622 non
763 2582 915 2622 minus
955 2581 1038 2621 tibi
1076 2587 1214 2632 atque
1253 2580 1385 2620 nobis
1424 2579 1671 2620 manifesta
1712 2586 1796 2621 est.

220 2767 228 2786 ¹
269 2766 307 2793 P.
322 2766 469 2799 Joannes
484 2766 691 2793 Laurentius
707 2765 950 2796 Cavaalierus.

220 2815 233 2833 ἓ
272 2813 338 2847 Sie;
353 2813 460 2840 eritne
473 2813 526 2841 hic
542 2813 597 2840 ille
612 2813 733 2840 Petrus
746 2813 912 2842 Pradene.
926 2813 964 2839 de
978 2819 1041 2847 quo
1053 2812 1230 2839 Pomm-cus
1241 2812 1272 2839 in
1286 2812 1462 2844 Chronico,
1475 2815 1497 2838 t.
1509 2817 1556 2844 Ῑν,
1567 2817 1645 2844 pag.
1655 2808 1699 2843 22,
1709 2818 1740 2837 n.
1750 2810 1798 2837 26?

220 2860 234 2879 5
269 2860 327 2888 Fr.
343 2862 539 2889 Antoninus
555 2862 594 2888 de
612 2861 777 2888 Henricis.
795 2860 883 2888 Vide
899 2860 1049 2887 PoLfflzcr
1066 2859 1201 2893 chron„
1216 2864 1243 2886 t.
1267 2866 1312 2893 1v‚
1329 2867 1408 2894 pag.
1423 2860 1468 2890 21,
1485 2861 1600 2885 annot.
1614 2857 1641 2884 7.

218 2909 233 2928 ‘²
270 2908 326 2936 Fr.
342 2909 512 2936 Antonius
527 2917 546 2936 a
562 2908 705 2936 Robore.
722 2908 809 2936 Vide
824 2915 927 2942 supra
943 2912 966 2936 t.
982 2915 1018 2943 11,
1032 2915 1111 2942 pag.
1125 2906 1185 2940 203,
1199 2912 1312 2935 annot.
1328 2908 1351 2938 1.
1368 2912 1401 2934 et
1417 2907 1566 2933 Pomxci
1579 2903 1803 2937 Clzron.,1oeo¹

163 2963 271 2990 nuper
287 2956 407 2983 citato.
