2047 3179
159 157 227 195 148
672 157 899 194 LirissaAE
926 166 1286 200 QUADRlMESTRES

155 266 270 306 pore
304 261 382 294 aut
417 255 536 293 loco.
567 253 727 293 Lectio
758 252 904 303 Pauli,
942 252 1212 304 aliquandiu
1249 251 1539 300 intermissa,
1577 249 1795 301 proximo

154 336 315 366 mense
338 330 575 376 resumpta
610 330 693 373 est,
725 335 1009 376 quamquam
1039 336 1133 363 non
1159 324 1216 363 ab
1239 323 1416 369 eodem,
1442 332 1469 360 a
1490 332 1581 372 quo
1604 326 1712 361 ante
1733 321 1794 362 le-

154 397 368 448 gebatur,
387 396 540 436 Patre.
564 394 660 436 Nec
677 396 851 436 habent
872 395 996 446 quod
1026 395 1082 435 de
1105 394 1237 435 uerbi
1258 393 1346 434 Dei
1367 391 1563 444 penuria
1586 391 1795 433 Messani

155 473 428 520 querantur.
452 467 569 508 Tres
592 467 722 507 Pauli
755 467 978 518 epistolas
1005 466 1389 517 interpretantur,
1420 464 1578 514 plures
1609 463 1796 504 concio-

154 545 342 589 nantur,
371 538 448 578 alii
479 538 620 578 etiam
649 538 741 577 alia
769 538 943 588 legunt.
974 536 1071 577 Nec
1106 536 1329 576 inutiliter
1365 534 1578 585 omnino,
1607 540 1795 585 praeter

153 610 279 650 enim
303 621 399 659 eos,
434 610 511 661 qui
539 609 663 660 apud
692 621 777 649 nos
804 608 1097 658 confitentur,
1128 607 1206 659 qui
1240 618 1354 646 sane
1382 606 1513 645 multi
1543 612 1666 657 sunt,
1690 606 1795 646 aliis

152 692 338 732 quoque
360 680 406 720 in
427 680 612 731 templis
634 679 850 731 permulti
870 679 1137 728 audiuntur,
1161 686 1205 717 et
1236 677 1282 717 in
1303 677 1654 728 Assumptionis
1675 677 1794 718 festo

155 751 329 792 Beatae
351 751 564 802 Virginis
587 750 908 802 praedicatum
930 756 1000 789 est
1029 750 1076 789 in
1104 750 1194 788 hac
1226 749 1338 788 urbe
1361 759 1455 787 non
1476 748 1632 788 minus
1653 759 1795 800 quam

153 823 226 862 bis
246 823 370 862 mille
388 822 599 862 homines
630 821 688 861 ad
710 833 898 861 sacrum
919 820 1244 861 Eucharistiae
1267 826 1616 859 sacramentum
1638 831 1794 860 acces-

154 894 289 934 sisse.
323 893 449 933 Idem
470 893 579 933 fecit
601 900 645 932 et
666 892 860 943 Prorex,
885 892 963 944 qui
983 891 1036 932 R.
1062 891 1110 931 P.
1136 890 1341 931 Antonio
1371 889 1544 939 Vinch,
1568 891 1691 942 quod
1712 890 1797 930 Re-

155 964 389 1004 verendus
418 964 467 1004 P.
502 963 804 1015 Praepositus
839 964 1040 1013 abesset,
1074 970 1143 1003 est
1171 961 1428 1002 consessus.
1465 961 1796 1002 Ferdinandus

154 1048 353 1087 quoque,
378 1035 477 1075 eius
508 1035 667 1082 frater,
703 1034 953 1074 confitendi
983 1033 1455 1084 communicandique
1477 1044 1623 1074 causa
1644 1044 1701 1074 ea
1723 1033 1796 1074 die

155 1119 206 1146 se
228 1107 287 1147 ad
322 1107 571 1157 collegium
605 1112 818 1146 nostrum
841 1105 1052 1145 contulit.
1076 1104 1235 1156 Neque
1257 1115 1370 1144 uero
1392 1115 1541 1155 parua
1569 1104 1615 1144 in
1635 1105 1796 1156 pleris-

154 1189 246 1229 que
268 1189 445 1228 eorum,
471 1177 549 1229 qui
571 1176 695 1229 apud
716 1189 802 1217 nos
831 1176 1194 1226 communicant,
1219 1175 1426 1215 cernitur
1447 1175 1649 1227 deuotio;
1675 1177 1796 1216 hanc

155 1249 280 1289 enim
300 1254 345 1288 et
367 1249 639 1300 lachrymae
661 1255 704 1288 et
726 1248 928 1298 habitus,
953 1254 997 1287 et
1014 1248 1241 1299 imprimis
1262 1246 1429 1287 mutati
1449 1258 1620 1298 mores,
1644 1253 1795 1287 osten-

156 1321 286 1360 dunt.
307 1320 426 1360 Nam
447 1326 553 1359 sunt
577 1320 744 1371 quibus
762 1331 787 1358 a
805 1320 1013 1371 peccatis
1031 1319 1102 1369 (de
1125 1319 1401 1359 mortalibus
1418 1319 1600 1370 loquor)
1623 1318 1795 1359 disces-

156 1393 274 1431 sisse
300 1403 393 1431 non
423 1398 492 1431 est
523 1391 652 1431 satis:
686 1390 745 1430 ad
775 1390 1120 1442 assequendum
1148 1389 1450 1441 perfectionis
1484 1390 1667 1441 apicem
1704 1403 1796 1430 non

155 1461 348 1514 segnius
370 1474 510 1513 quam
538 1462 616 1513 qui
643 1462 689 1502 in
719 1462 1018 1502 monasteriis
1047 1461 1251 1513 perfecte
1281 1461 1460 1512 uiuunt,
1489 1461 1715 1513 aspirant,
1747 1469 1796 1502 ut

154 1546 248 1585 qua
270 1546 318 1574 re
340 1545 390 1573 se
411 1532 512 1573 Deo
535 1533 744 1573 cariores
766 1533 864 1573 fore
885 1538 1064 1584 putent,
1085 1544 1189 1572 eam
1211 1538 1371 1583 agant,
1390 1532 1504 1573 uelit
1529 1533 1644 1573 nolit
1667 1544 1796 1573 mun-

155 1606 243 1645 dus
261 1611 305 1645 et
322 1617 447 1645 caro.
468 1605 584 1654 Hoc,
606 1605 711 1656 quia
731 1616 823 1644 non
841 1604 897 1644 de
913 1616 1005 1644 uno
1021 1611 1100 1644 aut
1118 1605 1264 1644 altero
1278 1616 1443 1645 uerum
1458 1610 1542 1655 est,
1555 1604 1796 1656 sigillatim

155 1689 251 1716 non
271 1683 398 1716 tento
419 1676 590 1716 dicere.
614 1675 730 1716 Illud
752 1676 937 1724 habeto,
961 1675 1014 1715 R.
1040 1674 1105 1725 R,
1131 1676 1177 1715 in
1199 1676 1471 1716 uniuersum
1493 1688 1587 1716 non
1617 1688 1797 1728 paucos

154 1760 275 1798 esse,
295 1755 339 1788 et
361 1760 441 1788 eos
459 1747 740 1787 conditionis
761 1759 854 1787 non
876 1747 1077 1796 intimae,
1102 1748 1281 1798 quibus,
1306 1747 1345 1787 si
1366 1746 1477 1799 quid
1499 1748 1687 1788 aduersi
1718 1760 1797 1788 ac-

156 1819 338 1869 ciderit,
362 1819 400 1859 si
427 1824 649 1869 aegrotos
682 1829 784 1858 esse
811 1818 1078 1869 contigerit,
1115 1819 1282 1858 maiori
1310 1830 1359 1858 se
1381 1819 1525 1859 animi
1546 1819 1796 1859 liberalita-

157 1898 201 1931 te
223 1897 267 1931 et
288 1891 523 1931 hilaritate.
545 1890 646 1930 Deo
669 1890 881 1940 offerunt,
907 1902 1046 1941 quam
1067 1891 1205 1930 scribi
1228 1891 1390 1942 possit.
1411 1890 1512 1941 Quo
1531 1890 1683 1930 minus
1706 1890 1796 1930 for-

155 1970 281 2003 tasse
298 1962 410 2002 illud
429 1961 735 2014 reputabitur,
759 1961 882 2013 quod
900 1967 1056 2001 tamen
1084 1969 1153 2001 est
1184 1961 1430 2002 Messanae
1458 1973 1697 2013 magnum,
1718 1974 1796 2002 no-

155 2034 270 2073 biles
291 2040 535 2074 matronas
560 2033 653 2072 iam
682 2032 902 2072 didicisse
931 2044 1123 2073 suorum
1151 2039 1350 2073 mortem
1382 2033 1624 2074 moderate
1654 2033 1793 2083 ferre,

158 2117 305 2157 eaque
340 2104 497 2144 facere
533 2103 742 2154 desiisse,
785 2115 904 2155 quae
939 2104 1067 2144 urbis
1103 2104 1241 2144 huius
1277 2116 1422 2155 more,
1462 2109 1511 2145 ut
1551 2104 1797 2145 tritissimo

156 2177 222 2217 ita
239 2183 283 2217 et
304 2176 588 2227 turpissimO,
614 2181 752 2215 antea
775 2175 1001 2225 solebant,
1027 2176 1065 2215 si
1084 2176 1186 2227 quis
1208 2188 1369 2216 eorum
1387 2189 1411 2216 e
1432 2176 1554 2216 uiuis
1572 2176 1797 2217 decessis-

158 2254 241 2288 set.
266 2248 323 2288 Et
344 2258 626 2298 quamquam
656 2258 875 2298 propero,
909 2257 1026 2297 rogo
1062 2254 1217 2287 tamen
1248 2254 1296 2287 ut
1323 2248 1462 2288 unius
1492 2248 1797 2288 mulierculae

159 2319 322 2359 audias
353 2318 680 2359 constantiam.
705 2318 819 2358 Erat
840 2318 956 2358 haec
978 2318 1025 2358 in
1045 2319 1158 2358 urbe
1181 2330 1274 2358 non
1295 2319 1474 2370 ignota;
1498 2325 1696 2371 accepta
1720 2331 1798 2359 au-

156 2398 249 2430 tem
279 2390 364 2430 sub
385 2401 634 2441 uesperum
668 2389 912 2429 cuiusdam
939 2389 1124 2429 sabbati
1152 2390 1366 2441 coniugis
1394 2397 1558 2441 morte,
1583 2402 1721 2442 quem
1752 2391 1798 2430 in

153 2461 342 2502 Christo
364 2461 586 2511 diligebat
609 2461 724 2511 (erat
746 2461 868 2500 enim
889 2467 933 2501 et
956 2461 1054 2512 ipse
1075 2461 1146 2501 uir
1173 2462 1292 2513 pius,
1324 2474 1378 2502 ac
1405 2467 1503 2502 tum
1523 2462 1798 2513 negotiatio-

155 2533 227 2573 nis
251 2533 403 2583 gratia
430 2542 625 2583 peregre
648 2531 919 2583 profectus),
944 2538 1134 2583 repente
1155 2532 1212 2573 D.
1238 2532 1483 2573 Francisci
1504 2533 1715 2573 habitum
1732 2533 1796 2573 in-

155 2605 269 2653 duit,
291 2616 359 2653 ac,
380 2602 537 2643 mundi
559 2603 968 2654 superstitionibus
989 2604 1102 2644 nihil
1121 2610 1319 2656 morata,
1339 2616 1394 2644 ea
1410 2604 1659 2654 dominica,
1679 2616 1798 2656 quae

154 2675 368 2727 proxime
403 2681 599 2725 sequuta
622 2681 707 2723 est,
732 2675 791 2714 ad
812 2676 1037 2726 templum
1052 2682 1266 2716 nostrum
1297 2675 1512 2726 accessit,
1543 2675 1797 2728 auditaque

153 2746 399 2795 concione,
436 2745 726 2796 caeterisque
760 2757 844 2797 pro
872 2758 1003 2786 more
1031 2758 1116 2787 suo
1137 2746 1291 2797 factis,
1317 2747 1507 2787 domum
1528 2747 1680 2797 1·ediit;
1705 2759 1795 2798 quo

153 2829 261 2857 curn
283 2817 402 2856 irent
422 2815 555 2867 quasi
578 2817 911 2857 consolationis
941 2818 1115 2870 aliquid
1147 2819 1376 2858 allaturae
1406 2818 1527 2857 aliae
1559 2818 1795 2866 mulieres,

151 2888 268 2928 nihil
301 2888 409 2927 fictu
437 2894 481 2927 et
519 2887 777 2939 lachrymis
812 2899 929 2939 opus
960 2901 1077 2940 esse,
1113 2890 1265 2940 mag1s
1293 2895 1450 2929 autem
1477 2886 1579 2928 Deo
1613 2889 1796 2940 gratias

151 2959 379 3010 agendas,
403 2959 532 2998 uultu
553 2958 739 3010 quidem
765 2960 1019 3012 moderato,
1045 2962 1200 3002 animo
1222 2972 1336 3001 uero
1358 2960 1500 3000 etiam
1521 2960 1569 3000 in
1589 2960 1795 3001 Domino
