2047 3179
223 115 295 151 424
742 115 969 153 LITTERAE
987 127 1344 160 QUADRIMESTRES

226 212 545 263 fundamenta,
570 224 689 264 quae
710 214 1003 265 temporalia,
1027 226 1209 254 summa
1230 215 1308 254 illa
1337 215 1522 254 bonitas
1553 219 1597 254 et
1628 214 1861 264 sapientia

229 295 310 335 per
331 294 417 324 nos
434 282 598 334 jecerit
624 283 907 325 Placentiae.
931 285 1065 326 Nunc
1082 297 1208 335 uero,
1241 296 1346 325 cum
1381 284 1543 325 eadem
1571 285 1648 325 illa
1671 285 1743 325 his
1764 285 1860 325 lite-

229 356 294 394 ris
315 355 639 407 persequenda
661 356 767 406 sint,
792 362 861 396 est
879 368 993 396 sane
1012 356 1133 407 quod
1151 355 1253 396 Deo
1270 362 1431 396 nostro
1448 356 1663 404 ingentes
1681 356 1865 407 gratias

232 437 444 477 agamus,
469 427 547 478 qui
581 438 676 466 non
703 427 855 466 minus
883 427 1125 477 copiosam
1159 427 1404 467 materiam
1433 428 1627 467 1111111361
1659 427 1859 467 scriben-

232 497 340 537 dum
363 505 602 548 suggerat.
627 498 722 538 Nec
744 498 866 537 enim
890 498 1059 538 minori
1089 498 1359 539 accessione
1386 499 1475 538 hoc
1502 510 1621 550 opus
1652 497 1864 550 procedit

233 569 280 608 in
301 569 413 619 dies,
437 580 577 620 quam
598 569 673 608 ille
694 569 834 608 ardor
865 569 963 618 suit,
989 581 1079 620 quo
1102 569 1368 610 felicissirne
1389 570 1659 610 inchoatum
1688 575 1771 609 est.
1796 568 1864 608 In·

234 640 447 689 telligunt
485 641 623 691 plane
658 640 867 680 uniuersi
901 641 1030 680 ciues
1068 653 1209 692 quam
1244 642 1302 681 sit
1345 641 1468 681 uitae
1503 642 1623 681 ratio
1660 641 1866 690 diuersa,

237 723 376 762 quam
398 711 612 751 diuersus
639 711 848 751 omnium
885 712 1101 752 ordinum
1128 719 1172 752 et
1201 720 1408 752 actatum
1434 713 1694 761 conuictuS,
1727 723 1866 763 quam

237 783 328 822 alia
351 782 654 823 consuetudo.
678 781 846 822 Rarior
865 781 1319 833 estjuramentorum
1333 784 1519 833 abusus,
1540 783 1747 823 rariores
1762 794 1867 822 con-

237 854 483 903 tentiones,
508 854 655 904 rixae,
687 854 1023 895 detractiones:
1057 867 1175 906 quae
1207 856 1394 907 quidem
1427 863 1584 907 pestes
1605 861 1750 894 totam
1772 853 1870 893 fere

238 925 403 965 vrbem
423 925 648 965 latissime
670 932 959 977 occuparant
984 925 1079 978 jam
1102 927 1226 967 olim.
1251 926 1411 967 Diuini
1433 927 1573 966 etiam
1603 927 1755 966 cultus
1777 936 1868 964 ma-

236 996 309 1048 jor
330 1008 443 1037 cura
465 1002 535 1036 est
555 1007 696 1047 quam
716 996 869 1036 fuerat
902 998 1131 1048 proximis
1159 998 1230 1038 his
1257 998 1560 1049 temporibus,
1585 997 1740 1043 cautio
1763 997 1874 1036 item

240 1069 287 1108 in
308 1068 434 1108 omni
455 1079 595 1119 opere
615 1066 778 1119 major.
802 1067 1070 1109 Audiuntur
1087 1069 1270 1109 ardenti
1286 1069 1488 1120 quodam
1512 1069 1663 1109 studio
1681 1067 1876 1108 Patrum

242 1139 508 1179 conciones.
533 1138 724 1189 Eorum,
748 1139 825 1190 qui
855 1139 1175 1189 confessiones
1196 1140 1510 1192 frequentant,
1540 1145 1698 1180 tantus
1719 1150 1875 1178 nume-

241 1221 321 1250 rus
351 1216 421 1251 est
451 1216 501 1251 ut
521 1221 605 1251 sex
626 1210 854 1262 patribus,
879 1211 957 1262 qui
986 1211 1110 1251 domi
1145 1217 1266 1262 sunt,
1299 1211 1508 1262 exceptis
1529 1210 1769 1259 fratribus,
1794 1210 1876 1249 uix

241 1273 380 1322 liceat
400 1293 485 1333 per
504 1287 689 1333 tempus
711 1288 859 1322 statas
880 1293 1045 1333 preces
1067 1282 1123 1323 de
1144 1294 1274 1323 more
1301 1282 1473 1323 cotidie
1495 1283 1693 1322 solvere.

323 1353 493 1394 Paucis
508 1353 669 1394 diebus
683 1359 791 1393 ante
804 1354 1217 1405 quadragesimam
1230 1353 1356 1405 Mag.
1374 1353 1602 1405 Baptista,
1622 1365 1648 1392 3
1666 1352 1714 1393 Ρ.
1734 1351 1879 1392 Fran-

244 1426 371 1466 cisco
393 1423 534 1476 Borja
557 1430 783 1465 euocatus
803 1424 1049 1476 Hispalim,
1074 1426 1163 1465 hac
1184 1426 1272 1465 iter
1293 1425 1512 1475 faciebat,
1533 1437 1558 1465 a
1576 1436 1668 1476 quo
1686 1424 1773 1464 uiri
1790 1423 1880 1475 pri-

244 1497 380 1538 marii
401 1496 540 1548 hujus
561 1496 809 1547 ecclesiae,
835 1508 954 1548 quae
976 1497 1202 1537 dioecesis
1224 1503 1365 1548 caput
1386 1503 1469 1547 est,
1494 1497 1574 1536 uix
1594 1496 1752 1536 multis
1779 1506 1879 1546 pre-

245 1570 377 1609 cibus
398 1569 709 1620 impetrarunt
730 1574 779 1608 ut
800 1568 921 1608 diem
937 1580 1082 1609 unum
1102 1568 1370 1609 Placentiae
1392 1568 1759 1609 concionaturus
1787 1578 1883 1606 mo-

245 1647 446 1691 raretur;
471 1640 642 1681 accidit
663 1646 820 1680 autem
840 1647 890 1680 ut
911 1641 949 1680 is
969 1640 1090 1680 foret
1112 1640 1259 1681 festus
1280 1641 1393 1689 dies3
1418 1640 1535 1680 duas
1556 1639 1699 1691 igitur
1720 1638 1884 1678 habuit

246 1712 512 1752 conciones:
533 1712 580 1752 in
597 1712 818 1763 religioso
837 1711 1039 1763 quodam
1055 1712 1344 1752 monasterio
1361 1723 1517 1762 unam,
1543 1713 1741 1751 alteram
1762 1710 1809 1750 in
1831 1721 1886 1749 ea

246 1784 444 1824 ecclesia
458 1795 598 1835 quam
611 1795 758 1835 nuper
773 1783 1027 1834 nominaui,
1041 1795 1157 1835 quas
1169 1795 1275 1824 cum
1288 1783 1510 1833 audisset,
1526 1783 1721 1822 multum
1731 1781 1888 1821 solatii

247 1855 370 1907 cepit
386 1855 609 1895 uniuersa
626 1855 807 1899 ciuitas.
828 1855 1071 1895 molestiae
1087 1866 1200 1895 uero
1218 1867 1311 1894 non
1328 1855 1480 1895 minus
1499 1865 1605 1894 cum
1627 1853 1889 1904 accepisset

243 1927 341 1979 jam
359 1925 458 1978 jam
479 1926 607 1966 illum
628 1925 960 1967 discessurum.
986 1926 1220 1967 Continuo
1243 1937 1357 1977 ergo
1375 1932 1567 1966 senatus
1585 1925 1783 1975 cogitur.
1802 1923 1889 1964 Re-

249 2005 404 2038 ctores
420 2004 465 2038 et
479 1998 788 2048 magistratus
810 1998 938 2037 vrbis
961 1998 1019 2038 ad
1038 2009 1123 2038 nos
1140 1997 1347 2045 ueniunt,
1366 2004 1496 2037 tanta
1515 1996 1635 2048 septi
1650 1995 1891 2036 hominum

250 2070 528 2121 frequentia,
552 2075 602 2109 ut
623 2070 847 2109 tumultus
870 2069 1037 2121 aliquis
1059 2069 1323 2109 concitatus
1344 2068 1495 2108 uideri
1516 2074 1674 2120 posset
1697 2077 1890 2118 congre-

251 2147 413 2189 gatam
434 2141 777 2181 multitudinem
806 2141 1052 2192 spectanti.
1091 2139 1279 2180 Patrem
1300 2140 1605 2180 Villanovam
1635 2139 1778 2179 totius
1807 2137 1892 2178 rei·

251 2213 466 2264 publicae
487 2213 676 2252 nomine
699 2220 836 2252 orant
858 2224 915 2252 ne
946 2212 1207 2264 Baptistam
1235 2211 1326 2251 alio
1354 2211 1521 2260 mittat,
1546 2222 1664 2250 neue
1685 2209 1895 2261 patiatur

254 2285 363 2324 hinc
387 2284 630 2324 discedere
651 2284 690 2323 si
715 2283 977 2335 oppidanos
999 2295 1160 2324 omnes
1182 2294 1355 2334 magno
1377 2283 1515 2322 uellet
1537 2281 1763 2322 beneficio
1785 2280 1894 2320 obli-

253 2368 383 2407 gare.
407 2356 508 2396 Hos
529 2361 810 2396 consecutus
846 2362 915 2395 est
936 2355 1144 2395 vrbanus
1166 2354 1364 2395 Praetor
1392 2365 1498 2395 cum
1525 2353 1814 2405 principibus
1835 2352 1895 2391 ci-

255 2428 432 2468 uitatis:
468 2427 557 2468 1106
593 2427 650 2467 ab
679 2427 781 2479 ipsa
811 2427 1009 2467 ecclesia
1041 2438 1221 2467 summa
1250 2425 1452 2478 quadam
1483 2424 1781 2465 contentione
1818 2435 1895 2476 po-

256 2501 471 2540 stulatur:
496 2499 662 2551 quibus
684 2499 900 2539 omnibus
920 2498 1059 2538 Pater
1076 2497 1316 2550 respondit
1329 2497 1564 2548 integrum
1582 2496 1668 2536 sibi
1686 2507 1780 2536 non
1796 2507 1901 2535 esse

257 2572 314 2610 iis
337 2570 525 2611 obuiam
547 2571 629 2621 ire,
650 2582 768 2622 quae
789 2569 838 2610 P.
863 2569 1148 2609 Franciscus
1166 2569 1331 2620 cuique
1353 2569 1401 2608 in
1423 2567 1657 2608 mandatis
1679 2567 1898 2607 dedisset.

260 2642 344 2682 His
367 2642 553 2692 auditis,
577 2641 813 2682 hominem
835 2641 1118 2688 conducunt,
1145 2640 1222 2692 qui
1244 2639 1431 2680 Patrem
1454 2639 1705 2679 conueniat
1726 2638 1803 2683 ubi
1822 2637 1904 2678 ubi

263 2714 336 2764 sit,
367 2720 411 2752 et
440 2724 581 2764 quam
611 2712 828 2752 maximis
856 2711 1003 2763 possit
1026 2711 1269 2751 itineribus
1290 2711 1552 2762 Baptistam
1586 2710 1763 2749 anteire
1794 2719 1902 2748 con-

262 2784 439 2824 tendat.
472 2784 639 2824 Petunt
668 2795 720 2823 ea
751 2795 778 2822 a
808 2782 857 2822 P.
888 2782 1160 2832 Francisco,
1194 2794 1315 2834 quae
1345 2793 1506 2822 coram
1527 2793 1553 2820 a
1576 2780 1624 2821 P.
1651 2780 1904 2820 Villanoua

267 2855 422 2894 multis
440 2854 595 2894 uerbis
623 2855 931 2906 postularant:
964 2865 1155 2905 sperare
1183 2864 1246 2903 se,
1279 2852 1503 2902 scribunt,
1540 2851 1692 2902 magis
1726 2851 1773 2891 in
1807 2849 1910 2889 diesv

267 2924 564 2978 profecturos
586 2925 624 2964 si
645 2924 784 2976 Resp.
806 2925 896 2964 ista
918 2924 1177 2964 christiana
1194 2925 1335 2964 talem
1356 2924 1498 2975 digna
1520 2928 1642 2963 esset
1659 2921 1903 2962 conciona-
