2047 3179
231 175 302 213 564
750 175 977 212 LITTERAE
991 185 1349 219 QUADRiMEs'rREs

231 271 457 323 chrymae
477 271 681 322 plurium
701 272 848 312 oculis
869 279 1183 324 erumpentes,
1202 271 1405 323 gemitus
1432 277 1477 312 et
1513 273 1608 313 alta
1643 274 1869 324 suspiria„

230 342 368 383 fidem
389 342 483 382 iam
503 342 656 383 dictae
678 343 745 383 rei
778 343 893 383 satis
915 343 1240 394 comprobant.

309 412 367 454 D.
391 413 622 454 Martinus
657 413 1004 455 Steuordiensis
1033 413 1041 432 ¹
1078 421 1121 453 et
1149 413 1355 466 Joannes
1390 413 1592 463 Dirsius,
1631 415 1865 465 dignitate

229 485 617 525 sacerdotalihac
639 491 816 526 aestate
839 485 1064 536 insigniti,
1089 484 1177 524 hoc
1199 484 1246 524 in
1263 484 1412 524 officio
1432 486 1744 526 concionandi
1764 498 1867 527 uer—

228 562 407 597 santur:
431 557 516 596 hos
539 562 792 608 sequentur
814 567 923 596 mox
944 562 987 595 et
1009 555 1087 595 alii
1104 556 1289 602 fratres,
1314 567 1430 607 quos
1448 556 1668 608 frequens
1685 557 1867 598 exerci-

227 628 341 668 tatio
363 628 484 668 intra
507 628 718 680 priuatos
740 630 945 679 parietes
968 627 1119 667 reddit
1146 626 1206 666 ad
1241 627 1327 667 hoc
1364 639 1532 667 munus
1555 628 1738 679 publice
1763 629 1868 669 sub-

228 700 431 740 eundum
464 699 616 749 magis
651 711 705 739 ac
741 699 892 749 magis
914 698 1122 738 idoneos.
1166 697 1334 738 Parem
1369 698 1440 738 his
1475 699 1649 739 nostris
1691 699 1738 739 in
1778 701 1867 740 hoc

226 778 389 811 sancto
412 770 562 811 officio
592 770 761 810 ciuitas
796 770 912 810 haec
946 770 1085 810 habet
1119 770 1366 818 neminem,
1406 770 1504 810 siue
1542 770 1728 812 dicendi
1757 782 1864 822 gra—

225 842 353 891 tiam,
395 843 495 882 siue
539 841 795 882 efficaciam
835 842 1083 890 sermonis,
1130 841 1230 881 siue
1270 842 1531 881 ubertatem
1565 853 1723 882 rerum
1765 854 1864 893 spe-

225 919 425 954 ctemus.

303 985 423 1025 Hinc
446 996 559 1036 ergo
583 985 871 1036 frequentior
904 996 1016 1024 usus
1038 992 1082 1024 et
1113 984 1422 1024 confessionis
1456 990 1500 1024 et
1536 995 1702 1024 sacrae
1738 996 1863 1025 com-

221 1056 456 1096 munionis
477 1057 674 1096 resultat
694 1056 740 1095 in
762 1056 950 1107 populo,
977 1057 1173 1095 multum
1196 1055 1255 1096 ad
1277 1056 1365 1095 hoc
1397 1062 1684 1106 prouocaute
1708 1068 1861 1098 exem-

222 1128 297 1179 plo
320 1128 519 1167 fratrum
540 1133 825 1175 nostrorum,
860 1138 979 1178 quos
1010 1135 1105 1166 tani
1138 1127 1305 1166 crebro
1337 1132 1560 1178 tantaque
1594 1127 1859 1167 reuerentia

220 1200 419 1251 populus
440 1198 567 1239 uidet
589 1199 937 1239 sanctissimum
958 1198 1047 1238 hoc
1068 1197 1428 1239 Sacramentum
1451 1199 1710 1249 percipere.
1740 1199 1798 1239 Et
1820 1200 1859 1239 si

220 1282 383 1311 uerum
404 1271 512 1311 licet
532 1270 684 1321 fateri,
704 1271 919 1322 equidem
942 1270 1101 1310 nescio
1124 1270 1162 1309 si
1186 1271 1257 1309 uel
1285 1270 1458 1310 alicubi
1479 1270 1526 1310 in
1556 1270 1630 1309 his
1657 1270 1858 1321 regioni-

218 1342 304 1382 bus
326 1348 596 1382 reuerenter
626 1342 894 1393 suscipitur,
927 1341 1006 1381 ubi
1027 1342 1153 1381 nulla
1174 1352 1376 1392 syncera
1398 1346 1442 1380 et
1474 1341 1660 1391 integra
1695 1353 1855 1392 pecca·

217 1421 370 1453 torum
392 1413 623 1453 confessio
647 1413 711 1463 (ut
732 1413 1031 1453 metuendum
1053 1412 1137 1462 est)
1160 1412 1345 1452 uidetur
1367 1412 1549 1452 animos
1568 1412 1771 1452 fidelium
1794 1413 1855 1453 ad

215 1485 261 1525 id
282 1492 497 1525 sanctum
520 1496 637 1535 opus
659 1485 745 1524 rite
768 1496 1067 1536 praeparare.
1093 1483 1267 1524 Omnes
1289 1483 1413 1524 enirn
1434 1483 1610 1534 passim
1635 1495 1683 1524 se
1710 1484 1855 1535 probe

214 1557 456 1597 confessos
479 1557 781 1605 arbitrantur,
806 1562 851 1596 et
873 1555 1182 1596 absolutionis
1204 1555 1428 1595 beneficio
1451 1555 1635 1605 dignos,
1666 1555 1704 1594 si
1728 1555 1853 1595 dixe·
1910 1550 1913 1552 ’

214 1628 304 1668 rint
324 1628 641 1679 perfunctorie
663 1628 908 1667 dumtaxat
925 1639 974 1666 se
992 1627 1116 1667 mille
1134 1626 1282 1666 modis
1299 1626 1458 1666 diuina
1475 1632 1728 1677 praecepta
1747 1638 1850 1666 esse

211 1706 536 1749 transgressos
564 1700 638 1738 uel
660 1698 834 1749 aliquid
855 1698 1138 1738 huiusmodi.
1162 1697 1219 1737 Et
1240 1703 1288 1737 ut
1324 1709 1495 1737 coecus
1533 1709 1675 1737 coeco
1712 1697 1851 1738 duca-

211 1777 307 1811 tum
328 1777 550 1822 praestet,
575 1776 618 1810 et
641 1771 777 1810 ambo
800 1771 846 1810 in
867 1769 1053 1810 foueam
1075 1769 1261 1819 cadant,
1286 1769 1530 1810 inueniunt
1557 1769 1646 1820 ipsi
1677 1768 1849 1809 sacrifi—

209 1854 303 1893 cos,
327 1843 405 1894 qui
428 1843 494 1882 sic
517 1841 844 1882 confitentibus
862 1853 1052 1882 manum
1070 1841 1194 1881 dicto
1218 1841 1353 1880 citius
1371 1841 1633 1891 imponant.
1655 1840 1751 1880 Imo
1769 1841 1849 1880 uix

208 1915 324 1954 alios
347 1920 415 1954 est
436 1914 662 1961 inuenire,
687 1913 764 1964 qui
788 1913 1040 1964 prudenter
1067 1911 1401 1961 examinando,
1436 1912 1690 1952 ruditatem
1726 1924 1847 1952 com-

206 1991 402 2037 pensent
424 1998 478 2025 ac
501 1986 748 2037 suppleant
777 1984 1114 2024 confitentium.

285 2057 356 2106 Et,
382 2057 507 2108 quod
528 2057 587 2096 ad
609 2056 885 2096 confitentes
913 2056 1093 2104 attinet,
1119 2055 1329 2095 nonnulli
1366 2054 1483 2095 adeo
1520 2055 1756 2095 mordicus
1778 2067 1852 2096 re-

204 2128 351 2169 tinent
372 2130 510 2169 istam
532 2129 801 2179 generalem
823 2126 1074 2167 confitendi
1092 2127 1340 2176 rationem,
1366 2133 1414 2166 ut
1443 2126 1584 2166 aliam
1613 2133 1657 2166 et
1690 2127 1846 2167 catho-

203 2200 342 2241 licam
364 2200 421 2239 ab
442 2199 556 2250 ipsis
578 2205 858 2250 extorquere
878 2199 1144 2238 nullatenus
1162 2197 1330 2249 possis,
1356 2204 1404 2237 ut
1427 2197 1655 2248 proximis
1684 2197 1846 2238 diebus

202 2272 249 2312 in
265 2272 438 2322 templo
456 2278 617 2311 nostro
635 2276 926 2322 compertum
944 2276 1013 2310 est
1031 2269 1261 2310 accidisse
1282 2269 1329 2309 in
1347 2268 1549 2320 quodam
1566 2269 1685 2319 vir0,
1705 2281 1843 2321 quem

202 2342 443 2383 confessor
465 2343 564 2394 ipse
586 2353 672 2382 nec
700 2341 858 2391 minis,
888 2353 974 2381 nec
1003 2341 1239 2393 precario,
1271 2340 1493 2380 inducere
1522 2341 1672 2391 potuit
1700 2346 1748 2380 ut
1770 2342 1844 2381 uel

201 2425 343 2454 unam
365 2414 569 2465 speciem
590 2413 773 2464 peccati
795 2412 1093 2464 exprimeret,
1118 2412 1309 2452 tametsi
1346 2410 1549 2452 fortasse
1580 2410 1705 2451 haud
1734 2423 1844 2463 pau-

201 2486 269 2525 cis
303 2491 426 2525 esset
461 2491 699 2525 oneratus.
729 2484 1072 2524 Verumtamen
1105 2483 1203 2523 fere
1234 2495 1396 2523 omnes
1433 2482 1622 2523 monitis
1659 2483 1841 2534 acquie-

200 2563 336 2596 scunt
359 2556 659 2597 sacerdotum
682 2562 966 2603 nostrorum,
991 2561 1035 2595 et
1053 2566 1101 2595 se
1137 2555 1320 2605 integre
1352 2554 1626 2594 examinare
1662 2554 1840 2605 patiun-

199 2634 289 2677 tur,
314 2639 630 2679 magnamque
652 2627 759 2667 hinc
782 2627 1021 2678 accipiunt
1043 2626 1418 2666 consolationem
1439 2626 1485 2665 in
1508 2626 1692 2677 spiritu,
1717 2625 1842 2677 quod

199 2699 286 2737 hac
304 2700 487 2739 ratione
511 2712 535 2738 a
556 2699 713 2738 multis
737 2698 877 2747 vitiis,
897 2710 1016 2749 quae
1040 2697 1292 2738 confitendi
1314 2697 1579 2737 inueterata
1613 2697 1702 2736 ista
1735 2709 1840 2737 con-

198 2770 394 2810 suetudo
417 2770 673 2810 retinuerat
695 2771 879 2810 occulta
902 2770 975 2809 uel
997 2769 1233 2819 ignorata,
1259 2781 1307 2809 se
1336 2769 1526 2808 liberari
1554 2768 1837 2819 intelligant.

252 2951 259 2969 ¹
300 2950 469 2978 Martinus
483 2952 652 2983 Gcwarts.
666 2952 918 2981 Stevordiensis
931 2960 990 2980 seu
1003 2952 1253 2980 Stevordianus
1270 2960 1304 2980 ·a
1317 2953 1393 2980 vico
1407 2951 1582 2987 §tex-cort,
1595 2952 1760 2980 dioecesis
1772 2954 1838 2980 leo-

197 2997 332 3030 diensisy
351 3006 390 3025 cx
407 3007 470 3033 quo
487 3006 581 3027 ortus
597 3005 677 3027 est».
694 3001 979 3032 Bn2zt·xse1zizr;en.
996 3001 1016 3027 l.
1033 3008 1073 3034 ο,
1088 3008 1168 3034 pag.
1184 3000 1246 3028 367.
1263 3000 1350 3028 Vide
1364 3002 1466 3028 etiarn
1483 3008 1597 3035 supra,
1614 3004 1671 3036 t.1,
1685 3008 1762 3036 pag.
1776 3001 1826 3028 1-16
