2047 3179
268 194 338 231 046
786 194 1014 232 L11TERAE
1030 205 1389 239 QUADRIMEs‘rREs

272 291 504 331 docebant
526 302 606 331 eos
619 291 780 331 decem
798 299 1049 343 praecepta
1068 291 1296 342 decalogi,
1319 291 1484 343 quibus
1502 292 1593 331 visi
1609 299 1717 331 sunt
1736 291 1911 343 aliquid

271 362 517 413 profuisse,
542 363 820 414 praesertim
843 363 1029 403 cuidam
1052 363 1151 402 seni
1174 369 1328 412 acuto,
1353 374 1458 402 cum
1481 374 1571 414 quo
1602 369 1910 414 posteaquam

271 445 412 485 saepe
452 433 739 485 disputatum
774 435 875 484 suit,
913 435 1029 474 dixit
1066 433 1256 473 tandem
1292 445 1340 473 se
1375 433 1628 473 decernere
1660 446 1717 473 ex
1754 434 1911 473 animo

273 505 522 556 complecti
543 505 680 545 fidem
709 505 898 546 Christi.
934 505 1036 545 Non
1070 505 1228 545 dubito
1262 506 1431 544 multos
1463 517 1520 544 ex
1554 505 1620 544 cis
1649 504 1913 544 vberrimos

272 575 452 616 fructus
474 588 576 616 esse
599 583 823 628 capturos
845 589 902 616 ex
922 577 1081 616 labore
1099 576 1304 625 assiduo,
1325 576 1383 615 ab
1402 576 1556 626 aliquo
1577 588 1634 615 ex
1653 582 1812 616 nostra
1831 573 1909 615 So-

274 647 442 688 cietate
464 655 698 700 suscepto,
723 649 769 688 in
791 649 880 688 illis
902 648 1189 688 instruendis
1211 647 1257 687 in
1280 647 1382 687 fide.

354 718 461 759 Duo
484 719 649 760 Patres
671 731 727 759 ex
756 719 891 759 nobis
923 719 1072 770 pridie
1104 719 1195 758 diei
1230 719 1355 759 sacri
1389 718 1578 769 Virgini
1606 718 1805 767 Mariae,
1836 718 1913 769 qui

274 802 432 831 mense
473 790 691 841 Augusto
732 791 997 830 celebratur
1018 823 1025 840 ,
1073 789 1275 830 Deniam
1321 797 1644 839 accesserunt,
1695 790 1773 841 qui
1818 789 1916 829 suis

274 862 580 902 concionibus
600 862 938 914 frequentibus,
962 862 1203 902 auditione
1225 861 1546 901 confitentium
1569 869 1764 912 peccata
1783 867 1828 901 et
1851 861 1915 900 in·

274 934 532 974 structione
554 934 796 974 doctrinae
819 933 1107 974 christianae
1141 934 1395 985 plurimum
1426 934 1493 983 (vt
1521 944 1579 972 ex
1607 933 1762 972 multis
1792 931 1914 972 colli-

274 1016 385 1056 gere
416 1005 559 1056 licuit)
590 1005 691 1045 Deo
722 1006 848 1056 grati
878 1005 1081 1046 fuerunt.
1119 1003 1239 1045 Sunt
1273 1016 1435 1045 omnes
1465 1005 1529 1044 illi
1565 1004 1768 1044 Deniani
1798 1004 1916 1044 bene

275 1076 448 1127 affecti,
472 1083 782 1129 posteaquam
802 1088 889 1116 nos
910 1077 1014 1117 illos
1048 1077 1254 1116 salutare
1286 1076 1540 1128 coepimus,
1575 1075 1634 1116 ad
1662 1075 1913 1127 suscipien-

274 1148 383 1189 dam
403 1160 568 1189 veram
588 1148 872 1189 doctrinam:
898 1160 1097 1200 quorum
1119 1148 1243 1189 dicta
1266 1154 1310 1188 et
1329 1147 1456 1189 facta
1479 1154 1640 1199 aperte
1670 1147 1914 1188 declarant

274 1232 413 1272 quam
436 1220 740 1260 vehementer
760 1220 894 1260 nobis
916 1220 1131 1260 omnibus
1153 1220 1246 1260 sint
1267 1219 1456 1260 addicti.

355 1291 490 1342 Quod
512 1292 571 1332 ad
593 1291 759 1332 Patres
781 1299 825 1331 et
845 1291 1016 1332 fratres
1048 1291 1229 1342 attinet,
1259 1291 1383 1331 scias
1412 1302 1573 1331 omnes
1601 1290 1919 1342 peculiaribus

274 1363 661 1414 occupationibus
683 1363 895 1414 detineri,
920 1375 1030 1403 nam
1052 1363 1130 1415 qui
1153 1363 1302 1403 literis
1319 1362 1612 1412 incumbunt,
1635 1360 1744 1414 [qui]
1763 1362 1914 1402 lectio-

274 1435 411 1475 nibus
433 1434 727 1486 theologicis,
751 1435 979 1475 habentes
1001 1441 1226 1486 perpetuo
1248 1434 1479 1475 rationem
1500 1434 1728 1474 Virtutum
1749 1440 1792 1473 et
1814 1445 1917 1485 pro-

277 1507 409 1558 priae
430 1507 773 1558 abnegationis,
798 1507 845 1546 in
873 1506 1104 1557 omnibus,
1136 1506 1291 1558 quoad
1319 1505 1418 1546 eius
1452 1505 1552 1545 fieri
1584 1510 1750 1557 potest,
1785 1516 1835 1545 se
1857 1504 1917 1544 ad

275 1578 538 1618 institutum
552 1578 878 1618 sanctissimae
890 1577 1142 1618 Societatis
1156 1578 1519 1618 conformantes.
1535 1575 1748 1617 Sacrifici
1759 1582 1916 1616 autem

275 1650 322 1690 in
342 1650 490 1690 variis
511 1656 555 1689 et
577 1650 734 1690 multis
763 1649 1156 1699 confessionibus,
1188 1649 1234 1688 in
1262 1647 1584 1688 subueniendo
1611 1648 1682 1698 iis,
1715 1648 1794 1699 qui
1823 1647 1919 1688 iam

275 1722 481 1762 animam
504 1728 665 1772 agunt,
695 1721 743 1761 in
763 1733 881 1773 pace
903 1721 1024 1761 inter
1045 1721 1264 1761 inimicos
1286 1720 1627 1772 componenda,
1653 1725 1791 1771 atque
1813 1719 1919 1759 aliis

275 1800 402 1833 recte
423 1792 576 1844 factis,
601 1792 645 1833 in
669 1792 836 1845 quibus
859 1803 1033 1843 magna
1056 1792 1235 1832 Vtilitas
1253 1792 1533 1842 continetur,
1554 1797 1702 1831 totum
1721 1802 1833 1831 suae
1849 1791 1916 1830 vi-

275 1870 351 1905 tae
371 1871 556 1916 tempus
577 1865 843 1905 absumunt.
864 1864 1075 1904 Docetur
1091 1875 1275 1904 summo
1293 1862 1446 1903 studio
1465 1869 1509 1902 et
1528 1862 1769 1913 diligentia
1786 1861 1917 1902 fami-

276 1936 456 1976 liariter
485 1948 511 1976 a
539 1936 673 1976 nobis
703 1936 866 1977 diebus
893 1936 1142 1976 dominicis
1170 1942 1214 1975 et
1244 1935 1349 1975 aliis
1384 1934 1515 1974 festis
1550 1934 1764 1974 doctrina
1800 1934 1919 1974 chri-

276 2008 430 2048 stiana
457 2007 693 2059 frequenti
721 2007 970 2057 auditorio,
1004 2019 1096 2047 non
1126 2018 1381 2057 puerorum
1410 2006 1566 2056 modo,
1595 2005 1675 2045 sed
1706 2005 1918 2045 virorum

277 2079 419 2119 etiam
435 2085 575 2130 atque
595 2079 858 2129 mulierum,
884 2079 940 2118 de
962 2090 1053 2130 qua
1077 2079 1123 2118 in
1145 2078 1320 2118 nostris
1351 2077 1546 2117 aedibus
1576 2077 1726 2117 sacris
1754 2076 1920 2116 diebus

277 2151 525 2191 dominicis
546 2150 662 2190 hora
684 2150 782 2190 fere
804 2150 942 2189 tertia
965 2161 990 2189 a
1014 2148 1207 2189 meridie
1230 2148 1446 2200 publicae
1476 2148 1706 2188 habentur
1734 2147 1918 2188 concio-

278 2233 377 2271 nes,
403 2221 460 2261 ad
484 2233 601 2273 quas
632 2221 766 2261 multi
793 2220 1052 2260 audiendas
1080 2220 1331 2267 accedunt3
1365 2231 1451 2259 nec
1479 2219 1647 2259 minori
1675 2218 1828 2259 studio
1859 2218 1918 2258 ad

278 2305 374 2344 eas,
400 2305 519 2344 quae
541 2304 678 2333 mane
701 2292 947 2332 habentur.
973 2290 1142 2332 Paucis
1173 2291 1342 2331 abhinc
1371 2291 1532 2331 diebus
1559 2290 1717 2330 vocati
1746 2290 1920 2330 fuimus

279 2377 306 2404 a
325 2364 477 2405 iudice
498 2364 638 2405 huius
659 2370 851 2404 nostrae
873 2362 1102 2413 Gandiae,
1128 2371 1177 2403 vt
1201 2362 1449 2415 quemdam
1470 2361 1609 2402 morti
1640 2361 1919 2402 condemna-

278 2443 392 2486 tum,
417 2441 613 2487 peccata
635 2447 721 2476 sua
742 2435 953 2476 confiteri
976 2435 1227 2485 volentem,
1253 2434 1522 2474 audiremus
1550 2440 1594 2473 et
1620 2433 1661 2473 ei
1690 2433 1919 2473 morituro

280 2508 454 2548 nostris
477 2507 874 2547 admonitionibus
895 2518 1030 2558 opem
1052 2506 1296 2555 ferremus,
1321 2517 1461 2557 quam
1492 2504 1783 2557 prouinciam
1814 2515 1920 2544 cum

280 2579 371 2619 duo
401 2591 459 2620 ex
487 2579 661 2619 nostris
690 2578 908 2619 Patribus
937 2578 1270 2629 suscepissent,
1308 2589 1389 2629 per
1425 2583 1574 2617 totam
1608 2582 1793 2616 noctem
1828 2587 1922 2615 vna

280 2662 386 2691 cum
408 2656 542 2702 parte
564 2650 805 2702 sequentis
825 2649 931 2700 diei,
955 2649 1104 2689 donec
1127 2649 1289 2688 vltimo
1313 2648 1541 2700 supplicio
1561 2647 1838 2697 afficeretur,
1857 2647 1924 2687 ita

281 2727 388 2761 sunt
411 2733 517 2762 cum
540 2721 617 2761 illo
641 2721 862 2761 collocuti
886 2721 941 2761 de
964 2720 1195 2770 omnibus,
1220 2732 1339 2771 quae
1361 2720 1420 2759 ad
1443 2720 1642 2759 salutem
1665 2718 1807 2758 animi
1823 2729 1924 2769 per-

281 2792 506 2843 tinebant,
530 2799 582 2832 vt
608 2803 831 2843 magnam
863 2791 1050 2842 copiam
1072 2791 1441 2842 lachrymarum,
1479 2790 1798 2841 cognitionem
1827 2800 1924 2829 sce-

281 2865 444 2915 lerum,
470 2876 692 2916 spemque
715 2864 971 2904 maximam
993 2862 1132 2902 fuerit
1156 2867 1456 2902 consecutus.
1481 2860 1733 2901 Praeterea
1755 2870 1926 2911 cogno·

284 2934 348 2973 uit
369 2934 616 2975 manifeste
638 2935 825 2986 quantis
846 2933 1087 2974 beneficiis
1111 2945 1136 2972 a
1163 2932 1265 2972 Deo
1288 2932 1567 2983 afficeretur,
1588 2931 1711 2984 quod
1728 2942 1778 2971 se
1795 2930 1926 2971 cruci

283 3004 409 3055 affigi
431 3005 745 3056 permitteret:
769 3005 886 3044 adeo
907 3004 1073 3044 lubens
1094 3003 1153 3042 ad
1177 3003 1458 3055 supplicium
1488 3002 1756 3051 accedebat,
1787 3010 1836 3043 vt
1867 3003 1923 3043 de
