<?xml version="1.0" encoding="UTF-8"?>
<!DOCTYPE html PUBLIC "-//W3C//DTD XHTML 1.0 Transitional//EN"
    "http://www.w3.org/TR/xhtml1/DTD/xhtml1-transitional.dtd">
<html xmlns="http://www.w3.org/1999/xhtml" xml:lang="en" lang="en">
 <head>
  <title>
</title>
<meta http-equiv="Content-Type" content="text/html;charset=utf-8" />
  <meta name='ocr-system' content='tesseract 3.04.00' />
  <meta name='ocr-capabilities' content='ocr_page ocr_carea ocr_par ocr_line ocrx_word'/>
</head>
<body>
  <div class='ocr_page' id='page_1' title='image "./litteraequadrime15lain_0134.png"; bbox 0 0 2047 3179; ppageno 0'>
   <div class='ocr_carea' id='block_1_1' title="bbox 158 112 1288 159">
    <p class='ocr_par' dir='ltr' id='par_1_1' title="bbox 158 112 1288 159">
     <span class='ocr_line' id='line_1_1' title="bbox 158 112 1288 159; baseline 0.003 -9"><span class='ocrx_word' id='word_1_1' title='bbox 158 112 228 151; x_wconf 86' lang='lat'>128</span> <span class='ocrx_word' id='word_1_2' title='bbox 672 114 900 152; x_wconf 80' lang='lat' dir='ltr'>LITTERAE</span> <span class='ocrx_word' id='word_1_3' title='bbox 927 125 1288 159; x_wconf 76' lang='lat' dir='ltr'>QUADRIMESTRES</span> 
     </span>
    </p>
   </div>
   <div class='ocr_carea' id='block_1_2' title="bbox 149 209 1799 1258">
    <p class='ocr_par' dir='ltr' id='par_1_2' title="bbox 152 209 1799 760">
     <span class='ocr_line' id='line_1_2' title="bbox 157 209 1797 263; baseline 0.002 -14"><span class='ocrx_word' id='word_1_4' title='bbox 157 209 486 251; x_wconf 88' lang='lat' dir='ltr'>adhibendum.</span> <span class='ocrx_word' id='word_1_5' title='bbox 508 210 775 263; x_wconf 83' lang='lat' dir='ltr'>Postquam,</span> <span class='ocrx_word' id='word_1_6' title='bbox 795 211 926 251; x_wconf 88' lang='lat' dir='ltr'>iuxta</span> <span class='ocrx_word' id='word_1_7' title='bbox 943 223 1195 263; x_wconf 88' lang='lat' dir='ltr'>puerorum</span> <span class='ocrx_word' id='word_1_8' title='bbox 1212 217 1417 262; x_wconf 88' lang='lat' dir='ltr'>captum,</span> <span class='ocrx_word' id='word_1_9' title='bbox 1443 215 1512 250; x_wconf 93' lang='lat' dir='ltr'>est</span> <span class='ocrx_word' id='word_1_10' title='bbox 1533 210 1797 252; x_wconf 80' lang='lat' dir='ltr'>christiana</span> 
     </span>
     <span class='ocr_line' id='line_1_3' title="bbox 155 275 1799 334; baseline 0.002 -14"><span class='ocrx_word' id='word_1_11' title='bbox 155 279 372 321; x_wconf 90' lang='lat' dir='ltr'>doctrina</span> <span class='ocrx_word' id='word_1_12' title='bbox 392 281 605 332; x_wconf 84' lang='lat' dir='ltr'>recitata,</span> <span class='ocrx_word' id='word_1_13' title='bbox 627 281 773 322; x_wconf 85' lang='lat' dir='ltr'>frater</span> <span class='ocrx_word' id='word_1_14' title='bbox 794 281 984 334; x_wconf 91' lang='lat' dir='ltr'>quidam</span> <span class='ocrx_word' id='word_1_15' title='bbox 1005 288 1163 323; x_wconf 81' lang='lat' dir='ltr'>noster</span> <span class='ocrx_word' id='word_1_16' title='bbox 1193 282 1367 322; x_wconf 88' lang='lat' dir='ltr'>editum</span> <span class='ocrx_word' id='word_1_17' title='bbox 1394 282 1550 321; x_wconf 89' lang='lat' dir='ltr'>locum</span> <span class='ocrx_word' id='word_1_18' title='bbox 1573 275 1799 323; x_wconf 80' lang='lat' dir='ltr'>conscen—</span> 
     </span>
     <span class='ocr_line' id='line_1_4' title="bbox 156 351 1799 403; baseline 0.001 -11"><span class='ocrx_word' id='word_1_19' title='bbox 156 351 238 402; x_wconf 90' lang='lat' dir='ltr'>dit,</span> <span class='ocrx_word' id='word_1_20' title='bbox 267 358 312 392; x_wconf 89' lang='lat' dir='ltr'>et</span> <span class='ocrx_word' id='word_1_21' title='bbox 342 352 606 394; x_wconf 84' lang='lat' dir='ltr'>doctrinam</span> <span class='ocrx_word' id='word_1_22' title='bbox 633 354 941 394; x_wconf 86' lang='lat' dir='ltr'>christianam</span> <span class='ocrx_word' id='word_1_23' title='bbox 968 354 1224 394; x_wconf 89' lang='lat' dir='ltr'>maioribus</span> <span class='ocrx_word' id='word_1_24' title='bbox 1255 360 1366 393; x_wconf 90' lang='lat' dir='ltr'>natu</span> <span class='ocrx_word' id='word_1_25' title='bbox 1394 352 1623 403; x_wconf 86' lang='lat' dir='ltr'>prolixius</span> <span class='ocrx_word' id='word_1_26' title='bbox 1656 353 1799 394; x_wconf 74' lang='lat' dir='ltr'>inter-</span> 
     </span>
     <span class='ocr_line' id='line_1_5' title="bbox 153 423 1792 476; baseline 0.001 -13"><span class='ocrx_word' id='word_1_27' title='bbox 153 429 382 475; x_wconf 82' lang='lat' dir='ltr'>pretatur,</span> <span class='ocrx_word' id='word_1_28' title='bbox 419 425 543 476; x_wconf 90' lang='lat' dir='ltr'>quod</span> <span class='ocrx_word' id='word_1_29' title='bbox 578 431 687 465; x_wconf 88' lang='lat' dir='ltr'>ante</span> <span class='ocrx_word' id='word_1_30' title='bbox 716 425 763 465; x_wconf 92' lang='lat' dir='ltr'>in</span> <span class='ocrx_word' id='word_1_31' title='bbox 790 432 952 466; x_wconf 86' lang='lat' dir='ltr'>nostro</span> <span class='ocrx_word' id='word_1_32' title='bbox 975 425 1185 476; x_wconf 86' lang='lat' dir='ltr'>Collegio</span> <span class='ocrx_word' id='word_1_33' title='bbox 1207 424 1361 472; x_wconf 83' lang='lat' dir='ltr'>fiebat,</span> <span class='ocrx_word' id='word_1_34' title='bbox 1396 423 1478 463; x_wconf 88' lang='lat' dir='ltr'>sed</span> <span class='ocrx_word' id='word_1_35' title='bbox 1499 429 1693 476; x_wconf 90' lang='lat' dir='ltr'>propter</span> <span class='ocrx_word' id='word_1_36' title='bbox 1715 436 1792 465; x_wconf 89' lang='lat' dir='ltr'>an-</span> 
     </span>
     <span class='ocr_line' id='line_1_6' title="bbox 153 494 1792 548; baseline 0.001 -13"><span class='ocrx_word' id='word_1_37' title='bbox 153 495 336 547; x_wconf 82' lang='lat' dir='ltr'>gustias</span> <span class='ocrx_word' id='word_1_38' title='bbox 357 496 463 545; x_wconf 88' lang='lat' dir='ltr'>loci,</span> <span class='ocrx_word' id='word_1_39' title='bbox 487 496 566 548; x_wconf 89' lang='lat' dir='ltr'>qui</span> <span class='ocrx_word' id='word_1_40' title='bbox 586 502 655 536; x_wconf 93' lang='lat' dir='ltr'>tot</span> <span class='ocrx_word' id='word_1_41' title='bbox 677 508 846 548; x_wconf 82' lang='lat' dir='ltr'>capere</span> <span class='ocrx_word' id='word_1_42' title='bbox 866 507 960 536; x_wconf 92' lang='lat' dir='ltr'>non</span> <span class='ocrx_word' id='word_1_43' title='bbox 983 502 1187 548; x_wconf 87' lang='lat' dir='ltr'>poterat,</span> <span class='ocrx_word' id='word_1_44' title='bbox 1214 501 1406 536; x_wconf 91' lang='lat' dir='ltr'>coactus</span> <span class='ocrx_word' id='word_1_45' title='bbox 1428 500 1497 535; x_wconf 93' lang='lat' dir='ltr'>est</span> <span class='ocrx_word' id='word_1_46' title='bbox 1517 494 1666 536; x_wconf 83' lang='lat' dir='ltr'>frater</span> <span class='ocrx_word' id='word_1_47' title='bbox 1687 506 1792 536; x_wconf 94' lang='lat' dir='ltr'>nos-</span> 
     </span>
     <span class='ocr_line' id='line_1_7' title="bbox 154 566 1799 619; baseline 0.001 -13"><span class='ocrx_word' id='word_1_48' title='bbox 154 573 226 606; x_wconf 89' lang='lat' dir='ltr'>ter</span> <span class='ocrx_word' id='word_1_49' title='bbox 246 572 429 607; x_wconf 85' lang='lat' dir='ltr'>mutare</span> <span class='ocrx_word' id='word_1_50' title='bbox 449 568 621 618; x_wconf 92' lang='lat' dir='ltr'>locum,</span> <span class='ocrx_word' id='word_1_51' title='bbox 646 573 690 608; x_wconf 93' lang='lat' dir='ltr'>et</span> <span class='ocrx_word' id='word_1_52' title='bbox 717 567 763 607; x_wconf 92' lang='lat' dir='ltr'>in</span> <span class='ocrx_word' id='word_1_53' title='bbox 785 567 1039 619; x_wconf 89' lang='lat' dir='ltr'>quamdam</span> <span class='ocrx_word' id='word_1_54' title='bbox 1060 567 1286 608; x_wconf 85' lang='lat' dir='ltr'>maiorem</span> <span class='ocrx_word' id='word_1_55' title='bbox 1313 566 1578 618; x_wconf 91' lang='lat' dir='ltr'>ecclesiam,</span> <span class='ocrx_word' id='word_1_56' title='bbox 1601 572 1799 607; x_wconf 87' lang='lat' dir='ltr'>nostrae</span> 
     </span>
     <span class='ocr_line' id='line_1_8' title="bbox 152 636 1795 690; baseline 0 -12"><span class='ocrx_word' id='word_1_57' title='bbox 152 637 311 678; x_wconf 92' lang='lat' dir='ltr'>domui</span> <span class='ocrx_word' id='word_1_58' title='bbox 346 639 670 690; x_wconf 83' lang='lat' dir='ltr'>propinquam,</span> <span class='ocrx_word' id='word_1_59' title='bbox 701 649 750 678; x_wconf 93' lang='lat' dir='ltr'>se</span> <span class='ocrx_word' id='word_1_60' title='bbox 777 650 870 679; x_wconf 88' lang='lat' dir='ltr'>una</span> <span class='ocrx_word' id='word_1_61' title='bbox 897 649 1005 679; x_wconf 91' lang='lat' dir='ltr'>cum</span> <span class='ocrx_word' id='word_1_62' title='bbox 1033 638 1322 679; x_wconf 85' lang='lat' dir='ltr'>auditoribus</span> <span class='ocrx_word' id='word_1_63' title='bbox 1350 636 1574 689; x_wconf 87' lang='lat' dir='ltr'>recipere.</span> <span class='ocrx_word' id='word_1_64' title='bbox 1611 637 1716 689; x_wconf 84' lang='lat' dir='ltr'>Quo</span> <span class='ocrx_word' id='word_1_65' title='bbox 1744 638 1795 678; x_wconf 82' lang='lat' dir='ltr'>in</span> 
     </span>
     <span class='ocr_line' id='line_1_9' title="bbox 152 695 1687 760; baseline 0 -12"><span class='ocrx_word' id='word_1_66' title='bbox 152 709 284 749; x_wconf 91' lang='lat' dir='ltr'>loco</span> <span class='ocrx_word' id='word_1_67' title='bbox 273 721 319 749; x_wconf 88' lang='lat' dir='ltr'>m</span> <span class='ocrx_word' id='word_1_68' title='bbox 341 709 506 749; x_wconf 90' lang='lat' dir='ltr'>eodem</span> <span class='ocrx_word' id='word_1_69' title='bbox 528 709 753 750; x_wconf 85' lang='lat' dir='ltr'>exercitio</span> <span class='ocrx_word' id='word_1_70' title='bbox 775 709 834 750; x_wconf 87' lang='lat' dir='ltr'>ad</span> <span class='ocrx_word' id='word_1_71' title='bbox 856 708 944 750; x_wconf 94' lang='lat' dir='ltr'>Dei</span> <span class='ocrx_word' id='word_1_72' title='bbox 964 709 1166 760; x_wconf 81' lang='lat' dir='ltr'>gloriam</span> <span class='ocrx_word' id='word_1_73' title='bbox 1185 713 1476 760; x_wconf 88' lang='lat' dir='ltr'>perseuerat.</span> <span class='ocrx_word' id='word_1_74' title='bbox 1654 695 1687 725; x_wconf 40' lang='grc' dir='ltr'>δ”</span> 
     </span>
    </p>

    <p class='ocr_par' dir='ltr' id='par_1_3' title="bbox 151 779 1791 903">
     <span class='ocr_line' id='line_1_10' title="bbox 230 779 1791 821; baseline 0 -1"><span class='ocrx_word' id='word_1_75' title='bbox 230 779 424 820; x_wconf 90' lang='lat' dir='ltr'>Vtinam</span> <span class='ocrx_word' id='word_1_76' title='bbox 459 792 544 820; x_wconf 92' lang='lat' dir='ltr'>nos</span> <span class='ocrx_word' id='word_1_77' title='bbox 565 791 727 821; x_wconf 92' lang='lat' dir='ltr'>omnes</span> <span class='ocrx_word' id='word_1_78' title='bbox 748 781 795 820; x_wconf 90' lang='lat' dir='ltr'>in</span> <span class='ocrx_word' id='word_1_79' title='bbox 816 779 904 820; x_wconf 90' lang='lat' dir='ltr'>Dei</span> <span class='ocrx_word' id='word_1_80' title='bbox 925 780 1173 821; x_wconf 80' lang='lat' dir='ltr'>dilectione</span> <span class='ocrx_word' id='word_1_81' title='bbox 1206 791 1261 819; x_wconf 87' lang='lat' dir='ltr'>ac</span> <span class='ocrx_word' id='word_1_82' title='bbox 1283 779 1384 820; x_wconf 88' lang='lat' dir='ltr'>eius</span> <span class='ocrx_word' id='word_1_83' title='bbox 1406 779 1663 820; x_wconf 88' lang='lat' dir='ltr'>uoluntatis</span> <span class='ocrx_word' id='word_1_84' title='bbox 1685 791 1791 820; x_wconf 87' lang='lat' dir='ltr'>exe-</span> 
     </span>
     <span class='ocr_line' id='line_1_11' title="bbox 151 851 1183 903; baseline -0.001 -12"><span class='ocrx_word' id='word_1_85' title='bbox 151 851 377 902; x_wconf 90' lang='lat' dir='ltr'>quutione</span> <span class='ocrx_word' id='word_1_86' title='bbox 399 851 457 891; x_wconf 91' lang='lat' dir='ltr'>ad</span> <span class='ocrx_word' id='word_1_87' title='bbox 480 851 618 891; x_wconf 90' lang='lat' dir='ltr'>finem</span> <span class='ocrx_word' id='word_1_88' title='bbox 638 862 784 902; x_wconf 90' lang='lat' dir='ltr'>usque</span> <span class='ocrx_word' id='word_1_89' title='bbox 813 863 1183 903; x_wconf 87' lang='lat' dir='ltr'>perseueremus.</span> 
     </span>
    </p>

    <p class='ocr_par' dir='ltr' id='par_1_4' title="bbox 149 921 1795 1116">
     <span class='ocr_line' id='line_1_12' title="bbox 230 921 1793 975; baseline 0.001 -12"><span class='ocrx_word' id='word_1_90' title='bbox 230 921 365 973; x_wconf 87' lang='lat' dir='ltr'>Quod</span> <span class='ocrx_word' id='word_1_91' title='bbox 385 928 434 963; x_wconf 90' lang='lat' dir='ltr'>ut</span> <span class='ocrx_word' id='word_1_92' title='bbox 454 922 548 973; x_wconf 90' lang='lat' dir='ltr'>fiat,</span> <span class='ocrx_word' id='word_1_93' title='bbox 573 929 680 963; x_wconf 87' lang='lat' dir='ltr'>tuae</span> <span class='ocrx_word' id='word_1_94' title='bbox 702 922 824 963; x_wconf 66' lang='lat' dir='ltr'>R.dae</span> <span class='ocrx_word' id='word_1_95' title='bbox 854 922 1157 964; x_wconf 86' lang='lat' dir='ltr'>Paternitatis</span> <span class='ocrx_word' id='word_1_96' title='bbox 1179 922 1472 963; x_wconf 85' lang='lat' dir='ltr'>orationibus</span> <span class='ocrx_word' id='word_1_97' title='bbox 1490 928 1630 975; x_wconf 90' lang='lat' dir='ltr'>atque</span> <span class='ocrx_word' id='word_1_98' title='bbox 1646 924 1793 964; x_wconf 82' lang='lat' dir='ltr'>sacri·</span> 
     </span>
     <span class='ocr_line' id='line_1_13' title="bbox 151 993 1795 1046; baseline 0.001 -13"><span class='ocrx_word' id='word_1_99' title='bbox 151 993 267 1034; x_wconf 91' lang='lat' dir='ltr'>ficiis</span> <span class='ocrx_word' id='word_1_100' title='bbox 299 1005 385 1034; x_wconf 92' lang='lat' dir='ltr'>nos</span> <span class='ocrx_word' id='word_1_101' title='bbox 412 993 623 1046; x_wconf 80' lang='lat' dir='ltr'>indigere</span> <span class='ocrx_word' id='word_1_102' title='bbox 659 994 1004 1045; x_wconf 79' lang='lat' dir='ltr'>cognoscimus,</span> <span class='ocrx_word' id='word_1_103' title='bbox 1035 1000 1080 1034; x_wconf 87' lang='lat' dir='ltr'>et</span> <span class='ocrx_word' id='word_1_104' title='bbox 1107 1001 1155 1034; x_wconf 93' lang='lat' dir='ltr'>ut</span> <span class='ocrx_word' id='word_1_105' title='bbox 1177 993 1310 1034; x_wconf 90' lang='lat' dir='ltr'>nobis</span> <span class='ocrx_word' id='word_1_106' title='bbox 1337 994 1480 1034; x_wconf 88' lang='lat' dir='ltr'>ueluti</span> <span class='ocrx_word' id='word_1_107' title='bbox 1502 994 1795 1046; x_wconf 75' lang='lat' dir='ltr'>pauperibus</span> 
     </span>
     <span class='ocr_line' id='line_1_14' title="bbox 149 1064 636 1116; baseline -0.004 -11"><span class='ocrx_word' id='word_1_108' title='bbox 149 1064 314 1105; x_wconf 88' lang='lat' dir='ltr'>faueas</span> <span class='ocrx_word' id='word_1_109' title='bbox 329 1066 636 1116; x_wconf 85' lang='lat' dir='ltr'>postulamus.</span> 
     </span>
    </p>

    <p class='ocr_par' dir='ltr' id='par_1_5' title="bbox 230 1136 1355 1189">
     <span class='ocr_line' id='line_1_15' title="bbox 230 1136 1355 1189; baseline 0.001 -13"><span class='ocrx_word' id='word_1_110' title='bbox 230 1136 493 1186; x_wconf 86' lang='lat' dir='ltr'>Valentiae,</span> <span class='ocrx_word' id='word_1_111' title='bbox 519 1136 739 1177; x_wconf 81' lang='lat' dir='ltr'>Calendis</span> <span class='ocrx_word' id='word_1_112' title='bbox 755 1136 1043 1189; x_wconf 86' lang='lat' dir='ltr'>Septembris</span> <span class='ocrx_word' id='word_1_113' title='bbox 1066 1149 1189 1178; x_wconf 84' lang='lat' dir='ltr'>anno</span> <span class='ocrx_word' id='word_1_114' title='bbox 1215 1136 1355 1177; x_wconf 68' lang='lat'>15540</span> 
     </span>
    </p>

    <p class='ocr_par' dir='ltr' id='par_1_6' title="bbox 229 1206 981 1258">
     <span class='ocr_line' id='line_1_16' title="bbox 229 1206 981 1258; baseline 0.003 -12"><span class='ocrx_word' id='word_1_115' title='bbox 229 1206 357 1246; x_wconf 89' lang='lat' dir='ltr'>Tuae</span> <span class='ocrx_word' id='word_1_116' title='bbox 380 1206 502 1247; x_wconf 73' lang='lat' dir='ltr'>Rdae</span> <span class='ocrx_word' id='word_1_117' title='bbox 533 1207 581 1247; x_wconf 92' lang='grc' dir='ltr'>Ρ.</span> <span class='ocrx_word' id='word_1_118' title='bbox 607 1207 825 1248; x_wconf 90' lang='lat' dir='ltr'>minimus</span> <span class='ocrx_word' id='word_1_119' title='bbox 846 1207 981 1258; x_wconf 89' lang='lat' dir='ltr'>filius,</span> 
     </span>
    </p>
   </div>
   <div class='ocr_carea' id='block_1_3' title="bbox 998 1342 1564 1392">
    <p class='ocr_par' dir='ltr' id='par_1_7' title="bbox 998 1342 1564 1392">
     <span class='ocr_line' id='line_1_17' title="bbox 998 1342 1564 1392; baseline -0.002 0"><span class='ocrx_word' id='word_1_120' title='bbox 998 1352 1310 1392; x_wconf 75' lang='lat' dir='ltr'>HffiRONthJs</span> <span class='ocrx_word' id='word_1_121' title='bbox 1332 1342 1564 1391; x_wconf 80' lang='lat' dir='ltr'>RipALDA.</span> 
     </span>
    </p>
   </div>
   <div class='ocr_carea' id='block_1_4' title="bbox 142 1600 1783 1972">
    <p class='ocr_par' dir='ltr' id='par_1_8' title="bbox 142 1600 1783 1832">
     <span class='ocr_line' id='line_1_18' title="bbox 226 1600 1783 1690; baseline 0.002 -17"><span class='ocrx_word' id='word_1_122' title='bbox 226 1633 581 1686; x_wconf 53' lang='lat' dir='ltr'>stipem-ereptio</span> <span class='ocrx_word' id='word_1_123' title='bbox 615 1636 664 1675; x_wconf 73' lang='lat' dir='ltr'>in</span> <span class='ocrx_word' id='word_1_124' title='bbox 700 1640 874 1687; x_wconf 73' lang='lat' dir='ltr'>quarta</span> <span class='ocrx_word' id='word_1_125' title='bbox 902 1636 1120 1688; x_wconf 77' lang='lat' dir='ltr'>pagina:</span> <span class='ocrx_word' id='word_1_126' title='bbox 1152 1600 1304 1690; x_wconf 57' lang='lat' dir='ltr'>Jegus.</span> <span class='ocrx_word' id='word_1_127' title='bbox 1341 1635 1403 1677; x_wconf 89' lang='lat' dir='ltr'>Al</span> <span class='ocrx_word' id='word_1_128' title='bbox 1436 1647 1549 1687; x_wconf 90' lang='lat' dir='ltr'>muy</span> <span class='ocrx_word' id='word_1_129' title='bbox 1582 1634 1684 1675; x_wconf 78' lang='lat' dir='ltr'>R.d0</span> <span class='ocrx_word' id='word_1_130' title='bbox 1726 1647 1783 1676; x_wconf 87' lang='lat' dir='ltr'>en</span> 
     </span>
     <span class='ocr_line' id='line_1_19' title="bbox 144 1704 1783 1760; baseline 0.002 -15"><span class='ocrx_word' id='word_1_131' title='bbox 144 1704 333 1746; x_wconf 89' lang='lat' dir='ltr'>Christo</span> <span class='ocrx_word' id='word_1_132' title='bbox 355 1705 506 1746; x_wconf 88' lang='lat' dir='ltr'>Padre</span> <span class='ocrx_word' id='word_1_133' title='bbox 528 1708 569 1747; x_wconf 90' lang='lat' dir='ltr'>el</span> <span class='ocrx_word' id='word_1_134' title='bbox 589 1706 740 1748; x_wconf 85' lang='lat' dir='ltr'>Padre</span> <span class='ocrx_word' id='word_1_135' title='bbox 763 1707 823 1748; x_wconf 89' lang='lat' dir='ltr'>M.</span> <span class='ocrx_word' id='word_1_136' title='bbox 846 1708 1029 1759; x_wconf 86' lang='lat' dir='ltr'>Ignatio</span> <span class='ocrx_word' id='word_1_137' title='bbox 1053 1709 1108 1749; x_wconf 94' lang='lat' dir='ltr'>de</span> <span class='ocrx_word' id='word_1_138' title='bbox 1129 1708 1323 1760; x_wconf 86' lang='lat' dir='ltr'>Loyola,</span> <span class='ocrx_word' id='word_1_139' title='bbox 1349 1706 1623 1759; x_wconf 85' lang='lat' dir='ltr'>Praeposito</span> <span class='ocrx_word' id='word_1_140' title='bbox 1643 1718 1783 1759; x_wconf 84' lang='lat' dir='ltr'>gene-</span> 
     </span>
     <span class='ocr_line' id='line_1_20' title="bbox 142 1776 1162 1832; baseline 0.002 -16"><span class='ocrx_word' id='word_1_141' title='bbox 142 1777 212 1816; x_wconf 84' lang='lat' dir='ltr'>ral</span> <span class='ocrx_word' id='word_1_142' title='bbox 234 1776 290 1817; x_wconf 88' lang='lat' dir='ltr'>de</span> <span class='ocrx_word' id='word_1_143' title='bbox 311 1777 354 1816; x_wconf 86' lang='lat' dir='ltr'>la</span> <span class='ocrx_word' id='word_1_144' title='bbox 378 1777 636 1830; x_wconf 81' lang='lat' dir='ltr'>Compania</span> <span class='ocrx_word' id='word_1_145' title='bbox 659 1779 715 1819; x_wconf 92' lang='lat' dir='ltr'>de</span> <span class='ocrx_word' id='word_1_146' title='bbox 735 1779 887 1832; x_wconf 87' lang='lat' dir='ltr'>Jesus,</span> <span class='ocrx_word' id='word_1_147' title='bbox 919 1792 974 1820; x_wconf 91' lang='lat' dir='ltr'>en</span> <span class='ocrx_word' id='word_1_148' title='bbox 996 1779 1162 1821; x_wconf 90' lang='lat' dir='ltr'>Roma.</span> 
     </span>
    </p>

    <p class='ocr_par' dir='ltr' id='par_1_9' title="bbox 222 1847 1532 1906">
     <span class='ocr_line' id='line_1_21' title="bbox 222 1847 1532 1906; baseline 0.007 -19"><span class='ocrx_word' id='word_1_149' title='bbox 222 1847 332 1887; x_wconf 75' lang='lat' dir='ltr'>Alsa</span> <span class='ocrx_word' id='word_1_150' title='bbox 354 1859 514 1888; x_wconf 77' lang='lat' dir='ltr'>manu.</span> <span class='ocrx_word' id='word_1_151' title='bbox 539 1849 654 1889; x_wconf 70' lang='lat'>1554.</span> <span class='ocrx_word' id='word_1_152' title='bbox 680 1849 830 1901; x_wconf 82' lang='lat' dir='ltr'>Quad.</span> <span class='ocrx_word' id='word_1_153' title='bbox 850 1850 1114 1893; x_wconf 84' lang='lat' dir='ltr'>Valentiae.</span> <span class='ocrx_word' id='word_1_154' title='bbox 1140 1852 1208 1892; x_wconf 89' lang='lat' dir='ltr'>P.i</span> <span class='ocrx_word' id='word_1_155' title='bbox 1230 1852 1532 1906; x_wconf 85' lang='lat' dir='ltr'>Septembris.</span> 
     </span>
    </p>

    <p class='ocr_par' dir='ltr' id='par_1_10' title="bbox 222 1918 858 1972">
     <span class='ocr_line' id='line_1_22' title="bbox 222 1918 858 1972; baseline 0.006 -14"><span class='ocrx_word' id='word_1_156' title='bbox 222 1918 386 1959; x_wconf 80' lang='lat' dir='ltr'>Manet</span> <span class='ocrx_word' id='word_1_157' title='bbox 406 1920 666 1971; x_wconf 69' lang='lat' dir='ltr'>vestigium</span> <span class='ocrx_word' id='word_1_158' title='bbox 686 1921 858 1972; x_wconf 70' lang='lat' dir='ltr'>sigilli.</span> 
     </span>
    </p>
   </div>
  </div>
 </body>
</html>
