2047 3179
231 125 300 163 110
743 126 970 166 LITTERAE
996 138 1357 172 QUADRlMEs'rREs

227 224 417 264 cultatis
445 224 641 275 delectu,
676 225 756 277 qui
781 236 831 265 se
858 225 1049 276 negotia
1078 231 1242 266 nostra
1273 236 1473 277 syncere
1495 230 1741 265 curaturos
1761 237 1869 277 pro—

226 295 411 335 misere.
435 295 597 347 Itaque
618 296 707 336 hoc
730 296 954 347 temporis
975 297 1174 338 articulo
1202 296 1372 347 viginti
1396 295 1533 336 facile
1554 296 1871 338 nominatissi-

226 366 290 406 mi
321 366 531 418 theologi
564 367 740 408 nostris
773 366 1105 420 diplomatibus
1139 368 1467 408 examinandis
1508 367 1777 418 inuigilant,
1814 375 1869 409 vt

226 438 417 479 tandem
437 439 702 490 vniuersae‚
726 437 949 480 Doctoris
975 439 1163 480 Picardi
1191 439 1471 480 auctoritate
1502 439 1665 479 forsan
1686 451 1869 491 permo-

225 509 421 561 uendae,
451 510 747 561 theologicae
772 510 1033 551 Facultatis
1054 511 1289 552 communi
1311 510 1499 551 decreto
1521 510 1577 550 de
1599 510 1734 550 nobis
1762 521 1870 551 nos-

225 581 402 633 trisque
435 582 696 634 priuilegiis
730 582 909 622 feratur
941 583 1190 623 sententia.
1219 581 1313 633 Ipsi
1347 581 1552 622 viderint
1582 594 1640 622 ne
1675 581 1869 623 Pontifi-

226 652 349 693 ciam
371 653 717 704 auctoritatem,
741 653 895 705 magis
916 665 1057 705 quam
1077 653 1328 695 Societatis
1346 652 1467 704 jura,
1492 652 1743 694 offendant.

306 723 430 765 R.d1¹S
455 724 594 765 Pater
614 730 775 766 noster
795 737 890 765 non
910 725 1188 766 decreuerat
1204 726 1293 765 hoc
1310 731 1521 776 tempore
1538 723 1871 776 theologorum.

227 795 422 836 arbitrio
452 807 646 836 causam
672 802 886 837 nostram
913 795 1096 848 offerre,
1125 796 1215 837 nisi
1243 795 1479 847 praesidio
1511 801 1556 836 et
1584 796 1868 836 auctoritate

224 867 343 907 tanti
360 867 450 907 viri
467 868 710 919 impulsus;
729 867 807 918 qui
824 867 1011 919 quidem
1028 873 1158 908 tanto
1180 879 1266 907 nos
1285 866 1451 907 fauore
1473 867 1786 918 prosequitur,
1815 873 1868 906 vt

223 938 351 978 solus
373 950 429 978 ac
449 938 629 990 primus
650 938 868 979 videatur
888 944 1100 979 nostrum
1122 950 1239 979 onus
1261 950 1397 978 omne
1427 938 1475 978 in
1505 949 1615 978 suos
1642 937 1868 978 humeros.

223 1010 486 1050 sustulisse.
518 1009 638 1050 Nam
658 1009 819 1050 literas
839 1010 1146 1050 immunitatis
1167 1010 1328 1061 regiae
1348 1009 1485 1049 bonis
1507 1009 1563 1049 ab
1585 1008 1819 1060 Episcopo
1856 1008 1866 1027 ²

223 1079 447 1122 Societati
469 1081 637 1122 dicatis
666 1080 953 1133 irrogandae
973 1081 1068 1121 iam
1088 1081 1227 1122 tertio
1249 1080 1451 1121 describi
1472 1080 1698 1131 nobisque
1720 1080 1863 1131 impe-

222 1158 372 1193 tratas
393 1152 525 1193 reddi
555 1153 754 1193 curauit:
779 1164 897 1204 quae
918 1164 1008 1204 reS,
1032 1159 1220 1204 praeter
1241 1152 1552 1203 grauissimos
1574 1151 1776 1202 labores,
1801 1150 1868 1190 fa-

222 1224 310 1264 cile
327 1224 671 1276 quinquaginta
688 1230 1020 1265 coronatorum
1040 1224 1277 1276 impendio
1295 1223 1429 1264 nobis
1447 1222 1748 1263 constitisset.
1769 1221 1868 1263 Nec

221 1295 408 1336 interim
431 1295 618 1336 Patrem
639 1306 811 1347 vrgere
842 1295 1033 1345 destitit,
1057 1302 1108 1336 vt
1138 1296 1487 1347 eleemosynam
1518 1295 1769 1346 acciperet,
1801 1293 1871 1334 fa—

220 1367 377 1408 miliae
398 1373 590 1408 nostrae
616 1367 994 1419 impendendam:
1027 1367 1241 1418 promisit
1270 1378 1320 1407 se
1342 1366 1461 1418 Regi
1487 1367 1501 1387 ²
1522 1366 1764 1418 negotium
1785 1364 1862 1406 So-

219 1439 404 1480 cietatis
433 1439 556 1480 serio
592 1440 1051 1490 commendaturum,
1088 1439 1127 1479 si
1154 1439 1365 1490 theologi
1395 1450 1421 1478 a
1449 1438 1624 1478 nostris
1656 1437 1872 1490 partibus.

218 1522 313 1550 non
334 1511 566 1552 steterint:
589 1511 715 1552 haud
732 1511 931 1562 vulgare
955 1509 1213 1551 subsidium
1233 1510 1407 1562 templo
1429 1509 1626 1561 Collegii
1648 1514 1864 1549 extruen-

218 1582 278 1622 do
299 1583 560 1634 pollicetur.
587 1581 842 1623 Praediues
862 1588 932 1635 est
960 1594 1016 1623 ac
1044 1593 1255 1622 summae
1285 1581 1595 1622 auctoritatis.
1625 1579 1663 1620 F
1668 1580 1868 1621 acultati

218 1654 531 1705 theologicae,
554 1665 639 1706 pro
661 1665 791 1695 more
814 1660 1020 1706 recepto,
1051 1654 1153 1706 ipso
1184 1654 1364 1694 decano
1393 1652 1694 1704 efflagitante,
1724 1651 1865 1693 Sena-

218 1732 293 1766 tus
315 1725 468 1766 edicto
490 1737 572 1777 per
589 1725 835 1766 ostiarium
851 1725 1140 1776 denuntiato,
1154 1724 1396 1776 negotium
1409 1724 1586 1765 decreti
1602 1723 1784 1764 ferendi
1801 1723 1867 1763 in-

218 1798 427 1837 iunctum
444 1803 529 1848 est,
549 1804 613 1847 vt,
631 1797 832 1848 abrupta
844 1807 992 1845 mora,
1007 1807 1141 1836 suam
1157 1795 1400 1848 proferant
1418 1795 1655 1836 communi
1671 1806 1864 1835 consen-

216 1880 271 1909 su
306 1868 516 1919 theologi
549 1868 851 1909 sententiam.
897 1867 1058 1919 Itaque
1102 1866 1375 1919 propediem
1416 1866 1554 1907 finem
1596 1877 1858 1918 speramus:

215 1939 432 1981 Christus
465 1939 583 1980 faxit
619 1951 914 1992 prosperum;
951 1950 1062 1980 nam
1095 1938 1193 1979 fere
1228 1938 1435 1990 quotidie
1463 1938 1632 1990 viginti
1667 1937 1865 1989 negotio-

216 2011 511 2052 discutiendo
534 2011 861 2052 immorantur.
893 2009 1129 2051 Proximis
1156 2009 1304 2050 literis
1336 2009 1565 2061 intelliget
1595 2007 1867 2049 Paternitas

216 2089 296 2123 tua
317 2083 383 2123 rei
406 2093 696 2123 successum.

295 2153 431 2194 R.¹Ilus
459 2153 723 2206 Episcopus
758 2154 1125 2195 Clarmontanus
1162 2153 1317 2193 adhuc
1353 2164 1379 2192 a
1414 2151 1690 2192 Pentecoste
1725 2151 1865 2192 Lute-

214 2226 307 2266 tiae
328 2226 508 2277 haeret,
532 2237 676 2277 aegre
698 2231 806 2266 ante
832 2225 1051 2278 hyemem
1078 2236 1164 2265 nos
1191 2224 1455 2265 relicturus.
1489 2222 1683 2275 Recepit
1710 2222 1861 2264 Roma

212 2297 372 2338 literas
399 2309 426 2338 a
455 2297 628 2339 celebri
655 2297 774 2346 viro,
805 2296 1058 2349 aliquando
1090 2296 1393 2337 Minimorum
1421 2294 1560 2335 Patre
1582 2294 1806 2336 Generali
1827 2293 1857 2346 ⁵,

212 2369 408 2409 mirifice
443 2368 641 2420 Collegii
669 2366 920 2410 Societatis
948 2367 1149 2408 Romani
1170 2367 1332 2408 laudes
1362 2367 1653 2417 extollentes,
1689 2366 1863 2418 quibus

212 2439 475 2492 Episcopus
491 2441 688 2480 multum
706 2440 964 2480 delectatus
980 2444 1065 2480 est:
1087 2446 1226 2490 vrget
1247 2451 1348 2490 nos,
1370 2445 1419 2479 vt
1437 2438 1700 2489 Collegium
1720 2437 1858 2478 Billo-

212 2522 372 2551 mense
395 2511 633 2562 auspicari
662 2522 983 2563 properemus,
1008 2510 1122 2551 nihil
1145 2510 1438 2562 ambigentes
1459 2509 1515 2550 de
1537 2509 1636 2550 eius
1658 2509 1859 2549 liberali-

213 2588 324 2623 tate.
355 2582 572 2622 Asseruit
601 2582 729 2623 Patri
756 2595 806 2623 se
836 2583 1011 2623 habere
1040 2582 1251 2622 redditus
1283 2593 1367 2622 sex
1398 2581 1592 2622 millium
1626 2580 1859 2620 librarum

212 2653 533 2694 francicarum
568 2666 592 2694 e
626 2654 760 2694 bonis
795 2653 1130 2695 ecclesiasticis
1166 2658 1480 2705 comparatos,
1511 2663 1628 2704 quos
1661 2651 1859 2703 proinde

268 2864 279 2885 ¹
318 2862 623 2891 Claramontanum
640 2862 807 2897 intellige,
823 2861 1028 2891 Gulielmum
1044 2863 1087 2890 du
1104 2862 1200 2890 Prat-

265 2912 280 2931 2
319 2910 468 2939 Henrico
483 2909 529 2937 ΙΙ.

267 2960 281 2979 5
319 2960 456 2993 Caspar
471 2964 490 2985 a
507 2956 611 2986 Fosso
629 2961 682 2987 vel
698 2957 740 2986 de
756 2958 878 2986 Fossa.
897 2958 983 2986 Vide
1001 2958 1150 2986 POLANcr
1164 2957 1367 2991 Chronicon,
1383 2960 1403 2984 t.
1421 2963 1469 2991 iv,
1484 2963 1562 2991 pag.
1576 2956 1640 2991 3211,
1655 2964 1685 2984 n.
1699 2956 1762 2984 693.
