2047 3179
184 138 256 176 240
699 138 927 176 LITTERAE
955 149 1317 182 QUADRmsssTREs

268 236 357 287 Qui
377 236 544 276 litteris
565 236 921 277 humanioribus
942 243 1119 276 nauant
1143 247 1357 287 operam,
1389 236 1636 287 diligenter
1659 247 1833 275 memo-

187 307 310 348 riam
334 309 555 348 excolunt
576 307 825 359 stilumque
846 313 1082 347 exercent.
1109 307 1198 357 Qui
1215 319 1329 346 Vero
1347 306 1394 346 in
1411 306 1707 358 philosophia
1728 317 1830 346 ver-

187 385 367 427 santur,
392 378 786 430 disputationibus
804 384 847 418 et
865 378 1108 430 colloquiis
1131 378 1220 417 arti
1238 377 1624 417 conuenientibus
1642 377 1832 417 assidue

185 456 409 500 tractant,
447 450 619 501 singuli
655 449 855 501 denique
892 461 977 501 pro
1012 449 1237 488 facultate
1260 455 1304 488 et
1335 448 1489 488 studio
1518 448 1728 488 nituntur
1756 448 1831 499 (vt

187 533 294 562 cum
316 521 514 562 Horatio
537 522 718 572 loquar)
742 527 953 573 optatam
976 520 1248 570 contingere
1272 526 1445 560 metam
1473 519 1497 559 ¹.

269 592 468 633 Caetera
496 593 637 632 etiam
669 592 867 632 instituti
896 591 1069 640 officia,
1101 602 1220 642 quae
1251 590 1309 630 ad
1336 592 1536 631 salutem
1564 591 1832 631 animarum

188 664 452 714 conferunt,
477 664 698 704 continua
726 675 816 714 qua
844 674 1094 714 possumus
1121 662 1363 713 diligentia
1397 669 1440 702 et
1470 663 1677 702 omnium
1706 663 1829 702 Vtili-

186 740 282 775 tate
304 747 360 775 ac
381 736 547 783 salute,
572 746 678 775 cum
699 734 898 786 priuatis
920 733 1343 780 exhortationibus,
1368 739 1467 773 tum
1488 734 1629 774 etiam
1652 733 1829 774 confes-

187 807 398 846 sionibus
419 806 680 856 audiendis,
700 816 992 845 exercemus:
1012 811 1236 856 perpetuo
1254 803 1480 845 Sanctum
1502 805 1794 845 Germanum
1816 805 1828 822 '²

187 878 351 917 diebus
371 877 503 918 festis
525 877 891 929 frequentamus,
916 887 1023 927 quo,
1048 876 1125 927 qui
1152 875 1374 916 flantibus
1401 876 1621 928 procellis
1652 876 1831 916 defece-

186 955 293 988 rant
325 948 353 999 ³‚
385 949 477 988 iam
505 948 595 988 illis
622 947 967 999 quodammodo
995 947 1139 998 sopiri
1167 947 1518 999 incipientibus,
1551 948 1833 988 cateruatim

187 1026 451 1070 recurrunt,
469 1019 585 1059 alios
602 1030 758 1059 secum
775 1018 1118 1069 pertrahentes,
1137 1025 1361 1071 tantaque
1379 1025 1449 1059 est
1465 1031 1606 1070 saepe
1618 1019 1832 1070 frequen-

188 1092 270 1143 tia,
291 1099 340 1132 vt
363 1090 641 1131 confessarii
656 1101 818 1129 omnes
836 1088 998 1129 audire
1015 1101 1109 1129 non
1125 1090 1372 1141 sufficiant,
1393 1091 1609 1142 quamuis
1626 1098 1734 1130 ante
1753 1101 1830 1130 au-

189 1175 349 1203 roram
381 1162 628 1214 incipiant,
663 1161 875 1201 nonnulli
905 1160 1060 1201 taedio
1088 1161 1202 1201 victi
1236 1162 1424 1210 abeunt;
1461 1162 1578 1202 alios
1603 1168 1832 1201 reuocant

189 1234 344 1275 studia
367 1239 412 1274 et
432 1233 670 1283 lectiones,
695 1244 815 1283 quae
837 1238 947 1272 tunc
970 1233 1194 1284 temporis
1215 1233 1263 1273 in
1285 1233 1496 1284 collegiis
1518 1233 1832 1280 celebrantur;

190 1306 307 1345 alios
329 1311 500 1355 autem,
526 1304 603 1356 qui
625 1303 832 1344 nondum
853 1304 1163 1344 suauissimos
1185 1305 1271 1344 hos
1292 1304 1474 1345 fructus
1502 1304 1831 1355 degustarunt,

189 1378 386 1429 quaevis
408 1376 636 1426 molestia,
664 1383 744 1415 aut
764 1375 960 1426 maligni
988 1375 1180 1427 spiritus
1208 1375 1327 1416 salsa
1357 1376 1602 1428 persuasio
1632 1376 1831 1427 repellit,

188 1449 515 1500 accedensque
538 1447 834 1488 extrinsecus
854 1447 1006 1498 frigus
1027 1447 1262 1498 igniculos
1289 1448 1500 1488 internos
1521 1447 1729 1488 nondum
1761 1459 1832 1487 sa-

189 1521 249 1560 tis
270 1532 498 1560 accensos
519 1519 657 1559 facile
679 1519 828 1559 vincit
851 1531 906 1558 ac
927 1525 1133 1570 superat.

269 1591 358 1643 Qui
381 1603 492 1631 vero
510 1589 608 1642 jam
629 1591 915 1631 exercitatos
936 1590 1110 1630 habent
1138 1602 1304 1631 sensus
1332 1598 1526 1643 propter
1556 1591 1828 1631 diuturnum

189 1664 237 1703 in
257 1664 347 1703 hac
369 1674 514 1703 arena
536 1668 790 1712 certamen,
816 1667 973 1702 tantos
994 1662 1041 1702 in
1064 1662 1140 1702 via
1162 1662 1353 1702 Domini
1372 1661 1585 1703 fecerunt
1614 1673 1834 1714 progres-

189 1746 284 1785 sus,
308 1740 359 1774 vt
380 1745 566 1774 murum
588 1745 691 1773 sese
718 1745 804 1785 pro
835 1732 973 1773 domo
1005 1733 1103 1773 eius
1132 1733 1336 1774 obiicere
1358 1746 1452 1773 non
1480 1733 1713 1783 dubitent,
1747 1744 1834 1773 nec

190 1806 389 1846 aliorum
412 1806 591 1845 scelera
615 1805 886 1856 publicosue
908 1816 1093 1844 errores
1113 1806 1270 1856 palam
1291 1805 1608 1857 priuatimque
1631 1816 1835 1856 arguere

189 1878 329 1918 etiam
352 1889 459 1917 cum
479 1877 606 1917 vitae
628 1877 835 1928 periculo
863 1875 1185 1916 reformident.

269 1949 441 1989 Mirum
462 1954 532 1989 est
554 1954 681 1988 certe
703 1948 749 1988 in
767 1946 1019 1998 juuenibus
1048 1954 1228 1988 tantam
1255 1948 1417 1988 videre
1447 1948 1590 1988 animi
1617 1954 1836 1988 constan-

188 2021 324 2071 tiam,
350 2020 638 2060 christianae
666 2019 909 2070 religionis
931 2025 976 2059 et
997 2018 1086 2059 Dei
1106 2019 1288 2069 gloriae
1312 2020 1487 2059 zelum:
1514 2029 1836 2070 quoscumque

190 2092 413 2132 aberrare
434 2090 713 2143 percipiunt,
738 2090 898 2130 solerti
919 2089 1164 2141 diligentia
1186 2091 1232 2130 in
1255 2090 1382 2130 viam
1406 2098 1584 2130 rectam
1606 2088 1834 2129 reducere

190 2163 418 2203 nituntur.
456 2161 696 2214 Quosdam
734 2162 875 2201 ctiam
908 2161 1073 2201 videas
1093 2194 1100 2211 ,
1143 2162 1221 2213 qui
1260 2162 1512 2213 pinguibus
1553 2160 1837 2201 sacerdotiis

191 2235 360 2284 obruti,
385 2240 633 2286 praetextu
664 2233 926 2273 studiorum
955 2239 999 2273 et
1028 2233 1340 2285 quorumdam
1368 2233 1616 2273 doctorum
1639 2231 1836 2272 consilio

190 2305 313 2354 freti,
338 2317 441 2346 sese
463 2317 489 2345 a
511 2304 836 2357 persoluendis
853 2304 990 2345 statis
1005 2304 1224 2356 precibus
1240 2299 1415 2345 liber0s
1432 2303 1710 2344 iudicarent.
1730 2303 1836 2356 Jam

194 2388 307 2417 vero
330 2376 583 2417 cimmeriis
605 2376 870 2416 huiusmodi
892 2375 1097 2416 tenebris
1118 2376 1334 2416 veritatis
1355 2375 1531 2415 lumine
1553 2373 1833 2426 profligatis,

188 2460 284 2488 non
306 2449 457 2488 solum
478 2459 642 2499 preces
664 2447 965 2499 quotidianas
991 2446 1241 2497 diligenter
1266 2448 1564 2498 persoluunt,
1589 2445 1671 2486 sed
1693 2445 1834 2485 etiam

190 2531 378 2559 sacram
395 2519 616 2570 synaxim
634 2530 816 2558 summa
834 2530 941 2558 cum
959 2518 1208 2558 deuotione
1225 2518 1540 2569 frequentant,
1558 2517 1685 2556 vitae
1704 2527 1837 2567 prae—

190 2590 356 2630 teritae
377 2590 594 2630 miserias
617 2589 855 2639 deflentes,
881 2601 1025 2641 quare
1045 2601 1125 2630 eos
1147 2589 1384 2641 quondam
1402 2599 1542 2629 veros
1559 2587 1736 2628 Christi
1753 2587 1833 2627 mi-

248 2777 254 2790 *
298 2773 407 2809 Epist.
424 2774 467 2801 ad
483 2774 563 2805 Pisi,
579 2781 611 2800 v.
627 2773 691 2801 412.

245 2825 258 2843 ‘2
300 2822 416 2850 Sancti
434 2822 597 2849 Germani
613 2823 789 2857 templum.

244 2872 257 2889 ³
296 2871 414 2899 Sermo
429 2874 481 2898 est
496 2878 561 2898 non
577 2871 617 2898 de
632 2871 672 2898 iis
688 2872 808 2905 solum,
824 2871 880 2906 qui
895 2879 915 2899 a
932 2870 1106 2898 Societate
1122 2868 1431 2901 defecerant(Vide
1447 2875 1564 2903 supra,
1580 2871 1603 2895 t.
1621 2874 1654 2899 11,
1669 2874 1748 2901 pag.
1760 2865 1838 2900 662),

190 2921 248 2948 sed
266 2921 305 2947 dc
321 2919 361 2946 iis
376 2918 482 2946 etiam
497 2918 584 2952 quia
599 2922 795 2945 nostrorum
810 2919 982 2946 consortio
997 2917 1258 2952 frequentando,
1274 2915 1405 2943 exortis
1427 2915 1684 2943 turbationibus
1705 2917 1838 2949 perter-

189 2969 327 3001 refacti,
342 2966 562 2994 destiterant.
577 2966 677 2999 (Vide
696 2966 843 2993 POLANCI
861 2966 996 2998 Chron„
1011 2970 1035 2993 t.
1053 2974 1097 2998 lv,
1114 2973 1194 3000 pag.
1208 2964 1271 2995 318,
1285 2972 1317 2992 n.
1332 2964 1409 2998 681.)
