2047 3179
818 157 902 195 AN.
936 158 1024 194 1555
1671 160 1736 196 721

112 259 367 298 incolumes
402 264 450 296 ut
486 257 637 296 nullus
670 254 767 294 fere
803 254 1030 293 hactenus
1066 254 1348 304 aegrotarit:
1387 266 1547 295 eorum
1584 262 1738 295 autem

112 340 354 377 numerus,
379 327 457 379 qui
479 339 527 367 se
549 326 595 366 in
625 325 944 377 spiritualibus
966 324 1203 364 exercitiis
1234 325 1371 364 simul
1392 333 1632 374 exercent,
1662 327 1741 366 ali-

112 399 298 451 quando
322 399 380 438 ad
401 397 751 449 quaternarium
779 395 1069 447 peruenerit,
1102 395 1166 435 ita
1187 402 1236 435 ut
1263 407 1383 436 unus
1410 402 1489 436 aut
1511 397 1601 437 duo
1627 409 1741 437 nun-

115 482 254 522 quam
276 469 520 509 defuerint:
545 480 603 508 ex
624 478 822 525 quorum
843 477 1056 515 numero,
1082 466 1281 517 demptis
1310 478 1402 506 uno
1434 473 1512 507 aut
1543 467 1739 518 duobus,

116 547 195 581 aut
217 542 263 580 in
284 547 494 580 nostram
516 539 798 579 Societatem
825 537 1017 577 admissi
1045 542 1174 587 sunt,
1199 543 1279 576 aut
1301 537 1391 577 alio
1413 537 1599 588 directi,
1633 539 1740 579 licet

116 623 222 651 cum
258 610 515 661 lachrymis
548 609 838 660 postularent
872 609 919 648 in
952 614 1222 648 nostrorum
1256 619 1450 648 numero
1489 611 1739 649 recenseri:

116 693 277 722 eorum
298 687 452 720 tamen
484 681 530 720 in
552 680 870 731 spiritualibus
900 678 1136 730 profectus
1167 690 1329 718 omnes
1360 690 1473 719 suae
1503 680 1743 731 religionis

116 752 423 792 admirantur.
446 751 578 790 Multi
600 751 739 790 etiam
768 749 975 800 religiosi
1005 749 1093 789 uiri
1125 760 1173 789 se
1203 749 1249 788 in
1271 751 1742 801 contemplationibus

116 828 439 864 exercuerunt.
465 821 676 873 Denique
707 821 752 860 in
773 821 863 860 hac
884 821 1073 860 ciuitate
1095 819 1306 860 Societas
1326 827 1488 861 nostra
1511 822 1567 861 ab
1599 823 1742 862 omni-

117 895 216 943 bus,
239 900 334 933 tam
357 906 382 932 a
404 893 646 932 monachis
668 903 808 944 quam
829 881 1147 931 saecularibus
1165 898 1209 931 et
1229 892 1377 942 laicis,
1397 904 1488 932 uno
1510 904 1742 934 consensu

119 965 357 1014 laudatur,
381 964 439 1003 ad
462 975 601 1014 quam
630 975 790 1002 omnes
820 962 1079 1012 confluunt,
1103 969 1152 1002 ut
1183 974 1209 1001 a
1241 963 1584 1004 calamitatibus
1614 965 1744 1015 spiri-

119 1035 325 1076 tualibus
345 1047 371 1074 a
394 1034 613 1074 Patribus
634 1034 808 1073 nostris
829 1033 1104 1083 liberentur-3
1128 1040 1172 1073 et
1194 1035 1334 1073 etiam
1355 1046 1381 1074 a
1403 1036 1741 1086 corporalibus.

120 1118 239 1158 quae
260 1112 328 1145 tot
358 1111 488 1155 sunt,
521 1111 569 1144 ut
601 1106 728 1144 solae
756 1105 1002 1144 uideantur
1029 1104 1241 1144 omnibus
1267 1106 1494 1156 operariis
1518 1106 1744 1157 indigere:

121 1178 288 1229 quibus
311 1177 541 1227 hactenus
561 1176 838 1215 subuentum
859 1182 928 1215 est
950 1183 992 1215 et
1014 1175 1302 1225 subuenitur,
1326 1178 1483 1217 multis
1500 1178 1685 1228 quidem
1703 1188 1747 1218 et

120 1248 420 1300 urgentibus,
445 1247 610 1298 quibus
632 1247 843 1297 oppressi
860 1246 1043 1286 fuerant
1062 1254 1164 1297 post
1182 1254 1380 1287 mortem
1395 1248 1444 1288 F.
1466 1248 1674 1289 Thomae
1692 1250 1748 1290 de

121 1320 426 1368 Villanueua,
450 1317 811 1368 Archiepiscopi
832 1317 1070 1357 Valentini
1098 1321 1122 1367 ¹,
1147 1319 1225 1369 qui
1248 1319 1469 1359 vniuersa
1492 1332 1647 1360 annua
1670 1321 1747 1361 sti-

124 1390 290 1442 pendia
326 1390 560 1429 fusissime
600 1389 915 1438 largiebatur,
953 1400 1039 1428 nec
1068 1389 1236 1428 minori
1270 1390 1423 1430 studio
1453 1402 1528 1430 res
1563 1399 1750 1432 nostras

123 1461 334 1502 curabat.
358 1460 537 1500 Viuens
564 1460 686 1499 enim
713 1459 759 1498 in
790 1459 945 1498 multis
972 1459 1110 1499 rebus
1140 1466 1184 1499 et
1215 1460 1373 1500 arduis
1400 1473 1541 1512 opera
1571 1471 1749 1503 nostro-

124 1544 224 1573 rum
246 1539 431 1584 patrum
452 1531 690 1580 utebatur3
714 1537 757 1569 et
780 1531 842 1569 ita
864 1530 1137 1570 nominatim
1159 1531 1214 1570 de
1236 1531 1430 1581 singulis
1453 1533 1664 1583 patribus
1686 1534 1748 1573 lo-

124 1604 352 1655 quebatur
374 1614 545 1653 eosque
566 1602 683 1640 miro
707 1612 865 1640 amore
886 1601 1275 1652 prosequebatur,
1299 1609 1348 1642 ut
1375 1603 1561 1653 quando
1584 1604 1753 1655 aliquis

125 1674 399 1723 discederet,
423 1684 565 1723 aegre
587 1672 742 1721 ferret,
767 1673 1023 1711 maximum
1045 1679 1223 1723 patrem
1255 1674 1443 1724 suisque
1471 1675 1637 1715 ouibus
1669 1676 1752 1715 uti-

125 1746 351 1786 lissimum
373 1756 422 1784 se
444 1744 656 1783 amisisse
679 1743 975 1792 existiman53
998 1743 1044 1782 in
1072 1743 1171 1782 eius
1192 1755 1304 1783 uero
1335 1745 1461 1784 obitu
1488 1746 1578 1785 duo
1608 1746 1752 1787 millia

126 1817 380 1869 quingenta
402 1825 698 1854 nummorum
721 1824 967 1853 aureorum
991 1813 1124 1853 nobis
1153 1820 1431 1855 testamento
1454 1816 1643 1866 legauit.

204 1887 255 1927 In
275 1886 430 1927 Natali
451 1885 664 1935 Virginis
686 1884 862 1924 Mariae
884 1885 1083 1935 primum
1107 1897 1294 1925 sacrum
1314 1887 1597 1927 celebratum
1620 1895 1689 1929 est
1707 1889 1754 1929 in

126 1966 289 1998 nostro
311 1958 499 2008 templo,
525 1955 582 1996 ad
606 1955 727 2006 quod
758 1954 1042 1995 audiendum
1073 1963 1373 1997 accesserunt
1395 1957 1572 1998 Prorex
1599 1958 1612 1976 ‘·'
1639 1960 1754 1999 eius—

128 2041 216 2082 que
238 2041 358 2069 uxor
380 2027 408 2078 ⁵,
432 2028 588 2067 multis
610 2026 820 2078 patriciis
842 2026 955 2066 uiris
977 2027 1199 2066 comitati.
1224 2026 1539 2069 Concionatus
1561 2037 1630 2069 est
1660 2031 1754 2082 qui-

129 2100 236 2140 dam
257 2101 403 2140 frater
424 2110 529 2138 cum
550 2098 754 2138 maximo
778 2098 983 2137 omnium
1005 2100 1256 2149 applausu:
1280 2099 1442 2139 eodem
1464 2101 1604 2140 etiam
1625 2101 1697 2141 die
1727 2115 1753 2142 a

128 2177 261 2211 sexta
283 2171 398 2210 hora
422 2169 649 2209 matutina
671 2180 817 2220 usque
839 2167 897 2208 ad
919 2169 1158 2208 meridiem
1181 2171 1353 2226 multae
1380 2170 1698 2212 confessiones
1729 2186 1755 2213 a

129 2242 344 2282 Patribus
379 2247 485 2281 sunt
521 2240 723 2289 auditae,
761 2239 1058 2290 postmodum
1092 2239 1188 2279 fere
1219 2252 1379 2280 omnes
1410 2242 1756 2285 Eucharistiam

129 2319 451 2364 sumpserunt:
476 2323 533 2351 ex
556 2323 609 2350 eo
633 2317 839 2361 tempore
865 2322 1008 2362 usque
1030 2310 1089 2350 ad
1111 2311 1234 2350 hunc
1257 2311 1378 2352 diem
1401 2313 1459 2352 ad
1480 2315 1757 2355 sumendum

131 2390 476 2424 sacramentum
500 2381 661 2421 altaris
681 2381 924 2421 unanimes
943 2381 1194 2431 confluunt,
1216 2382 1279 2421 ita
1296 2389 1346 2422 ut
1363 2383 1401 2422 si
1418 2384 1574 2434 plures
1599 2393 1757 2436 patres

131 2454 178 2494 in
198 2454 287 2494 hoc
309 2452 516 2503 Collegio
539 2457 714 2502 essent,
740 2452 944 2491 omnium
971 2463 1113 2503 opera
1135 2452 1411 2503 indigerent.
1442 2453 1758 2497 Concionator

131 2531 200 2565 est
230 2523 417 2576 quidam
447 2523 591 2562 frater
620 2523 667 2562 in
696 2528 856 2562 nostro
887 2523 1057 2574 templo
1087 2523 1175 2563 hoc
1209 2523 1429 2564 aduentu:
1462 2528 1760 2577 prosequitur

134 2597 248 2636 alter
283 2595 428 2635 frater
464 2594 715 2634 conciones
749 2593 992 2633 doctrinae
1027 2594 1328 2644 christianae,
1366 2607 1471 2636 cum
1500 2597 1761 2639 incredibili

133 2666 399 2706 auditorum
419 2665 642 2705 utilitate:
676 2664 807 2716 pueri
829 2663 1054 2704 docentur
1084 2664 1346 2706 doctrinam
1377 2666 1424 2706 in
1445 2668 1535 2708 alio
1569 2670 1757 2721 templo,

134 2748 366 2788 pauperes
387 2737 433 2776 in
455 2735 675 2786 hospitio,
703 2735 848 2775 vincti
870 2735 917 2775 in
945 2747 1156 2785 carcere,
1190 2736 1267 2776 ubi
1298 2744 1341 2777 et
1375 2744 1523 2789 pater,
1556 2740 1633 2791 qui
1660 2740 1764 2780 illos

192 2873 198 2891 ¹
241 2872 329 2899 Obiit
346 2873 373 2899 is
387 2872 434 2899 8.st
451 2872 659 2906 Septembris
678 2871 755 2898 1555.

193 2921 206 2940 2
245 2920 477 2947 Bernardinus
492 2920 531 2946 de
548 2919 723 2946 Cardenas
738 2923 771 2946 ct
788 2919 951 2951 Pachom,
968 2919 1043 2946 Dux
1060 2919 1098 2945 de
1118 2919 1299 2953 Maqueda.

191 2968 205 2988 ’ὁ
243 2967 422 2994 Elisabeth
437 2967 477 2993 de
493 2966 655 2994 Velasco.

300 3026 348 3064 T.
371 3037 417 3061 111
