2047 3179
844 159 922 194 AN.
955 157 1045 194 1555
1692 150 1758 193 641

131 267 234 295 meo
273 256 484 306 permisit
525 255 742 306 arbitrio,
788 255 864 306 qui
905 253 1174 294 Clarmonte
1215 252 1401 292 ordines
1442 264 1604 292 sacros
1653 264 1760 292 con-

132 325 261 366 feret.

212 397 363 437 Feriis
383 397 710 448 Exaltationis,
741 397 945 437 crastino
977 397 1050 437 die
1072 395 1378 445 celebrandiS,
1409 407 1514 434 cum
1543 395 1660 434 mira
1682 395 1760 434 ho-

134 468 309 508 minum
337 469 614 521 frequentia,
652 470 708 510 ob
742 468 935 520 pretiosi
970 467 1215 517 sanguinis
1247 466 1760 516 commonstrationem,

134 550 225 590 quo
247 539 362 579 haec
384 540 553 580 ciuitas
575 542 734 587 claret,
759 552 894 580 mane
925 540 1045 579 inter
1066 539 1237 578 missae
1265 539 1469 577 solemne
1492 536 1692 576 officium
1715 537 1762 576 in

134 621 315 650 summo
351 612 521 662 templo
558 611 887 651 concionabor.
921 610 961 650 A
989 609 1201 661 prandio,
1236 615 1369 648 sexto
1397 607 1697 658 Septembris,
1737 619 1763 647 a

134 681 358 731 primario
387 683 578 722 consule
605 681 854 732 Issoriano,
885 693 1027 733 penes
1056 691 1193 731 quem
1227 691 1408 719 summa
1437 679 1566 718 vrbis
1597 684 1666 718 est
1688 689 1764 717 au-

135 752 344 798 ctoritas,
363 764 446 803 per
467 753 626 793 literas
648 754 872 794 inuitatus
895 751 1166 804 proficiscar
1185 750 1423 799 Issorium,
1447 750 1582 789 binas
1598 749 1670 789 die
1688 748 1764 788 do-

136 823 305 863 minico
327 824 578 863 conciones
600 824 660 863 ibi
682 824 941 864 habiturus.

216 893 406 934 Ciuibus
423 894 755 935 Issoriensibus
772 894 931 935 Rmus.
949 894 1212 946 Episcopus
1230 893 1422 933 alterius
1439 893 1550 932 anni
1567 891 1768 944 quadra-

136 964 379 1015 gesimam,
408 971 459 1004 vt
488 966 751 1016 proximam
771 965 1145 1015 Biliomensibus,
1175 964 1451 1014 assignauit,
1476 963 1680 1014 mihique
1702 962 1765 1001 in-

138 1035 287 1075 iunxit
308 1042 373 1086 vt,
397 1036 436 1076 si
457 1037 535 1087 qui
563 1037 640 1077 alii
667 1037 921 1082 secundam
950 1036 1182 1087 postulent
1204 1034 1631 1087 quadragesimam,
1662 1044 1765 1084 pro-

137 1106 408 1147 missionem
430 1108 737 1158 praemissam
760 1107 1085 1159 respondeam.

218 1176 516 1218 Uberrimum
538 1179 583 1218 in
604 1179 692 1218 hac
716 1179 904 1219 ciuitate
925 1178 1129 1219 fructum
1157 1189 1311 1229 spero;
1339 1188 1449 1217 nam
1476 1175 1687 1216 nonnulli
1708 1175 1765 1215 ob

139 1249 348 1289 haeresis
369 1250 684 1301 suspicionem
711 1251 831 1290 male
861 1249 1120 1290 audierunt.
1154 1248 1489 1299 Theologicam
1510 1257 1768 1298 prosequor

140 1319 495 1370 professionem,
520 1321 742 1361 Paulinae
765 1321 823 1361 ad
843 1321 1081 1361 Romanos
1103 1320 1326 1372 epistolae
1347 1319 1441 1359 iam
1458 1325 1678 1358 octauum
1695 1329 1768 1356 ca-

140 1397 221 1441 put
241 1391 497 1442 explicans,
521 1403 627 1432 cum
648 1393 875 1443 frequenti
898 1392 1144 1432 auditorio.
1163 1390 1360 1431 Decimo
1384 1389 1671 1441 Septembris
1688 1389 1768 1428 lin-

139 1473 263 1513 guae
294 1463 545 1503 hebraicae
574 1463 914 1515 professionem
943 1463 1212 1515 auspicatus
1239 1474 1355 1502 sum.
1386 1461 1462 1501 Ad
1492 1460 1766 1501 consolatio-

140 1544 246 1573 nem
277 1533 582 1585 infirmorum,
621 1535 946 1575 dissidentium
977 1534 1422 1583 reconciliationem,
1460 1539 1504 1572 et
1534 1531 1769 1572 conscien-

141 1604 248 1654 tiae,
272 1611 322 1644 vt
343 1612 533 1655 vocant,
559 1617 751 1645 casuum
774 1606 1090 1646 definitionem
1106 1605 1197 1645 huc
1215 1611 1353 1656 atque
1370 1604 1476 1644 illuc
1494 1615 1654 1653 vocor,
1675 1603 1772 1654 qui-

141 1676 242 1726 bus,
267 1682 491 1727 quantum
513 1677 558 1716 in
583 1689 653 1716 me
679 1683 761 1726 est,
786 1689 878 1717 non
901 1677 1077 1728 absque
1103 1676 1258 1716 fructu
1288 1675 1542 1724 satisfacio,
1568 1685 1768 1725 semper-

143 1758 232 1798 que
248 1746 368 1786 inter
384 1747 568 1787 labores
585 1748 711 1788 vires
729 1754 959 1788 crescunt.
974 1746 1324 1798 Discipulorum
1340 1745 1448 1796 (sic)
1465 1745 1663 1796 hospitis
1680 1745 1771 1785 mei

144 1817 444 1857 arbitrariam
471 1830 562 1858 non
593 1830 701 1858 raro
731 1830 922 1870 operam
950 1817 1184 1869 impendo.
1218 1817 1377 1868 Itaque
1409 1817 1573 1856 messis
1610 1817 1769 1865 multa,

143 1890 388 1939 operarius
418 1890 600 1929 Vnicus.

222 1959 360 1999 Faxit
384 1959 598 2000 Christus
619 1967 684 2011 vt,
709 1960 768 2000 ad
789 1961 1052 2001 animorum
1073 1961 1272 2009 lucrum,
1306 1957 1554 1998 Societatis
1574 1958 1650 1997 hic
1673 1968 1776 1997 cre-

143 2036 244 2070 scat
272 2042 510 2081 numerus,
540 2043 824 2083 quamquam
850 2032 1057 2072 nondum
1086 2030 1363 2079 occurrerit,
1397 2030 1474 2081 qui
1510 2029 1567 2069 ad
1596 2034 1776 2068 tantam

144 2101 436 2152 prouinciam
458 2110 594 2152 aptus
616 2102 727 2142 mihi
749 2102 979 2142 videatur.
1003 2102 1217 2154 Expendi
1235 2101 1358 2153 apud
1379 2112 1577 2140 menum
1595 2100 1775 2140 consul-

144 2177 243 2212 tum
265 2178 388 2212 esset
408 2184 569 2223 necne,
593 2173 734 2213 etiam
752 2180 859 2214 ante
880 2174 1064 2224 collegii
1085 2174 1386 2223 erectionem,
1407 2171 1583 2222 aliquot
1600 2170 1778 2210 adiuto-

146 2255 222 2283 res
243 2243 302 2283 ad
324 2255 397 2283 me
419 2243 669 2294 destinare;
695 2256 803 2285 nam
824 2245 899 2285 hic
921 2245 1183 2285 vberi-imus
1203 2244 1384 2284 fructus
1406 2243 1522 2282 mihi
1543 2248 1776 2294 speratur,

147 2315 186 2354 si
216 2325 447 2365 synergos
478 2315 709 2366 quispiam
730 2316 939 2366 idoneus,
970 2316 1045 2355 vel
1071 2315 1182 2366 bini,
1207 2315 1318 2354 mihi
1340 2313 1649 2354 associentur.
1673 2311 1773 2352 Ρ.ἴὶΞ

150 2384 276 2425 Tuae
312 2384 398 2424 erit
430 2397 514 2436 pro
544 2391 624 2426 tua
655 2387 902 2437 prudentia
931 2387 1087 2426 omnia
1125 2398 1183 2426 ex
1218 2385 1409 2425 arbitrio
1445 2395 1587 2435 agere
1622 2389 1665 2423 et
1699 2383 1779 2422 im-

147 2467 330 2507 perare.

226 2526 360 2566 Rmus
389 2527 649 2579 Episcopus
682 2540 731 2567 se
764 2535 870 2568 tuae
897 2528 1026 2568 ΚΛΜ
1055 2528 1257 2568 officiose
1293 2526 1604 2567 commendat.
1643 2524 1778 2575 Vale,

118 2624 121 2627 -
146 2597 197 2637 P.
220 2598 266 2637 in
289 2597 474 2638 Christo
496 2598 607 2651 Jesu
628 2599 1066 2649 obseruandissime,
1087 2599 1164 2650 qui
1181 2605 1225 2638 te
1243 2598 1319 2638 diu
1337 2598 1469 2637 nobis
1486 2604 1644 2636 seruet
1663 2596 1783 2635 inco-

146 2669 330 2708 lumem.
360 2668 483 2708 Rdae
509 2668 588 2708 1).ῑὶ
617 2669 745 2709 Tuae
772 2670 1007 2710 humiliter
1038 2669 1251 2721 supplico
1285 2675 1333 2708 vt
1368 2680 1440 2708 me
1476 2669 1563 2707 hoc
1600 2666 1782 2719 potissi·

145 2751 271 2779 mum
294 2745 502 2790 tempore
530 2740 774 2780 sacrificiis
804 2748 847 2780 et
879 2741 1168 2781 orationibus
1201 2740 1299 2780 suis
1327 2738 1449 2791 apud
1477 2738 1629 2778 Deum
1660 2749 1784 2777 com-

146 2809 370 2849 mendare
391 2809 622 2861 dignetur.
648 2810 775 2862 Quas
796 2823 958 2863 preces
976 2812 1209 2851 uniuersis
1230 2810 1446 2850 Patribus
1466 2809 1785 2859 fratribusque

151 2880 318 2921 offerre
340 2892 399 2921 ex
419 2892 493 2921 me
512 2880 622 2921 Rfla
643 2881 744 2922 Tua
766 2894 860 2922 non
884 2883 1176 2934 grauabitur,
1207 2887 1258 2922 vt
1284 2881 1610 2933 dignissimum
1641 2879 1783 2930 digne

153 2951 253 2991 Deo
277 2950 467 2992 offeram
491 2952 787 2994 sacrificium.

315 3026 364 3064 Τ.
386 3038 432 3062 ¹11
1547 3039 1587 3071 4¹
