2047 3179
906 130 988 166 AN.
1020 129 1111 165 1555
1755 131 1828 167 255

187 228 369 268 debitas
404 234 448 268 et
482 228 693 279 publicas
730 227 902 276 lueret,
941 225 1117 265 nullum
1153 235 1247 264 non
1283 235 1475 263 mouens
1509 225 1731 275 lapidem,
1773 234 1822 266 vt

185 304 421 339 errantem
442 299 501 339 ad
522 310 687 339 sanam
706 304 909 338 mentem
940 296 1198 346 reduceret;
1223 300 1267 334 et
1289 306 1381 346 qua
1396 294 1516 334 muis
1551 295 1596 334 id
1626 307 1718 335 non
1747 308 1823 347 po-

184 370 325 410 tuerit
366 370 568 420 efficere,
615 368 828 409 omnibus
862 374 1019 407 tamen
1059 365 1308 406 catholicis
1354 371 1609 416 pergratus
1651 365 1734 405 suit
1780 373 1825 406 ct

184 452 384 491 magnae
405 440 742 480 aedificationis
762 444 859 478 tam
888 437 1076 477 sedulus
1101 436 1201 476 eius
1223 436 1358 476 labor
1382 447 1437 475 ac
1471 436 1575 487 pius
1610 442 1820 477 conatus.

261 511 483 552 Eiusdem
502 511 654 551 Patris
675 522 730 550 ac
751 510 892 549 etiam
914 508 1119 549 omnium
1140 513 1354 547 nostrum
1381 518 1526 557 opera
1547 512 1593 546 et
1627 508 1823 546 consilio

180 582 378 622 libenter
399 588 443 622 et
463 582 728 634 frequenter
750 586 943 620 Vtuntur
964 579 1116 619 dictus
1132 578 1370 618 Dominus
1394 577 1705 628 Gubernator,
1730 590 1822 618 ma-

182 653 424 703 gistratus,
449 665 503 693 ac
526 653 764 704 utriusque
785 662 926 691 sexus
947 650 1126 689 nobiles
1144 649 1351 700 plurimi,
1380 660 1579 700 quorum
1607 650 1825 700 permulti

182 724 488 764 concionibus
509 724 715 764 eiusdem
731 722 882 763 Patris
904 722 1135 761 intersunt
1156 720 1439 771 frequenter.

261 794 453 834 Plurimi
470 795 677 846 quotidie
692 805 778 834 nos
795 792 1024 833 accedunt
1043 791 1288 831 consilium
1306 798 1350 830 et
1368 790 1596 831 auxilium
1620 791 1667 830 in
1684 790 1824 831 rebus

180 866 496 906 conscientiae
519 877 631 906 suae
650 871 872 917 petentes3
892 863 1033 914 aliqui
1057 869 1104 902 vt
1136 861 1417 902 dissidentes
1444 862 1491 901 in
1520 862 1824 902 concordiam

181 937 469 987 redigamus,
494 937 688 977 maritos
725 947 831 976 cum
863 934 1090 975 vxoribus
1129 933 1227 973 suis
1261 932 1632 983 reconciliemus,
1680 933 1757 973 alii
1773 939 1826 973 vt

183 1014 404 1057 aegrotos
423 1015 500 1047 aut
522 1008 667 1047 variis
684 1006 924 1058 spiritibus
942 1010 1140 1045 vexatos
1158 1004 1425 1044 inuisamus
1444 1009 1488 1043 et
1509 1004 1823 1053 consolemur;

182 1078 260 1117 alii
282 1086 331 1118 vt
351 1090 461 1118 suos
482 1080 659 1118 amicos
681 1084 760 1118 aut
785 1077 965 1117 vicinos
986 1086 1259 1116 moneamus
1281 1075 1328 1115 in
1349 1074 1437 1115 fide
1456 1081 1716 1126 suspectos,
1742 1082 1822 1115 aut

183 1149 474 1190 haesitantes
508 1150 797 1199 roboremus,
826 1154 905 1188 aut
928 1147 1069 1187 etiam
1097 1146 1186 1186 hae
1198 1146 1292 1186 resi
1320 1146 1517 1186 infectos
1546 1146 1606 1186 ad
1633 1147 1826 1187 catholi-

182 1232 287 1260 cam
304 1220 443 1261 fidem
463 1221 758 1270 reducamus3
782 1219 861 1259 alii
882 1225 932 1258 vt
950 1230 976 1257 a
998 1217 1231 1268 scrupulis
1260 1217 1541 1266 eximantur,
1566 1223 1646 1257 aut
1667 1217 1824 1257 simili-

181 1292 266 1331 bus
282 1292 370 1343 piis
393 1292 611 1342 operibus
633 1291 865 1338 iuventus,
895 1289 1062 1341 quibus
1093 1288 1377 1339 quandoque
1411 1299 1531 1339 pene
1566 1288 1820 1328 obruimur.

262 1362 487 1402 Dedimus
521 1373 704 1413 quoque
738 1361 998 1412 spiritualia
1035 1359 1261 1399 exercitia
1295 1358 1589 1410 quibusdam,
1628 1359 1708 1410 qui
1730 1371 1821 1399 ma-

184 1445 329 1484 gnum
351 1433 555 1474 fructum
581 1433 793 1473 fecerunt
823 1431 850 1472 ¹.
886 1432 1009 1472 Inter
1042 1437 1224 1471 ceteros
1253 1430 1438 1470 cuidam
1467 1429 1604 1470 fratri
1633 1430 1824 1470 Franci-

183 1516 341 1556 scano,
367 1505 536 1545 eximio
558 1504 809 1544 admodum
830 1502 1165 1552 concionatori‚
1200 1502 1279 1554 qui
1305 1501 1510 1541 fructum
1531 1501 1823 1552 singularem

180 1576 306 1627 fecit,
331 1583 374 1616 et
394 1588 489 1616 non
510 1575 699 1615 dubium
715 1575 825 1627 quin
842 1573 1139 1622 Societatem,
1163 1579 1260 1613 tum
1294 1573 1341 1613 in
1376 1573 1697 1624 concionibus,
1721 1579 1820 1613 tum

182 1648 230 1688 in
250 1648 448 1699 priuatis
469 1646 725 1699 colloquiis,
747 1646 997 1698 plurimum
1018 1656 1102 1685 suo
1129 1650 1340 1695 tempore
1369 1649 1413 1684 et
1437 1644 1541 1684 loco
1569 1655 1818 1695 promoue-

185 1719 248 1759 bit
269 1718 297 1769 ”²3
322 1730 426 1759 eam
449 1718 569 1758 enim
592 1729 771 1758 summe
793 1717 944 1767 diligit
966 1722 1010 1756 et
1031 1716 1286 1767 plurimum
1308 1720 1576 1755 veneratur.

260 1790 390 1830 Haec
410 1789 508 1829 fere
529 1794 650 1839 sunt,
673 1787 773 1828 R.de
801 1787 887 1838 P.r,
910 1798 1029 1839 quae
1050 1798 1175 1827 nunc
1196 1786 1310 1826 mihi
1332 1792 1588 1826 occurrunt
1611 1786 1818 1826 scriben-

180 1862 254 1912 da;
278 1868 321 1901 et
343 1861 433 1901 nisi
455 1872 558 1900 mea
579 1859 865 1910 negligentia
886 1865 931 1898 et
951 1857 1312 1910 pusillanimitas
1340 1857 1580 1907 obfuisset,
1612 1868 1707 1897 non
1738 1856 1822 1897 du-

181 1933 275 1973 bito
296 1933 406 1984 quin
428 1931 661 1971 Dominus
682 1931 817 1982 plura
838 1929 1059 1979 dedisset,
1081 1929 1334 1980 praecipue
1356 1928 1401 1968 in
1423 1928 1612 1968 ciuitate
1634 1934 1731 1968 tam
1756 1928 1823 1968 in—

179 2004 303 2044 fecta
320 2003 505 2044 haeresi
522 2009 571 2042 et
589 2010 682 2042 tam
701 2002 838 2053 plena
856 2001 983 2040 omni
994 2011 1167 2051 genere
1185 1999 1423 2049 vitiorum3
1442 1999 1523 2039 sed
1540 2010 1679 2050 spero
1696 2000 1821 2051 quod

187 2074 238 2115 P.
263 2075 315 2115 T.
341 2074 564 2115 obtinebit
586 2073 719 2113 nobis
741 2084 765 2112 a
788 2072 991 2112 Domino
1012 2071 1217 2122 gratiam
1244 2071 1380 2122 plura
1408 2069 1611 2110 faciendi
1639 2071 1728 2111 hoc
1754 2070 1819 2111 fu-

183 2152 287 2187 turo
309 2144 640 2198 quadrimestri
662 2143 721 2183 ad
741 2143 840 2183 eius
861 2143 1062 2193 gloriam
1080 2148 1124 2182 et
1141 2142 1383 2191 honorem,
1402 2141 1607 2181 maxime
1625 2141 1666 2181 si
1681 2142 1817 2182 nobis

182 2229 367 2269 quoque
406 2215 677 2256 concionari
711 2215 862 2254 liceat.
900 2213 1089 2253 Interim
1117 2224 1204 2252 nos
1233 2224 1394 2252 omnes
1428 2212 1666 2252 humiliter
1698 2223 1819 2253 com-

182 2289 457 2329 mendamus
479 2287 694 2338 precibus
729 2291 773 2325 et
808 2285 982 2325 sanctis
1018 2284 1261 2324 sacrificiis
1290 2283 1350 2323 V.
1375 2283 1427 2323 R.
1452 2283 1501 2324 P.
1529 2295 1585 2324 ac
1607 2284 1816 2324 omnium

183 2359 377 2401 Patrum
393 2366 438 2399 et
455 2358 667 2407 fratrum,
688 2362 785 2396 tam
803 2356 850 2396 in
867 2355 1087 2406 Collegiis
1106 2366 1246 2406 quam
1268 2354 1313 2394 in
1336 2354 1475 2395 domo
1497 2353 1511 2373 ⁵
1529 2354 1799 2406 degentium
1809 2386 1822 2392 ,⁷

181 2431 400 2472 Feliciter
421 2430 543 2470 vale.

262 2501 480 2551 Tornaci,
510 2499 556 2540 16
579 2499 665 2539 cal.
694 2497 940 2538 Februarii
964 2496 1079 2536 1555.

262 2573 313 2614 T.
338 2572 391 2613 R.
415 2572 464 2612 P.
489 2570 664 2611 inutilis
686 2580 852 2609 seruus
873 2568 921 2608 in
942 2567 1145 2617 Christo,

988 2675 1273 2715 BERNARDUS
1305 2673 1575 2715 OLIVERIUs.

236 2807 245 2826 ¹
286 2806 466 2840 ceperunt.
480 2803 660 2831 Polancus.

235 2855 249 2874 2
286 2851 535 2881 Praecedentia
550 2851 616 2877 hac
631 2849 764 2877 ratione
780 2847 976 2875 emendavit
996 2846 1175 2874 Polancus:
1200 2847 1330 2874 eximio
1364 2847 1557 2874 admodum
1578 2848 1821 2876 concionator&

181 2909 260 2929 cum
270 2901 398 2937 fructu
410 2898 602 2932 singulari,
616 2899 648 2924 et
664 2904 731 2923 non
752 2896 899 2923 dubium
915 2895 1000 2928 quin
1014 2894 1263 2922 Societatem...
1282 2897 1492 2929 promovere
1504 2896 1652 2929 poterit.

238 2949 252 2969 3
289 2948 326 2976 In
343 2947 502 2981 Collegiis
518 2946 669 2972 Romano
685 2949 717 2971 et
734 2943 936 2970 Germanico
952 2946 984 2969 et
1001 2942 1032 2970 in
1048 2942 1144 2969 domo
1159 2942 1392 2977 professorum
1408 2942 1574 2970 Romana.
