2047 3179
896 177 979 213 Ax.
1010 174 1099 212 1554
1753 175 1821 212 105

187 276 272 315 stri
301 275 527 315 electione
560 280 638 314 aut
674 273 1002 324 reprobatione
1031 272 1269 312 decretum
1300 270 1491 312 Senatui
1524 271 1815 311 referendum

188 352 408 386 statuent.
428 345 567 386 Certe
583 345 804 396 plerique,
824 348 873 383 vt
890 343 1004 383 nihil
1023 348 1183 393 agant,
1208 341 1330 393 quod
1352 342 1425 381 vel
1443 341 1734 381 Pontificiam
1756 342 1818 381 di-

189 417 415 468 gnitatem
438 416 659 463 offendat,
684 416 759 455 vel
780 413 1028 455 Societatis
1057 413 1297 463 negotium
1324 419 1601 463 promoueat
1630 412 1819 462 (Vtrum-

190 500 278 539 que
323 488 447 528 enim
486 488 663 527 euitare
701 485 914 534 student,
958 484 1167 524 neutrius
1206 484 1465 534 periculum
1504 484 1692 523 euasuri
1732 484 1821 523 nisi

191 565 394 598 mentem
414 558 624 608 mutent),
649 558 881 605 simulant,
906 556 1178 607 neutiquam
1200 555 1332 594 nobis
1354 555 1640 605 persuasuri,
1665 566 1714 594 se
1743 553 1818 595 So-

193 630 376 669 cietatis
396 630 587 680 negotia
609 628 954 677 administrare,
979 637 1121 678 quum
1138 626 1344 666 taedium
1361 626 1495 666 nobis
1512 636 1693 676 parere,
1717 637 1820 666 nos*

192 712 280 753 que
307 712 430 740 vana
460 712 540 752 spe
568 702 745 740 lactare
773 699 1004 739 studeant.
1030 698 1292 749 Episcopus
1318 697 1598 737 Parisiensis
1623 696 1631 716 ¹
1656 697 1819 737 infesta

193 770 417 812 Societati
448 772 584 822 signa
612 771 796 811 assidue
818 770 1037 810 minatur.
1064 768 1166 820 Quo
1189 780 1263 809 res
1285 768 1474 808 tandem
1496 769 1678 808 eueniet
1699 768 1821 820 peni-

190 852 264 883 tus
292 843 590 893 ignoramus,
613 842 704 882 nisi
739 841 862 893 quod
890 852 1056 892 parum
1077 840 1255 880 fauoris
1283 851 1310 879 a
1339 840 1603 891 theologica
1631 839 1821 879 faculta-

192 920 236 953 te
258 914 393 954 nobis
428 914 745 966 polliceamur.
768 912 907 953 Faxit
938 912 1152 953 Christus
1175 918 1224 952 vt
1254 911 1482 962 proximis
1519 911 1666 951 literis
1701 912 1823 951 laeta

189 983 273 1024 ΡΜ
300 991 408 1025 tuae
430 985 764 1025 renuntiemus.

272 1055 600 1107 Superioribus
634 1056 781 1096 literis
812 1055 1025 1107 proxime
1055 1055 1215 1106 elapso
1246 1066 1406 1095 mense
1437 1055 1496 1095 ad
1525 1053 1670 1094 R.tiam
1698 1061 1826 1095 tuam

194 1127 349 1167 missis
370 1127 383 1145 ”²
405 1128 673 1171 intellexisti
694 1139 766 1167 me
788 1126 879 1167 Κῶ
898 1126 1051 1167 Patris
1072 1126 1314 1166 Paschasii
1336 1126 1616 1166 auctoritate
1637 1125 1822 1176 fretum,

195 1199 417 1249 auspiciis
438 1199 678 1249 praeteriti
700 1199 872 1239 mensis
893 1198 939 1238 in
961 1198 1108 1238 tribus
1139 1198 1275 1249 pagis
1303 1198 1577 1238 concionem
1605 1198 1823 1238 habuisse

197 1281 303 1310 cum
330 1270 560 1321 frequenti
596 1271 753 1321 populi
783 1269 1001 1309 confluxu
1032 1276 1076 1309 et
1110 1269 1293 1309 fauore:
1327 1269 1459 1309 cuius
1493 1275 1821 1320 argumentum

200 1341 414 1392 praebuit
448 1342 551 1392 pius
586 1341 891 1381 Dominorum
931 1341 1029 1380 eius
1069 1341 1200 1392 pagi,
1239 1341 1285 1380 in
1320 1352 1411 1391 quo
1453 1341 1655 1392 quinque
1685 1340 1825 1380 habui

199 1412 465 1462 conciones,
487 1411 696 1460 affectus,
715 1411 901 1451 Patrem
922 1411 1229 1452 Paschasium
1250 1411 1520 1463 rogantium
1541 1423 1651 1451 num
1673 1412 1825 1462 proxi-

201 1494 276 1522 ma
295 1483 657 1534 quadragesima
678 1483 825 1534 ipsius
841 1483 1035 1523 arbitrio
1056 1483 1227 1523 ibidem
1245 1495 1300 1523 ac
1321 1483 1457 1534 pagIs
1478 1483 1826 1523 circumuicinis

202 1554 471 1594 concionari
492 1555 680 1594 vellem:
700 1554 864 1605 quibus
885 1553 1021 1594 Pater
1044 1565 1128 1594 nec
1151 1554 1417 1605 refragatus
1440 1560 1510 1594 est
1529 1566 1614 1594 nec
1637 1554 1825 1594 omnino

201 1625 458 1675 consensit,
490 1625 637 1665 donec
670 1625 968 1676 negotiorum
997 1626 1323 1677 opportunitas
1358 1637 1407 1665 se
1443 1625 1621 1665 offerat.
1661 1624 1824 1665 Subse-

201 1697 447 1748 quentibus
474 1696 719 1737 dominicis
756 1697 916 1737 diebus
950 1697 996 1737 in
1031 1697 1178 1737 tribus
1215 1697 1316 1737 aliis
1352 1697 1487 1749 pagis
1523 1697 1826 1737 ecclesiastae

200 1767 350 1807 officio
371 1767 556 1807 functus
578 1779 694 1818 sum,
715 1767 1049 1808 humanissime
1071 1780 1097 1807 a
1119 1767 1322 1808 Domino
1343 1768 1448 1816 loci,
1473 1769 1520 1808 in
1542 1780 1631 1820 quo
1654 1774 1827 1819 postre-

200 1850 325 1878 mam
347 1839 489 1878 habui
511 1839 799 1887 concionem,
820 1846 1058 1890 exceptus,
1076 1839 1184 1879 licet
1202 1851 1290 1890 ego
1313 1852 1396 1891 pro
1414 1851 1516 1880 meo
1539 1851 1669 1880 more
1692 1851 1827 1879 omne

202 1910 406 1950 conuiuii
428 1910 782 1950 contubernium
803 1910 954 1950 Vitare
975 1912 1275 1963 modesteque
1296 1923 1518 1952 recusare
1539 1912 1730 1952 soleam.

280 1980 442 2032 Itaque
463 1981 710 2030 Euangelii
738 1981 996 2021 ministerio
1017 1981 1204 2022 functus
1231 1982 1455 2022 trimestri
1475 1982 1571 2023 fere
1602 1983 1753 2034 spatio
1782 1983 1828 2023 in

201 2052 436 2098 undecim,
474 2058 571 2091 tum
612 2050 916 2102 Senonensis,
955 2059 1053 2093 tum
1088 2052 1367 2093 Parisiensis
1407 2054 1657 2105 dioecesis,
1696 2055 1828 2105 locis,

202 2123 388 2163 domurn
423 2134 662 2173 reuersus,
688 2135 812 2173 eum,
838 2123 915 2175 qui
934 2124 1216 2175 penultimus
1238 2132 1428 2165 nostrae
1449 2125 1653 2166 familiae
1674 2138 1828 2166 nume-

202 2206 306 2234 rum
336 2194 487 2243 auxit,
512 2195 776 2245 complures
798 2194 895 2234 dies
924 2206 1029 2235 cum
1049 2195 1166 2235 febri
1194 2203 1348 2246 acuta,
1373 2197 1547 2248 absque
1568 2198 1661 2237 Vlla
1692 2198 1828 2238 inter-

203 2265 425 2304 missione
461 2276 630 2316 corpus
665 2265 811 2316 ipsius
845 2266 1136 2317 exagitante,
1175 2268 1428 2307 luctantem
1468 2268 1658 2320 offendi,
1693 2280 1830 2320 quem

201 2336 297 2376 iam
326 2347 471 2376 vnum
502 2347 557 2376 ac
588 2336 755 2386 viginti
784 2335 882 2376 dies
912 2336 1028 2377 febri
1069 2339 1289 2378 continua
1334 2346 1647 2391 aestuantem,
1685 2342 1829 2381 coele-

205 2407 343 2447 stium
366 2407 540 2447 ciuium
569 2418 815 2447 numerum
846 2409 1117 2459 propediem
1143 2417 1389 2450 aucturum
1411 2418 1509 2450 tum
1530 2411 1699 2452 medici
1735 2418 1832 2452 tum

203 2478 474 2529 chirurgus,
512 2484 651 2530 atque
693 2478 809 2518 adeo
844 2490 930 2519 nos
965 2480 1053 2531 ipsi
1093 2481 1450 2521 arbitrabamur.
1493 2482 1640 2534 Atqui
1679 2484 1836 2524 mitius

204 2560 328 2589 nunc
362 2560 411 2589 se
445 2549 605 2599 habet,
643 2549 1007 2600 phlebotomiam
1043 2562 1125 2591 seu
1161 2564 1310 2592 venae
1342 2553 1617 2594 incisionem
1648 2555 1836 2595 tertiam

202 2619 342 2660 hodie
372 2631 560 2671 passus:
585 2620 631 2660 in
661 2620 797 2670 gravi
819 2626 975 2661 tamen
1007 2623 1158 2662 adhuc
1188 2623 1349 2663 haeret
1381 2624 1673 2676 discrimine,
1698 2638 1837 2677 quem

204 2689 304 2730 P.tis
322 2691 451 2731 Tuae
473 2692 764 2732 orationibus
787 2693 1170 2734 commendamus
1193 2695 1377 2735 obnixe.
1404 2695 1629 2737 Picardus
1660 2704 1730 2738 est
1759 2710 1836 2738 na-

261 2898 269 2916 ¹
313 2898 519 2927 Eustachius
536 2900 578 2927 du
597 2900 729 2936 Bellay.

258 2946 271 2965 ²
307 2946 466 3021 Iontellige
481 2948 617 2975 litteras
633 2949 785 2982 proxime
802 2950 918 2984 elapso
935 2951 1178 2985 quadrimestri
1194 2952 1337 2982 Romam
1353 2955 1485 2989 missas,
1503 2963 1586 2990 quas
1602 2956 1707 2983 habes
1723 2963 1829 2990 supra

204 3000 282 3027 pag.
301 2995 311 3020 1
335 2995 363 3021 7.
