2047 3179
924 152 1007 189 AN.
1038 151 1129 188 1555
1768 147 1844 184 231>

208 252 487 291 inuenerunt
528 250 813 302 Episcopum
852 247 1218 299 Algarbiensem
1254 245 1279 295 ¹,
1318 256 1550 285 summum
1595 244 1836 294 Inquisito-

211 334 329 373 rem,
358 322 436 374 qui
457 327 652 362 venerat
686 331 828 360 causa
862 320 989 370 ipsos
1010 318 1215 358 videndi.
1238 316 1448 367 Vterque
1476 321 1545 355 est
1579 315 1726 354 nostri
1762 326 1838 354 cu-

210 394 480 445 pidissimus
520 404 575 432 ac
601 390 977 432 amantissimus:
1011 389 1139 440 cupit
1168 394 1362 439 uterque
1398 386 1445 426 in
1476 397 1560 425 sua
1592 385 1837 436 prouincia

209 465 468 515 Collegium
508 462 755 504 aedificare
794 467 1046 513 petuntque
1081 472 1108 499 a
1148 459 1282 499 nobis
1327 457 1585 509 operarios,
1623 456 1836 496 Accersi-

210 542 285 576 tus
315 542 384 575 est
412 535 571 574 statim
603 534 652 574 Ρ.
675 533 880 586 Joannes
913 531 1112 581 Nonius,
1151 529 1227 581 qui
1254 528 1603 570 Conimbricam
1637 526 1839 575 abierat,

210 607 289 646 vbi
312 606 543 646 Dominus
562 605 691 645 illum
711 603 894 655 excepit
915 602 1080 643 morbo
1101 601 1255 653 gravi,
1274 600 1382 640 licet
1402 611 1495 639 non
1517 598 1748 638 diuturno:
1774 609 1839 636 re—

211 678 294 717 diit
328 677 541 728 protinus
582 677 719 729 plane
754 674 1080 715 confirmatus:
1118 677 1362 723 comparat
1396 682 1446 710 se
1482 670 1542 710 ad
1576 668 1844 708 faciendam

213 748 552 800 professionem
573 746 929 788 conuenientem
963 743 1376 785 constitutionibus
1398 741 1427 779 ².
1453 740 1595 782 Venit
1616 739 1664 780 P.
1688 739 1843 779 Miron

213 831 309 859 non
330 819 474 859 multo
501 824 606 870 post
627 817 880 858 ualentior:
903 815 1124 856 conuenit
1151 825 1334 865 regem⁷
1357 812 1432 853 cui
1453 812 1569 852 dixit
1590 817 1640 850 vt
1672 810 1844 850 scribe-

213 896 284 930 ret
304 901 380 930 res
409 890 704 929 necessarias
731 887 1013 940 profecturis
1040 885 1098 926 ad
1126 885 1387 926 Pretiosum
1407 884 1658 936 Joannem:
1681 882 1727 922 id
1755 881 1845 921 hoc

214 967 424 1012 tempore
459 967 607 1001 curat.
643 960 895 1012 Speramus
929 956 1200 1010 propediem
1231 955 1480 1005 affuturos,
1504 954 1582 1005 qui
1611 958 1719 993 sunt
1746 952 1849 992 mit·

214 1031 343 1072 tendi
364 1044 423 1072 ex
443 1031 674 1083 Hispania
695 1029 916 1071 citeriori.
937 1028 1184 1070 Nostrates
1206 1027 1299 1067 iam
1320 1031 1426 1066 sunt
1448 1025 1603 1074 electi,
1629 1022 1847 1075 quemad-

216 1102 406 1143 modum
440 1103 604 1143 literae
638 1108 746 1142 tuae
788 1101 970 1142 docent.
1002 1100 1153 1140 Huius
1184 1099 1254 1139 rei
1288 1109 1431 1138 causa
1465 1096 1643 1136 factum
1676 1101 1746 1135 est
1777 1106 1846 1134 sa-

217 1173 441 1214 crificium
476 1173 553 1213 hic
586 1179 630 1213 et
664 1173 711 1213 in
744 1172 968 1223 CollegiO.
1005 1170 1054 1211 Ρ.
1075 1171 1282 1224 Joannes
1308 1168 1488 1210 Nonius
1523 1174 1566 1208 et
1595 1166 1851 1207 Carnerius

218 1244 538 1296 efflagitabant
568 1244 732 1285 doctos
759 1243 1048 1294 caeterisque
1076 1241 1254 1282 artibus
1291 1240 1552 1292 praeditos,
1578 1238 1654 1290 qui
1682 1237 1745 1277 illi
1780 1248 1852 1276 re-

217 1316 348 1367 gioni
370 1315 650 1356 conducunt.
675 1314 985 1366 Congregatis
1007 1319 1185 1365 septem
1205 1312 1422 1352 Patribus
1443 1322 1605 1351 coram
1625 1309 1675 1349 P.
1695 1307 1853 1360 M[iro-

225 1386 306 1439 ne]
344 1393 387 1427 et
428 1387 607 1440 Joanne
641 1386 813 1435 Nonio,
849 1385 985 1426 electi
1018 1390 1126 1425 sunt
1160 1384 1209 1424 P.
1247 1383 1483 1424 Antonius
1517 1382 1573 1422 de
1613 1380 1853 1431 Quadros,

221 1458 270 1498 P.
300 1459 576 1498 Emmanuel
601 1457 897 1508 Fernandus,
929 1462 1069 1508 atque
1093 1455 1264 1495 Frater
1293 1453 1537 1494 Pascualis
1560 1451 1589 1490 ⁵.
1619 1452 1761 1491 Plane
1788 1451 1859 1491 Vi·

222 1529 389 1568 dentur
425 1529 583 1568 diuino
619 1528 814 1568 consilio
849 1527 1004 1577 electi,
1027 1527 1214 1578 Vtrique
1248 1525 1371 1565 enim
1403 1524 1526 1576 parti
1561 1522 1856 1563 satisfactum

220 1606 306 1640 est.
330 1599 450 1639 Nam
471 1599 688 1651 quamuis
708 1599 758 1639 Ρ.
781 1598 1016 1639 Antonius
1037 1598 1093 1638 de
1123 1596 1341 1648 Quadros
1370 1595 1495 1635 omni
1525 1595 1754 1634 virtutum
1780 1604 1858 1644 ge-

218 1682 348 1717 nere,
374 1670 603 1720 singulari
633 1670 915 1720 eruditione,
939 1668 1146 1719 ingenio,
1169 1667 1365 1718 viribus,
1388 1665 1626 1718 praeditus
1650 1665 1734 1715 sit,
1762 1677 1858 1704 non

218 1747 379 1781 tamen
408 1740 601 1792 perinde
630 1740 829 1780 sentitur
859 1740 958 1780 eius
985 1739 1243 1789 discessus,
1267 1750 1373 1778 cum
1403 1737 1450 1777 in
1479 1736 1747 1788 praesentia
1778 1747 1862 1775 Va·
1896 1788 1902 1792 ¹

223 1824 339 1852 cuus
374 1818 497 1852 esset
532 1812 589 1852 ab
627 1811 842 1852 omnibus
875 1811 1092 1862 negotiis.
1116 1810 1315 1850 Videtur
1345 1808 1576 1849 Dominus
1611 1819 1716 1848 eum
1750 1807 1858 1846 huic

224 1883 415 1935 negotio
461 1883 740 1933 destinasse,
789 1882 914 1933 quod
957 1881 1005 1923 P.
1046 1881 1255 1934 Joannes
1298 1880 1603 1920 Vehementer
1648 1878 1856 1930 optabat.

225 1953 273 1994 P.
297 1954 573 1994 Emmanuel
602 1953 879 1993 Fernandus
912 1952 1193 1993 versabatur
1213 1951 1261 1991 in
1290 1950 1646 2001 probationibus
1677 1948 1860 1990 Conim-

223 2025 404 2076 bricae;
435 2025 636 2065 necdum
664 2024 780 2064 duos
808 2036 958 2064 annos
985 2023 1269 2064 confecerat.
1292 2022 1493 2063 Videtur
1523 2027 1661 2061 natus
1696 2020 1756 2060 ad
1784 2031 1865 2060 res

225 2096 572 2137 ecclesiasticas
606 2102 650 2136 et
672 2095 820 2135 officia
856 2095 1098 2135 solemnia.
1130 2094 1399 2146 Antequam
1435 2100 1558 2133 esset
1590 2093 1858 2143 ingressus,

224 2168 379 2208 fuerat
399 2167 587 2207 functus
608 2166 811 2218 quodam
831 2178 1023 2206 munere
1046 2166 1094 2206 in
1119 2166 1292 2217 templo
1313 2165 1519 2205 maximo
1540 2163 1739 2204 Eborae.
1764 2161 1860 2202 Au·

280 2351 290 2372 ¹
329 2351 494 2385 Joannem
507 2350 547 2377 de
562 2349 672 2377 Mello.

280 2399 293 2418 2
332 2399 583 2426 Professionem
598 2405 679 2424 vere
694 2397 806 2424 emisit
818 2397 855 2424 P.
871 2396 1018 2430 Joannes
1033 2397 1147 2425 Nunes
1162 2398 1215 2425 die
1230 2398 1277 2425 8.ξι
1292 2396 1503 2433 Septembris
1519 2396 1599 2423 anni
1624 2395 1703 2422 1554.
1719 2394 1865 2428 Quomo-

227 2447 268 2474 do
283 2447 389 2480 igitur
409 2453 530 2473 verum
550 2449 602 2472 est
618 2445 705 2479 quod
720 2445 775 2472 hie
791 2445 840 2472 ait
861 2445 899 2472 P.
924 2444 1086 2479 Silveira,
1106 2446 1250 2479 scilicet,
1273 2446 1411 2473 Pati-em
1433 2445 1558 2478 Nunes,
1582 2443 1767 2477 incipiente
1787 2442 1861 2476 jam

224 2502 313 2522 anno
330 2495 407 2528 1555,
423 2502 458 2521 se
474 2500 677 2527 comparare
692 2492 735 2520 ad
751 2493 995 2526 professionem
1011 2492 1321 2521 Constitutionibus
1337 2493 1521 2520 Societatis
1537 2490 1799 2519 convenientem
1815 2489 1864 2516 fa-

227 2541 396 2568 ciendam?
417 2541 503 2568 Huic
529 2539 721 2567 difficultati
745 2539 869 2573 duplex
892 2540 1031 2567 videtur
1052 2540 1245 2574 excogitari
1260 2548 1359 2575 posse
1375 2547 1586 2574 responsum.
1612 2539 1682 2566 Lum
1696 2537 1868 2571 scriptam

227 2589 316 2616 hanc
330 2589 496 2623 epistolae
511 2592 645 2622 partem
660 2587 764 2614 fuisse
776 2590 855 2614 ante
870 2587 943 2614 8‚am
955 2587 1176 2622 Septembris;
1192 2588 1266 2614 2,um
1280 2595 1471 2615 sermonem
1487 2587 1541 2614 hic
1557 2594 1632 2613 esse
1648 2593 1711 2612 non
1728 2584 1768 2611 de
1788 2592 1866 2619 pro-

226 2636 373 2663 fessione
385 2636 521 2670 proprie
532 2636 635 2668 dicta,
648 2634 705 2661 sed
721 2634 760 2661 de
772 2634 862 2661 votis
873 2634 1094 2669 simplicibus,
1106 2642 1193 2669 quae
1208 2643 1228 2662 a
1240 2635 1407 2663 Professis
1421 2639 1495 2670 post
1510 2635 1604 2662 illam
1619 2633 1866 2668 professionem

228 2685 445 2711 emittuntur.
461 2683 564 2710 Nobis
580 2683 643 2709 hoc
665 2682 850 2709 secundum
865 2683 999 2710 omnino
1014 2683 1191 2717 probatur,
1207 2688 1277 2710 tuln
1292 2686 1372 2718 quia
1386 2683 1419 2711 in
1443 2690 1535 2710 more
1551 2683 1701 2717 positum
1716 2681 1869 2716 quando·

229 2739 292 2765 que
314 2732 377 2759 fuit
395 2732 463 2759 illis
479 2730 688 2764 temporibus
702 2734 785 2757 vota
800 2730 885 2757 haec
900 2730 1070 2764 simplicia
1084 2731 1286 2764 quibusdam
1307 2736 1366 2759 aut
1383 2731 1501 2758 diebus
1515 2734 1575 2757 aut
1599 2730 1771 2757 mensibus
1789 2733 1866 2764 post

229 2779 476 2813 professionem
492 2778 650 2805 emissam
665 2778 901 2812 pronuntiare,
915 2781 952 2804 ut
967 2778 1186 2812 autographa
1207 2779 1281 2812 ipsa
1298 2779 1425 2813 legenti
1446 2782 1555 2813 patet,
1574 2781 1644 2804 tum
1662 2777 1769 2804 etiam
1784 2776 1867 2811 quia

230 2826 330 2861 hujus
341 2826 389 2853 rei
406 2826 565 2853 indicium
577 2825 663 2852 satis
677 2824 862 2851 vehemens
877 2825 1042 2859 praebere
1056 2825 1117 2852 illa
1132 2828 1241 2853 verba
1257 2827 1420 2853 videntur
1441 2826 1711 2853 convenientem
1734 2824 1865 2851 Consti-

227 2874 438 2901 nationibus.
448 2873 528 2900 --De
549 2873 601 2899 his
617 2873 716 2906 plura
731 2880 805 2899 cum
822 2872 1037 2907 Catalogum,
1063 2872 1135 2900 Deo
1156 2874 1306 2908 volente,
1330 2875 1469 2902 edemus
1491 2874 1650 2907 omnium,
1674 2873 1729 2907 qui
1745 2872 1867 2900 Sancti

226 2921 356 2955 Ignatii
373 2926 525 2955 tempore
542 2920 751 2948 Societatem
767 2920 912 2954 ingressi
927 2921 1076 2948 fuerunt.

285 2969 299 2989 ⁵
337 2969 517 2996 Paschalis
532 2968 757 3003 Catalaunus,
772 2969 821 2996 sie
837 2968 949 2996 dictus
964 2976 984 2996 a
999 2968 1217 3003 catalaunia,
1233 2970 1288 2997 ubi
1304 2971 1450 3005 primam
1466 2971 1573 2998 lucem
1590 2970 1738 2997 viderat.
