2047 3179
865 179 944 215 Ax.
978 179 1067 215 1555
1712 180 1781 217 507

152 288 258 317 cum
296 277 342 316 in
369 277 459 316 tria
490 277 643 328 capita
671 288 746 317 res
774 283 871 316 tota
899 276 1146 315 distributa
1182 275 1255 325 sit,
1293 275 1337 314 in
1372 275 1567 314 fratrum
1604 277 1780 316 scilicet

151 348 527 397 emolumentum,
552 348 771 388 iuuenum
788 347 1144 399 promotionem,
1164 345 1549 396 exomologeseos
1570 346 1776 397 frequen-

151 418 396 469 tationem,
445 431 500 458 ac
540 419 753 459 crebram
794 426 1128 458 sacrosanctae
1173 428 1410 468 synaxeos
1451 417 1779 468 sumptionem3

152 495 376 540 quantum
406 489 617 529 doctrina
645 489 816 529 fratres
848 500 902 528 ac
931 488 1089 540 probis
1117 488 1324 527 moribus
1357 487 1404 527 in
1436 487 1535 527 dies
1566 499 1781 528 crescant

151 561 344 611 longum
365 567 486 600 esset
509 572 591 611 per
612 561 797 611 singula
819 571 1028 612 quaeque
1051 570 1313 609 recensere;
1337 559 1605 598 summatim
1626 566 1782 598 autem

153 631 373 671 nonnulla
393 631 636 681 attingam,
658 632 823 683 quibus
841 629 1113 682 perspectis.
1133 629 1299 680 possis,
1319 628 1372 669 R.
1392 628 1458 679 P„
1479 636 1665 668 caetera
1683 640 1780 680 per-

150 702 355 753 pendere
377 708 515 753 atque
537 703 802 742 aestimare.

232 771 439 812 Primum
456 773 614 823 igitur,
634 773 757 824 quod
774 772 977 812 maxime
995 770 1201 811 omnium
1222 770 1406 811 difficile
1429 771 1601 822 alioqui
1623 778 1707 821 est,
1735 772 1782 811 in

153 848 220 882 tot
243 843 487 882 nationum
508 855 781 895 morumque
804 843 1075 883 diuersitate
1103 842 1302 882 fratrum
1323 853 1505 881 summa
1528 841 1781 882 concordia

153 919 237 963 est,
261 919 308 952 ut
330 925 423 953 non
446 914 693 965 propinqui
716 914 867 964 modo,
893 914 973 954 sed
996 915 1069 953 uel
1089 914 1261 954 fratres
1282 912 1450 953 uterini
1473 924 1574 952 esse
1597 913 1782 952 uidean-

153 989 242 1024 tur.
268 983 408 1034 Quid?
429 996 520 1036 qua
539 984 781 1035 diligentia
800 985 1016 1025 ardentes
1033 984 1162 1024 horis
1179 984 1484 1035 praescriptis
1502 995 1666 1035 preces
1682 983 1783 1023 Deo

153 1062 246 1106 opt.
267 1067 391 1094 max.
415 1055 630 1096 fundant?
649 1068 739 1107 qua
756 1056 902 1096 literis
919 1055 1209 1095 incumbant?
1238 1066 1328 1106 qua
1351 1066 1435 1094 suo
1462 1067 1645 1106 quoque
1673 1062 1785 1094 tem-

151 1137 265 1177 pore
281 1127 532 1178 gymnasia
551 1127 734 1175 adeant,
756 1139 811 1167 ac
828 1127 1068 1178 discipulis
1086 1138 1270 1166 omnem
1286 1126 1620 1177 grammatices
1637 1138 1782 1177 prope

153 1197 382 1238 infinitam
397 1198 492 1238 uim
510 1210 565 1238 ac
581 1198 828 1238 materiam
844 1197 1051 1238 tradant?
1066 1197 1237 1237 Multos
1255 1203 1431 1245 nostra,
1450 1198 1621 1248 plures,
1642 1198 1783 1238 maio-

152 1280 255 1308 rum
277 1275 444 1318 aetate,
470 1269 685 1320 precibus
712 1269 925 1309 homines
943 1269 1137 1319 deditos,
1158 1270 1325 1308 multos
1347 1268 1500 1308 studio
1523 1269 1782 1319 literarum,

153 1340 323 1379 multos
343 1339 541 1391 denique
559 1340 892 1391 discipulorum
913 1339 1151 1391 profectus
1173 1339 1367 1390 cupidos
1388 1339 1603 1388 uidimus;
1629 1345 1691 1388 at,
1708 1340 1784 1390 qui

154 1409 270 1450 haec
288 1412 443 1451 omnia
456 1417 765 1462 praestarent,
788 1411 988 1451 uidimus
1005 1422 1196 1462 paucos.
1221 1409 1355 1461 Quod
1372 1416 1501 1450 tanto
1526 1410 1785 1450 mirabilius

154 1481 290 1521 debet
310 1481 473 1529 uideri,
498 1489 671 1533 quanto
693 1482 859 1522 maiori
880 1481 1169 1522 humanitate
1191 1481 1491 1521 coniunctum
1514 1488 1598 1521 est.

234 1552 309 1593 Ad
339 1553 581 1593 literarum
609 1554 867 1593 studiosam
895 1553 1197 1600 iuuentutem,
1229 1564 1368 1603 quam
1391 1552 1548 1604 probis
1578 1553 1786 1593 moribus

156 1635 212 1663 ac
232 1624 368 1663 bonis
389 1624 535 1664 literis
557 1624 862 1664 erudiendam
884 1624 1021 1663 huius
1044 1623 1240 1674 Collegii
1262 1623 1431 1663 fratres
1459 1630 1783 1675 susceperunt,

153 1705 225 1734 me
262 1695 516 1735 conferam.
554 1695 684 1735 Haec
718 1696 889 1747 partim
923 1707 1007 1746 pro
1045 1695 1268 1745 cuiusque
1299 1701 1437 1746 captu
1467 1707 1522 1735 ac
1553 1695 1784 1746 doctrina,

153 1766 323 1816 partim
345 1766 469 1817 quod
490 1778 610 1806 unus
631 1766 817 1818 quidem
839 1766 1001 1806 doctor
1018 1772 1176 1806 tantae
1193 1766 1477 1806 multitudini
1497 1766 1654 1806 facere
1671 1767 1786 1806 satis

152 1848 244 1876 non
274 1844 453 1888 posset,
485 1849 568 1877 sex
595 1843 664 1877 est
692 1837 738 1877 in
768 1838 944 1877 classes
972 1836 1234 1887 distributa,
1265 1848 1464 1888 quarum
1493 1849 1675 1877 summa
1704 1849 1786 1877 eos

154 1908 375 1958 continet,
400 1909 477 1960 qui
499 1908 740 1949 Ciceronis
769 1908 1071 1958 orationibus,
1090 1908 1275 1948 Horatii
1296 1908 1519 1960 epistoliS,
1545 1919 1599 1948 ac
1629 1909 1669 1948 ei
1696 1908 1785 1948 De-

156 1980 394 2031 spauterii,
420 1991 539 2031 quae
561 1979 616 2019 de
645 1985 901 2019 metrorum
922 1979 1102 2019 ratione
1124 1984 1312 2029 tractat,
1342 1979 1464 2030 parti
1492 1979 1780 2029 incumbunt,

152 2051 229 2102 qui
250 2062 444 2090 numero
468 2051 557 2090 duo
580 2056 624 2090 et
644 2050 812 2101 uiginti
832 2058 938 2090 sunt
961 2057 1039 2090 aut
1055 2051 1159 2102 plus
1181 2062 1249 2090 eo.
1274 2050 1437 2090 Altera
1455 2050 1657 2101 primum
1677 2049 1780 2091 Vir-

152 2121 251 2171 gilii
278 2121 532 2172 Aeneidos,
558 2121 707 2161 Marci
735 2120 872 2161 Tullii
900 2121 1121 2172 epistolas
1153 2121 1210 2161 ad
1239 2121 1506 2167 Curionem,
1541 2132 1596 2160 ac
1630 2132 1785 2172 gram-

154 2193 353 2232 maticae
388 2191 625 2232 Niniuitae
664 2191 671 2210 ¹
708 2198 903 2243 partem,
938 2203 1057 2243 quae
1084 2192 1140 2232 de
1168 2192 1533 2243 uniuscuiusque
1567 2192 1786 2232 dictionis

154 2268 405 2312 structura,
430 2274 534 2302 eam
556 2274 754 2314 quoque,
779 2275 869 2314 qua
893 2262 1115 2314 cuiusque
1136 2262 1352 2303 dictionis
1375 2262 1688 2302 accidentium
1711 2274 1782 2302 co-

153 2333 300 2384 gnitio
321 2334 531 2381 habetur,
558 2334 915 2384 interpretatur:
937 2345 1023 2373 nec
1050 2334 1188 2384 longe
1215 2333 1314 2373 eius
1343 2345 1564 2373 numerus
1594 2334 1736 2373 distat
1758 2345 1785 2373 a

155 2405 364 2455 triginta.
388 2404 524 2444 Hanc
545 2416 727 2456 quoque
755 2404 1053 2456 Despauterii
1085 2410 1267 2455 partem
1288 2416 1394 2444 cum
1424 2403 1665 2445 Ciceronis
1695 2405 1786 2455 epi-

155 2475 302 2522 stolis,
324 2486 378 2514 ac
396 2475 731 2525 grammatices
749 2474 1024 2524 rudimenta,
1045 2482 1244 2527 quatuor
1260 2481 1304 2515 et
1321 2475 1635 2526 quadraginta
1652 2475 1786 2515 disci-

153 2546 275 2597 pulis
310 2546 477 2586 tertiae
512 2547 677 2586 classis
712 2553 990 2597 praeceptor
1025 2547 1182 2586 tradit.
1220 2546 1446 2586 Eamdem
1486 2545 1785 2597 Despauterii

152 2623 335 2668 partem
356 2628 462 2656 cum
484 2617 759 2657 rudimentis
782 2623 826 2657 et
848 2617 1041 2657 Catonis
1063 2616 1273 2657 distichis
1294 2618 1541 2669 plusquam
1564 2617 1785 2669 quinqua-

152 2687 283 2737 ginta
307 2687 521 2738 discipuli
544 2688 589 2727 in
609 2688 635 2727 4
655 2687 668 2706 ²
691 2688 930 2728 docentur.
962 2687 1134 2739 Quinta
1161 2688 1350 2727 tandem
1380 2688 1426 2727 in
1454 2687 1571 2727 duas
1604 2694 1783 2728 turmas

97 2772 100 2774 ’
155 2764 223 2797 est
245 2757 410 2807 diuisa,
436 2770 633 2810 quarum
658 2760 805 2799 altera
835 2759 1112 2799 rudimentis
1133 2770 1188 2798 ac
1210 2758 1451 2799 doctrinae
1478 2759 1782 2810 christianae,

156 2830 303 2868 altera
325 2829 489 2869 iisdem
507 2841 561 2869 ac
579 2840 803 2880 generum
821 2830 1091 2870 discretioni
1108 2829 1346 2870 incumbit.
1368 2829 1547 2870 Horum
1563 2842 1787 2870 numerus

211 2941 218 2960 ¹
259 2940 405 2973 Joannes
422 2949 487 2968 van
504 2942 677 2969 Pauteren
692 2941 974 2977 <Despauterius],
997 2942 1102 2969 etiam
1117 2949 1218 2976 saepe
1239 2941 1387 2975 Joannes
1401 2942 1557 2970 Ninivita
1580 2944 1787 2977 appellatus.

210 2987 223 3006 Ξ
261 2988 293 3015 in
310 2994 433 3022 quarta
450 2989 574 3016 classe.
