2047 3179
948 170 1029 205 ΑΝ.
1062 169 1153 205 1554
1796 172 1863 207 189

311 265 428 306 Cum
443 265 608 305 dubius
624 277 787 313 essem,
808 271 963 304 Vtrum
982 265 1092 304 mihi
1109 265 1452 315 Nouiomagum
1470 266 1859 316 proficiscendum

229 343 353 376 esset
382 348 543 387 necne,
576 335 963 376 commendabam
986 347 1177 375 causam
1200 335 1323 385 Deo,
1355 342 1404 375 vt
1426 336 1572 387 ipsius
1600 337 1858 388 beneplaci

231 412 328 447 tum
350 408 437 447 hac
460 408 505 447 in
527 419 577 447 re
599 419 886 459 cognoscere
908 418 1109 458 possem.
1134 406 1310 447 Eodem
1333 407 1405 446 dic
1438 408 1564 447 venit
1588 408 1862 448 tabellarius

232 478 402 518 missus
424 490 449 518 a
472 478 938 529 Nouiomagensibus,
960 490 1040 529 per
1062 479 1221 518 literas
1242 478 1519 529 rogantibus
1542 484 1590 517 vt
1612 478 1860 519 Nouioma—

230 561 342 599 gum
366 550 525 589 venire
547 551 729 598 vellem,
757 550 924 601 quibus
945 550 1091 597 lectis,
1116 560 1209 588 non
1232 549 1440 589 dubitaui
1462 550 1661 600 amplius
1692 550 1747 589 de
1769 550 1859 590 Do-

232 620 344 659 mini
366 622 621 671 voluntate,
645 621 726 661 sed
749 622 895 660 altera
918 620 991 660 die
1016 618 1024 638 ¹
1050 619 1158 660 Diui
1177 620 1365 660 Martini
1383 620 1604 671 Episcopi
1621 627 1664 660 et
1682 621 1860 661 confes-

229 690 350 730 soris
370 690 714 742 Nouiomagum
735 691 1006 743 proficiscor
1034 703 1140 731 cum
1171 691 1333 731 eodem
1361 692 1619 731 tabellario.
1650 692 1858 732 Venerat

230 762 352 801 enim
382 763 576 802 sabbato
606 764 692 803 die.
724 762 1069 813 Nouiomagum
1098 763 1238 802 distat
1267 763 1463 802 Colonia
1503 762 1550 802 19
1581 763 1858 803 milliaribus

228 833 344 872 satis
365 834 563 884 magnis.
588 834 671 874 Est
693 835 830 883 enim,
855 841 1064 885 tempore
1086 834 1306 885 hyemali,
1330 834 1468 874 trium
1490 834 1671 874 dierum
1692 835 1793 874 iter.

308 904 515 945 Veniens
554 905 920 957 Nouiomagum,
970 905 1235 944 humaniter
1274 905 1525 945 admodum
1564 906 1793 957 suscipior
1833 918 1859 946 a

226 975 431 1015 Domino
452 975 686 1027 Mauritio,
710 977 902 1017 maioris
918 976 1159 1016 Ecclesiae
1182 976 1410 1016 canonico
1429 988 1483 1016 ac
1506 977 1857 1023 concionatore,

227 1047 307 1098 qui
328 1047 467 1087 etiam
488 1059 538 1087 se
560 1054 749 1088 nostrae
771 1047 993 1088 Societati
1014 1047 1125 1087 dare
1149 1047 1360 1087 intendit.
1393 1047 1557 1088 Altera
1585 1047 1657 1088 die
1679 1049 1737 1088 ab
1766 1049 1857 1088 alio

227 1118 455 1158 canonico
478 1118 537 1158 M.
562 1119 741 1159 Thoma
769 1119 897 1159 Buiis
919 1130 1084 1168 vocor,
1109 1119 1188 1170 qui
1210 1130 1269 1158 ex
1291 1118 1552 1158 senioribus
1575 1125 1665 1169 est,
1690 1125 1734 1159 et
1757 1131 1858 1170 pro—

227 1189 313 1229 bae
335 1189 586 1230 admodum
608 1190 746 1239 vitae,
772 1190 817 1230 in
839 1190 970 1230 cuius
992 1189 1184 1229 aedibus
1206 1191 1376 1229 multos
1398 1196 1715 1241 congregatos
1733 1191 1857 1230 inue-

227 1260 288 1311 ni,
328 1261 402 1312 qui
440 1273 512 1300 me
546 1273 726 1301 summa
762 1261 1050 1301 humanitate
1085 1259 1099 1279 ²
1129 1268 1421 1312 receperunt,
1460 1261 1627 1312 quibus
1658 1262 1860 1302 accessit

226 1336 374 1371 mater
396 1331 612 1383 Magistri
634 1332 824 1373 Henrici
847 1331 1077 1383 Dionysii,
1103 1338 1147 1372 et
1169 1338 1320 1372 mater
1341 1331 1556 1382 Magistri
1577 1332 1860 1374 Theodorici

225 1402 401 1443 Canisii
429 1415 534 1443 cum
560 1415 723 1444 sorore
750 1403 965 1454 Magistri
994 1403 1225 1453 Thomae,
1256 1415 1375 1455 quae
1403 1410 1447 1443 et
1474 1404 1609 1443 nobis
1637 1404 1855 1444 confessa

226 1480 310 1524 est,
334 1474 456 1526 quod
478 1481 522 1514 et
543 1482 692 1515 mater
721 1475 937 1526 Magistri
964 1475 1158 1515 Henrici
1187 1474 1394 1524 fecisset,
1425 1474 1507 1514 sed
1536 1486 1629 1514 non
1657 1475 1858 1516 dabatur

223 1551 431 1597 tempus:
455 1546 571 1585 alias
592 1546 755 1595 faciet,
786 1547 1041 1586 maximam
1068 1546 1348 1586 charitatem
1375 1546 1517 1586 etiam
1544 1546 1677 1586 nobis
1705 1554 1857 1587 osten-

223 1616 401 1656 dentes.
426 1616 598 1657 Omnes
620 1617 757 1657 simul
778 1618 952 1669 pransi,
976 1624 1139 1669 postea
1171 1629 1253 1668 per
1276 1617 1458 1669 aliquos
1489 1616 1502 1635 ⁵
1532 1617 1677 1658 ducor
1700 1618 1760 1658 ad
1789 1619 1854 1658 vi-

223 1687 424 1728 dendum
446 1689 599 1728 locum
620 1694 664 1728 et
686 1687 862 1737 domos,
888 1700 1004 1740 quas
1026 1689 1163 1740 virgo
1185 1689 1263 1728 illa
1284 1688 1597 1740 sexagenaria
1620 1687 1634 1706 ⁴
1656 1689 1854 1729 intendit

223 1757 446 1799 Societati
468 1759 594 1809 dare,
618 1759 710 1799 imo
732 1759 824 1799 iam
847 1759 940 1810 dat,
965 1766 1007 1800 et
1029 1759 1156 1800 dabit
1179 1759 1206 1807 ⁵,
1231 1759 1269 1799 si
1286 1760 1497 1800 Societas
1519 1759 1737 1810 dignetur
1758 1772 1856 1801 sus-

224 1831 394 1881 cipere.
417 1829 572 1870 Locus
593 1831 775 1882 amplus
796 1837 879 1881 est,
911 1838 955 1871 et
977 1831 1142 1871 domus
1173 1832 1315 1880 duae,
1345 1842 1464 1882 quae
1493 1832 1818 1882 magnitudine
1840 1831 1855 1849 ⁶

223 1914 278 1942 ac
308 1902 548 1942 altitudine
576 1902 781 1942 omnium
809 1902 1074 1942 vicinorum
1104 1903 1270 1942 domus
1299 1901 1551 1951 excedunt,
1583 1903 1748 1954 quibus
1779 1904 1855 1943 ad-

218 1971 408 2024 junctae
430 1980 536 2013 sunt
558 1981 652 2013 tres
674 1980 753 2013 aut
774 1980 975 2025 quatuor
995 1974 1160 2013 domus
1181 1985 1373 2025 paruae,
1396 1974 1652 2025 interquas
1674 1980 1743 2014 est
1760 1976 1854 2025 pla-

221 2044 358 2085 nities
380 2056 567 2095 magna,
589 2045 635 2084 in
652 2056 743 2096 qua
765 2055 938 2095 magna
955 2045 1154 2085 ecclesia
1173 2044 1410 2085 aedificari
1429 2052 1598 2096 posset.
1618 2045 1707 2085 Hic
1724 2046 1857 2085 locus

220 2116 445 2167 optimum
467 2116 606 2155 habet
628 2121 784 2156 aerem
805 2128 890 2156 nec
910 2117 1069 2167 procul
1091 2123 1160 2156 est
1179 2129 1205 2156 a
1223 2127 1404 2156 summo
1422 2117 1594 2167 templo
1616 2122 1660 2156 et
1678 2128 1704 2156 a
1723 2117 1858 2156 scho-

220 2188 279 2227 la.
303 2187 431 2228 Intus
453 2187 815 2238 supellectilibus
836 2187 1115 2227 necessariis
1132 2193 1326 2227 ornatae
1350 2193 1455 2227 sunt
1477 2187 1504 2227 ⁷.
1530 2186 1578 2227 si
1600 2188 1730 2227 locus
1750 2199 1855 2227 ven-

221 2258 399 2299 dendus
430 2266 576 2309 esset,
607 2259 722 2298 bene
748 2259 928 2299 valeret
956 2259 1105 2298 tribus
1134 2259 1335 2298 millibus
1362 2258 1660 2298 florenorum.
1693 2258 1777 2299 Est
1810 2265 1857 2299 et

221 2330 311 2370 alia
334 2336 564 2379 matrona,
589 2341 708 2381 quae
730 2341 864 2370 suam
884 2330 1087 2380 domum,
1111 2330 1218 2369 huic
1239 2330 1344 2369 loco
1363 2330 1584 2379 vicinam,
1609 2329 1751 2370 etiam
1773 2329 1856 2370 So-

218 2401 377 2441 cietati
399 2401 511 2441 dare
533 2401 646 2441 vult.
670 2401 753 2441 Est
775 2406 819 2441 et
843 2401 934 2441 alia
955 2408 1195 2448 matrona,
1218 2401 1275 2440 ad
1293 2412 1433 2451 quam
1450 2407 1650 2441 vocatus
1673 2400 1752 2452 fui,
1778 2413 1854 2441 cu-

271 2611 280 2630 ¹
318 2611 506 2645 postridie.
524 2610 611 2637 Vide
629 2609 777 2636 PoLANC1
796 2609 1000 2641 Clv'onicon,
1016 2612 1038 2636 t.
1054 2617 1099 2642 μ’,
1117 2615 1193 2642 pag.
1210 2608 1272 2640 275,
1290 2615 1320 2634 n.
1335 2607 1388 2634 591
1403 2612 1435 2634 et
1451 2612 1566 2636 annot.
1580 2608 1607 2635 5.

270 2660 284 2678 2’
322 2660 382 2693 qui
397 2666 458 2685 nos
472 2665 614 2684 summa
631 2665 708 2684 cum
722 2657 959 2684 humanilale.

269 2707 282 2725 Γ·
321 2706 347 2733 Α
361 2706 517 2740 prandio
532 2710 597 2739 per
611 2705 762 2738 aliquos.

270 2755 285 2774 4
319 2753 486 2780 Theresia
503 2753 537 2786 [Ρ]
556 2760 621 2780 van
637 2753 701 2779 den
717 2752 841 2783 Boi-ah,
859 2751 895 2778 B.
914 2751 1007 2778 Petri
1024 2751 1148 2778 Canisii
1167 2756 1368 2778 matertera.
1392 2751 1478 2778 Vide
1492 2750 1773 2777 BRAUNSBERGER.
1793 2751 1853 2778 Ca-

217 2801 306 2828 nisit
322 2801 500 2835 epistulae
516 2802 549 2827 et
565 2802 657 2833 acta,
673 2805 695 2827 t.
713 2807 736 2831 1,
752 2807 830 2834 pag.
846 2800 909 2826 701.

269 2849 283 2867 ⁵
322 2851 392 2876 imo
406 2849 515 2875 dedit.

268 2896 282 2915 ὅ
319 2895 432 2923 Locus
444 2895 588 2930 amplus
602 2896 666 2926 est,
683 2895 809 2921 domus
825 2895 918 2921 duae
935 2895 1196 2927 magnitudine.

268 2944 280 2962 ‘¹
318 2943 432 2971 Aedes
446 2950 528 2970 vero
543 2942 828 2976 supellectilibus
843 2943 1061 2970 necessariis
1075 2945 1223 2969 ornatae
1246 2944 1341 2968 sunt.
1368 2941 1483 2968 Verba
1507 2940 1686 2974 sequentia
1708 2942 1740 2967 si
1755 2942 1851 2969 locus

216 2991 426 3018 vendendus
442 2993 546 3023 esset,
561 2991 647 3017 bene
662 2990 800 3018 valeret
814 2991 930 3018 tribus
953 2990 1343 3025 millibusflorenorum
1361 2989 1566 3016 omittuntur
1582 2987 1615 3014 in
1638 2990 1850 3023 apographo,
