2047 3179
229 127 300 165 694
746 127 974 167 LITTERAE
992 139 1353 173 QUADRIMESTRES

233 225 353 265 bono
376 226 589 277 exemplo
615 225 779 267 fuisset
805 226 1089 278 domesticis,
1111 227 1353 278 ingressus
1384 232 1454 268 est
1473 233 1687 268 nostram
1710 226 1865 268 Socie-

233 302 391 337 tatem.

310 367 548 409 Visitante
569 380 656 410 nos
675 368 814 410 Patre
834 368 1005 420 Natali,
1028 369 1363 410 renouauimus
1382 375 1496 410 vota
1521 381 1684 410 omnes
1711 370 1862 410 simul.

310 438 421 480 Dux
441 439 478 480 F
482 440 690 480 errariae
711 440 899 492 scripsit
920 441 979 480 ad
1007 439 1383 481 Gubernatorem
1409 447 1453 481 et
1474 440 1758 493 Episcopum
1780 453 1864 493 pro

230 510 447 551 habendo
467 512 590 563 loc0‚
614 517 659 552 et
679 523 787 552 cum
819 512 934 552 nihil
970 512 1146 552 factum
1180 511 1344 552 fuisset
1377 524 1460 564 per
1482 523 1577 563 eos,
1607 513 1707 564 ipse
1727 513 1862 553 nobis
1897 535 1900 537 >

230 582 493 634 assignauit
512 583 668 623 locum
689 583 769 624 vbi
798 582 1056 635 poterimus
1093 584 1276 635 erigere
1312 583 1624 635 collegiolum,
1661 584 1721 624 ad
1742 583 1864 635 quod

230 653 572 696 aedificandum
593 655 732 695 amici
766 655 1070 706 adiuuabunt,
1103 666 1152 695 se
1174 655 1298 695 enirn
1320 655 1379 695 ad
1400 654 1489 696 hoc
1516 655 1797 706 obtulerunt,
1822 661 1868 695 et

230 738 286 767 eo
307 732 580 768 constructo
613 738 860 779 speramus
893 738 1118 779 magnum
1153 727 1357 768 fructum
1389 727 1488 768 fore
1519 726 1567 767 in
1602 727 1865 778 animabus,

231 797 310 849 qui
344 798 572 839 hactenus
611 798 749 839 valde
780 798 979 850 exiguus
1014 798 1099 838 fuit
1133 804 1327 850 propter
1357 809 1529 839 causas
1560 797 1619 838 ad
1654 804 1700 838 te
1727 810 1867 850 saepe

232 869 449 921 scriptas.

310 940 532 993 Mutinae,
562 941 605 980 11
631 940 852 982 Octobris
877 941 994 983 1555.

552 1013 624 1053 Ex
645 1019 899 1065 praecepto
921 1020 1117 1054 sanctae
1138 1012 1427 1061 obedient-ae,

1007 1155 1283 1197 STEPHANUS
1313 1156 1610 1197 BARonLLth.

309 1299 401 1339 Hic
431 1299 616 1340 addidit
637 1311 782 1340 mana
811 1300 1018 1352 propria
1044 1301 1105 1342 P.
1128 1299 1347 1352 somnes
1374 1299 1441 1340 Le
1475 1299 1720 1345 Pelletz'er,
1756 1299 1869 1339 Fer-

233 1370 469 1411 ramensis
497 1371 908 1422 Collegnffector,
929 1371 1007 1411 cui
1023 1375 1067 1412 et
1089 1371 1361 1412 Mutinense
1381 1370 1677 1422 subjacebat:
1698 1370 1870 1422 Queste

231 1453 345 1482 sono
366 1443 407 1482 le
429 1443 759 1494 quadrimestri
781 1443 826 1483 di
843 1443 1043 1484 Modena
1065 1443 1185 1484 doue
1206 1443 1246 1483 si
1267 1455 1325 1495 po
1361 1443 1534 1483 vedere
1569 1442 1655 1483 che
1677 1453 1789 1482 cosa
1808 1453 1868 1494 po

231 1512 292 1554 M.
318 1512 558 1566 Stephano
586 1515 661 1555 nel
694 1515 855 1565 latino,
892 1526 986 1555 non
1020 1526 1072 1555 so
1109 1515 1194 1555 che
1229 1526 1338 1555 sara
1361 1515 1434 1555 col
1469 1525 1554 1554 suo
1578 1513 1769 1565 hebreo,
1794 1513 1871 1553 dal

231 1585 463 1637 principio
481 1586 524 1625 io
546 1587 685 1626 volea
706 1586 809 1626 chel
830 1586 1064 1627 studiasse
1086 1587 1310 1638 alquanto
1332 1586 1379 1626 in
1396 1584 1655 1637 humanita,
1679 1597 1755 1625 ma
1774 1595 1870 1625 non

233 1656 300 1707 gli
319 1655 367 1696 fu
385 1656 565 1708 ordine3
581 1669 668 1709 pur
684 1657 875 1698 tandem
891 1669 1005 1710 pare
1023 1657 1146 1697 seria
1162 1656 1243 1708 piu
1259 1657 1494 1697 necessita
1513 1656 1599 1697 che
1626 1655 1739 1696 dare
1762 1667 1867 1708 ope-

232 1739 286 1768 ra
309 1728 354 1768 al
375 1728 548 1769 hebreo
569 1734 613 1768 et
633 1740 728 1769 non
748 1740 915 1781 sapere
937 1728 1078 1769 niuno
1101 1729 1209 1769 delli
1231 1727 1336 1769 dua.

1091 1870 1302 1924 JOANNES
1329 1870 1674 1912 PELLETARIUS.

312 2015 749 2067 Saperscrz‘ptz'om's
778 2015 878 2056 loco
908 2015 957 2055 in
987 2014 1191 2055 alterans
1226 2013 1532 2066 autographi
1560 2013 1771 2065 exempli
1800 2025 1852 2054 se

229 2087 387 2127 canda
401 2092 610 2138 pagena:
630 2086 838 2127 Litterae
860 2087 1229 2138 quadrimestres
1251 2086 1452 2138 Collegii
1474 2085 1768 2126 Mutinensis.
