2047 3179
145 110 192 147 60
662 110 892 149 L1TTERAE
911 122 1270 156 QUADRmEsTREs

147 206 213 247 dit
234 207 412 258 uncias,
437 212 481 247 et
502 206 695 248 totidem
716 207 922 259 reliquus
944 207 1138 257 fructus,
1162 208 1239 260 qui
1269 208 1315 248 in
1337 206 1501 248 eadem
1522 206 1662 246 vinea
1684 218 1795 257 pro--

148 278 289 329 uenit,
326 279 472 319 valet.
507 277 720 330 Quatuor
745 279 1019 320 sacerdotes
1045 280 1271 320 honestae
1303 279 1427 320 vitae
1464 277 1620 329 pueris
1654 288 1796 328 prae-

148 349 258 390 fecti
279 355 400 400 sunt,
425 350 502 401 qui
524 350 628 391 illos
648 350 817 392 docent
839 362 894 392 ac
915 351 962 391 in
983 351 1133 392 officio
1155 352 1368 392 retinent.

228 420 381 461 Datur
408 421 657 473 diligenter
683 433 827 473 opera
862 428 912 463 vt
943 422 1274 463 exaedificetur
1306 422 1470 462 domus
1500 421 1801 472 probationis..

148 503 234 544 pro
255 491 486 544 foeminis,
509 505 629 545 quae
650 505 699 534 se
720 506 747 533 a
770 494 895 546 turpi
918 500 1139 546 quaestus
1159 505 1332 545 genere
1350 492 1408 533 ad
1426 491 1578 533 Deum
1595 504 1790 533 conver-

150 570 322 615 terunt,
347 570 391 605 et
414 565 504 605 illis
525 565 681 605 vicina
709 566 996 616 mulieribus,
1025 577 1144 617 quae
1176 577 1224 605 se
1253 577 1279 604 a
1301 564 1440 604 simili
1461 564 1668 604 statu-ad
1689 564 1791 604 reli-

150 635 339 686 gionem
357 636 668 676 abduxerunt.
689 636 738 676 In
757 636 833 676 illa
853 637 990 677 domo
1008 637 1185 677 tamdiu
1204 636 1480 676 habitabunt
1496 634 1607 675 dum
1624 635 1680 675 de
1701 647 1792 675 rne-

150 706 256 746 liori
278 707 356 746 via
388 707 554 747 salutis
583 713 804 758 statuent;
836 708 1001 759 quibus
1029 707 1231 759 placebit
1264 706 1445 757 religiO,
1481 706 1587 746 illae
1618 707 1664 746 in
1697 718 1796 747 mo·

150 778 410 818 nasterium
432 779 732 829 recipientur;
757 779 796 819 si
818 791 937 830 quae
958 779 1137 819 malunt
1158 778 1347 827 nubere,
1363 777 1479 817 viris
1498 778 1794 818 collocabun-

151 854 242 889 tur.
268 848 531 900 Quotannis
558 849 652 889 iam
681 848 734 889 40
760 850 926 890 vncias
948 850 1134 900 habent,
1163 861 1248 890 nec
1279 860 1360 900 per
1382 847 1588 899 gratiam
1608 847 1697 888 Dei
1717 860 1801 889 ne*

153 920 361 960 cessaria
384 920 474 960 illis
496 919 725 961 deficient.

232 991 517 1043 Collegimus
539 997 606 1032 tot
627 991 829 1044 undique
852 992 1173 1042 eleemosinas,
1202 998 1249 1031 vt
1270 991 1341 1031 his
1363 996 1564 1042 quatuor
1586 989 1802 1042 superio-⁷

152 1063 283 1103 ribus
303 1063 540 1103 mensibus
559 1062 612 1103 40
632 1062 864 1103 foeminae
886 1062 1094 1104 eiusdem
1115 1062 1397 1104 conditionis
1418 1062 1615 1102 honesto
1637 1062 1797 1102 matri-

154 1134 311 1174 monio
332 1134 534 1174 traditae
564 1134 655 1174 sint
683 1145 788 1175 cum
815 1133 923 1175 dote
956 1134 1194 1175 mediocri:
1225 1135 1314 1174 hoc
1341 1133 1558 1174 effectum
1589 1139 1658 1174 est
1689 1144 1799 1184 par·

153 1205 238 1246 tim
272 1217 353 1257 per
388 1206 594 1246 edictum
623 1205 868 1257 Proregis,
902 1218 992 1258 quo
1023 1206 1172 1247 vetuit
1201 1205 1587 1256 concubinatum,
1625 1204 1801 1256 partim

155 1288 238 1328 per
257 1278 524 1328 conciones,
549 1289 668 1329 quae
698 1277 744 1317 in
774 1284 937 1318 nostro
959 1279 1131 1329 templo
1149 1278 1395 1328 habentur,
1421 1277 1480 1317 ad
1502 1288 1619 1328 quas
1642 1276 1801 1317 iussae

155 1348 367 1389 Veniunt.

237 1419 376 1460 Aliud
411 1421 655 1472 negotium
686 1433 781 1461 non
816 1421 968 1461 minus
997 1420 1098 1461 Deo
1134 1427 1380 1472 acceptum
1402 1426 1672 1472 susceptum
1710 1426 1805 1470 est,

157 1490 282 1542 quod
303 1492 442 1543 longe
464 1503 648 1544 quoque
679 1504 788 1533 suos
815 1491 995 1533 fructos
1026 1491 1264 1532 diffundet.
1295 1490 1634 1532 Monasterium
1655 1491 1798 1542 virgi—

156 1574 283 1613 num,
307 1563 354 1603 in
375 1575 466 1615 quo
489 1563 740 1604 admodum
762 1564 956 1604 remisse
979 1570 1022 1604 et
1044 1564 1267 1604 dissolute
1295 1563 1556 1612 uiuebatur,
1580 1575 1673 1603 non
1696 1563 1796 1603 sine

157 1633 414 1675 offensione
435 1636 701 1686 multorum,
739 1634 1154 1687 Archiepiscopus,
1188 1634 1394 1686 Prorege
1421 1640 1622 1687 petente,
1654 1634 1797 1674 dedu—

156 1705 239 1756 xit,
261 1705 308 1745 id
325 1712 409 1757 est,
429 1706 687 1747 monachas
703 1706 750 1747 in
772 1707 876 1747 aliis
897 1707 1135 1747 coenobiis
1157 1706 1422 1757 collocauit,
1440 1706 1520 1746 vbi
1537 1707 1682 1746 multo
1706 1717 1801 1746 me-

157 1777 245 1817 lius
272 1777 435 1818 viuere
465 1783 676 1830 possunt.
706 1777 1045 1818 Monasterium
1066 1789 1196 1828 vero,
1221 1778 1344 1830 quod
1370 1778 1676 1830 reliquerunt,
1701 1777 1797 1817 iam

157 1848 205 1888 in
225 1854 387 1889 nostra
411 1860 552 1889 manu
574 1855 658 1900 est,
683 1855 726 1890 et
749 1849 808 1889 ob
828 1849 918 1889 hoc
938 1849 1073 1889 nobis
1095 1849 1268 1900 datum,
1302 1855 1353 1890 vt
1374 1849 1580 1890 melioris
1607 1849 1808 1900 spiritus>

158 1920 377 1960 cultrices
398 1932 452 1961 eo
474 1920 845 1972 introducamus,
870 1927 914 1961 et
942 1920 1108 1972 quibus
1135 1920 1291 1961 omnia
1319 1920 1587 1961 communia
1616 1920 1724 1971 sint,
1757 1925 1807 1959 et

159 1992 349 2043 regulas
370 1992 661 2044 prescriptas
683 1992 1038 2043 diligentissime
1056 1992 1323 2041 observent,
1345 2004 1464 2044 quae
1484 1993 1584 2032 vita
1606 1992 1803 2032 nonnul-

158 2063 214 2103 lis
247 2064 386 2104 valde
414 2064 589 2115 placuit
623 2070 668 2104 et
698 2064 850 2115 magis
882 2064 928 2104 in
959 2063 1057 2104 dies
1078 2064 1246 2115 placet:
1276 2075 1386 2104 nam
1415 2064 1642 2104 habemus
1663 2074 1803 2114 quas·

158 2135 267 2175 dam
284 2135 643 2176 honestissimas
664 2135 875 2186 virgines
896 2135 955 2175 ad
972 2135 1063 2175 hoc
1084 2142 1291 2186 paratas,
1313 2142 1363 2175 vt
1384 2134 1721 2176 monasterium
1738 2134 1799 2174 in·

160 2206 436 2256 grediantur
458 2213 502 2246 et
530 2217 704 2247 nouam
732 2205 1008 2257 religionem
1038 2206 1311 2258 suscipiant:
1342 2217 1430 2246 nec
1458 2212 1526 2246 est
1549 2204 1674 2257 quod
1709 2217 1802 2245 ma-

161 2277 244 2317 lint
266 2289 406 2329 quam
428 2278 556 2318 illum
578 2277 699 2318 diem
724 2277 898 2328 videre,
923 2288 1013 2329 quo
1031 2278 1119 2318 erit
1135 2277 1300 2318 domus
1318 2278 1531 2318 absoluta
1549 2283 1593 2317 et
1615 2276 1810 2317 concin-

160 2354 287 2399 nata,
310 2348 435 2400 quod
468 2359 629 2389 mense
657 2347 920 2400 Septembri
947 2348 1047 2388 fore
1076 2360 1337 2400 speramus:
1371 2349 1531 2400 cellae,
1564 2359 1682 2400 quas
1714 2348 1811 2388 sin«

159 2420 298 2470 gulae
321 2420 533 2470 singulas
555 2419 881 2460 inhabitabant
901 2419 1097 2471 priores,
1130 2419 1223 2460 iam
1254 2420 1462 2460 deiectae
1489 2426 1620 2470 sunt;
1645 2419 1710 2459 ita
1739 2418 1805 2458 in-

160 2491 389 2531 stauratio
418 2502 599 2531 moram
619 2490 748 2542 facit,
780 2490 863 2531 sed
884 2490 975 2531 viri
1005 2490 1115 2531 boni
1136 2497 1180 2531 et
1201 2491 1381 2531 nobiles
1402 2491 1610 2531 fabricae
1640 2501 1807 2530 curam

161 2562 350 2613 habent,
374 2574 570 2614 quorum
594 2568 689 2602 tres
718 2561 840 2602 filiae
870 2562 1149 2602 coenobium
1177 2562 1501 2603 inhabitabunt
1530 2562 1726 2613 primae,
1759 2567 1804 2601 et

161 2634 255 2674 iam
289 2633 557 2686 frequenter
586 2633 645 2674 ad
673 2633 925 2674 conciones
955 2639 1000 2674 et
1028 2634 1087 2674 ad
1117 2645 1304 2675 sacram
1334 2633 1711 2674 communionem
1732 2644 1805 2673 sa-

161 2705 390 2745 cramenti
419 2705 745 2746 Eucharistiae
767 2704 976 2754 veniunt;
1006 2705 1244 2746 exercitiis
1271 2716 1454 2757 quoque
1481 2704 1812 2756 spiritualibus.

162 2777 358 2816 multum
379 2777 606 2828 probatae
628 2781 750 2817 sunt.

243 2846 377 2898 Quod
411 2847 470 2887 ad
506 2846 879 2887 aedificationem
914 2849 1220 2899 collegiorum
1255 2848 1442 2898 attinet,
1479 2847 1517 2887 si
1553 2851 1710 2886 essent
1746 2857 1813 2887 ex1

162 2919 336 2959 nostris
371 2919 449 2971 qui
480 2930 534 2959 eo
563 2919 872 2969 mitterentur,
901 2919 925 2959 4
954 2926 1033 2960 aut
1059 2921 1085 2960 5
1113 2920 1244 2960 breui
1274 2920 1448 2960 habere
1477 2929 1722 2971 possemus
1758 2917 1812 2959 in
