2047 3179
852 161 919 197 ΑΝ
966 159 1056 195 1ῑ“)ῖ),”>
1706 160 1777 195 307

775 606 1128 662 CCCLXXV

214 837 475 877 Lconardus
498 837 655 874 Kessel

261 904 382 941 Patri
397 903 568 949 Ignatio
589 902 642 939 de
660 902 845 949 Loyola.

309 969 507 1013 Colonia,
529 968 575 1006 30
596 968 761 1014 Aprilis
785 967 876 1004 1555
895 966 922 1003 ¹.

944 1121 965 1154 †

910 1156 1007 1197 IHS

221 1321 384 1361 Gratia
407 1325 451 1360 et
472 1332 565 1371 pax
586 1318 762 1359 Christi
783 1317 974 1357 Domini
996 1316 1257 1356 nobiscum.
1277 1313 1450 1355 Amen.

220 1391 596 1443 Quadrimestres
631 1391 792 1430 literas
816 1388 1091 1439 scripturus,
1127 1385 1228 1426 Rde
1258 1385 1399 1425 Pater
1433 1385 1480 1425 in
1516 1384 1718 1433 Christo,
1749 1396 1774 1423 a

135 1468 299 1503 nostra
322 1461 515 1502 Colonia
537 1460 857 1512 incipiendum
885 1470 986 1499 6556
1022 1458 1199 1510 putaui,
1235 1468 1375 1509 quam
1396 1467 1637 1507 nunquam
1663 1455 1778 1495 satis

136 1534 330 1574 laudare
351 1544 542 1585 possum
563 1532 687 1584 quod
713 1530 829 1571 adeo
859 1537 1046 1570 strenue
1075 1540 1177 1569 sese
1205 1528 1419 1568 hostibus
1454 1526 1562 1567 fidei
1584 1525 1780 1566 catholi-

138 1616 221 1645 cae
244 1610 462 1656 opponat,
488 1603 752 1643 haereticos
774 1599 1129 1649 incarcerando,
1158 1598 1386 1639 eiiciendo
1417 1598 1567 1638 malos
1595 1603 1638 1637 et
1666 1596 1779 1637 infe-

137 1682 239 1717 ctos
260 1676 633 1716 concionatores:
659 1685 749 1725 qua
769 1673 816 1712 in
839 1684 904 1721 re,
925 1672 1032 1711 licet
1055 1670 1258 1721 plurima
1279 1668 1555 1720 expenderit
1571 1668 1778 1718 labores,

138 1759 227 1799 que
248 1758 340 1787 non
363 1745 571 1786 modicos
592 1743 876 1793 sustinuerit,
901 1754 992 1782 non
1015 1750 1174 1781 tamen
1202 1740 1381 1792 coeptis
1411 1739 1601 1789 destitit,
1631 1738 1779 1778 donec

136 1818 235 1858 voti
257 1828 448 1868 compos
470 1816 613 1856 fieret.
638 1814 743 1867 Jam
770 1825 881 1865 prae
910 1813 1123 1852 manibus
1157 1812 1299 1851 habet
1335 1810 1586 1861 quemdam
1606 1809 1783 1849 Docto-

137 1900 238 1930 rem
253 1888 502 1938 Medicum,
527 1887 604 1938 qui
639 1887 792 1937 palam
824 1884 1071 1936 profitetur
1108 1895 1157 1923 se
1193 1882 1531 1923 reuelationem
1561 1881 1781 1920 habuisse

134 1961 260 2012 quod
277 1959 544 2000 Dioecesim
565 1957 889 1998 Coloniensem
917 1967 1001 1995 sua
1030 1954 1290 1994 reformare
1324 1952 1676 2005 praedicatione
1706 1952 1780 1992 de·

139 2032 283 2072 beret.
308 2031 389 2071 Est
411 2030 550 2070 homo
571 2029 618 2068 in
635 2027 926 2068 naturalibus
948 2027 1127 2072 doctus,
1151 2025 1330 2065 habens
1365 2035 1579 2074 vxorem,
1609 2028 1668 2074 et,
1692 2023 1783 2063 nisi

142 2104 185 2143 ei
206 2103 531 2155 permittatur,
562 2100 674 2140 dicit
704 2099 927 2150 plurimos
963 2110 1022 2138 ex
1057 2096 1317 2137 maioribus
1350 2095 1480 2135 breui
1514 2095 1781 2135 morituros.

142 2175 408 2223 Lectiones,
433 2184 551 2224 quas
572 2172 745 2211 habere
767 2171 883 2210 solet
903 2170 950 2210 in
974 2169 1179 2209 naturali
1200 2166 1513 2219 philosophia,
1544 2166 1609 2206 illi
1629 2165 1782 2217 prohi-

97 2296 99 2299 .
144 2247 269 2287 bitae
291 2250 413 2293 sunt,
439 2250 483 2283 et
501 2244 601 2295 ipsa
624 2243 791 2282 ciuitas
813 2241 855 2281 ei
876 2240 1113 2292 prohibita
1136 2241 1205 2279 est
1224 2237 1254 2276 ².
1273 2238 1505 2278 Dominus
1523 2236 1630 2288 Opt.
1653 2235 1780 2280 Max,

143 2317 360 2368 dignetur
382 2314 657 2366 Superiores
691 2312 994 2353 Colonienses
1029 2316 1125 2350 tam
1146 2310 1193 2349 in
1224 2308 1544 2361 spiritualibus
1574 2318 1715 2359 quam
1736 2307 1785 2347 in

144 2387 482 2438 temporalibus
499 2385 545 2424 in
567 2385 666 2424 zelo
689 2382 880 2423 honoris
901 2381 1075 2422 Christi
1097 2391 1381 2421 conseruare
1398 2390 1546 2430 Vsque
1563 2379 1611 2418 in
1627 2377 1782 2419 finem.

224 2457 335 2498 Post
369 2457 538 2496 festum
574 2453 785 2495 Paschae
820 2454 946 2494 facta
981 2458 1051 2492 est
1084 2452 1159 2491 hic
1195 2450 1459 2502 deportatio
1489 2448 1784 2490 Sanctissimi

143 2528 437 2571 Sacramenti
464 2527 671 2568 maxima
706 2537 813 2565 cum
847 2524 1141 2564 solemnitate
1179 2529 1223 2562 et
1256 2521 1414 2573 populi
1444 2520 1705 2572 frequentia
1728 2532 1783 2560 ac

137 2600 401 2649 deuotione,
426 2599 539 2650 Epis
553 2609 672 2650 copo
689 2603 938 2648 praesente
959 2594 988 2646 ³,
1014 2595 1090 2647 qui
1107 2601 1152 2635 et
1182 2594 1333 2645 ipsum
1361 2592 1484 2633 idem
1511 2591 1783 2632 Sacramen-

196 2785 207 2805 ¹
248 2783 495 2818 Apographum
516 2782 549 2809 in
572 2781 650 2809 folio
672 2780 781 2811 unico.
804 2787 834 2806 n.
856 2778 1090 2805 316.-Eadem
1111 2784 1222 2807 manu.
1245 2776 1342 2804 nobis
1364 2776 1495 2810 ignota,
1520 2776 1578 2802 sed
1600 2779 1694 2802 certo
1716 2778 1775 2802 aut

139 2832 306 2861 flandrica
321 2835 380 2858 aut
395 2830 605 2865 germanica,
621 2836 706 2863 quae
722 2826 960 2862 apographum
982 2825 1149 2852 exavavit
1170 2824 1472 2859 quadrimestrium
1494 2823 1525 2850 14
1544 2823 1699 2856 Januarii
1726 2823 1786 2849 da-

137 2885 262 2913 tarum,
279 2887 363 2913 quas
376 2879 484 2906 habes
499 2884 616 2912 supra,
631 2884 714 2911 pag.
733 2875 794 2907 250,
813 2883 842 2902 n.
860 2880 1014 2901 ccchvr.

194 2927 209 2947 2
246 2927 295 2955 De
313 2927 376 2954 hoc
391 2927 491 2961 plura
506 2925 665 2953 fortassis
681 2923 824 2951 dicenda
842 2922 992 2953 venient.
1007 2928 1083 2948 cum
1098 2922 1165 2948 vol.
1181 2929 1203 2947 v
1227 2919 1388 2947 Clzrom'ci
1403 2919 1550 2946 pomum
1566 2918 1716 2946 edemus.

194 2975 208 2993 ³
246 2974 405 3009 Adolpho
420 2973 467 3002 111
483 2981 550 3000 von
566 2972 823 3004 Schauenburg.
