2047 3179
211 160 280 198 122
724 159 954 198 LITTERAE
981 171 1342 205 QUADmMEsTREs

208 258 311 298 sine
334 256 630 298 confessione
653 270 680 297 a
702 258 837 298 nobis
859 258 1048 309 abeunt,
1068 269 1173 298 cum
1195 270 1288 299 non
1318 258 1555 310 possimus
1576 269 1752 309 omnes,
1776 259 1858 310 qui·

210 329 270 369 ad
306 340 393 369 nos
424 328 672 379 accedunt,
705 328 884 379 audire,
915 329 962 369 in
990 330 1198 370 animum
1228 329 1412 370 induxit
1439 340 1594 369 emere
1624 329 1862 380 quasdam

206 400 376 441 domos
404 399 581 440 nostris
609 400 809 450 vicinas,
844 406 887 440 et
917 400 1129 441 instituto
1162 406 1324 442 nostro
1355 400 1552 440 multum
1573 400 1855 441 conuenien-
1911 428 1914 432 -

210 478 296 521 tes,
321 471 444 524 quod
465 472 599 511 multi
615 471 783 512 domus
803 477 996 512 nostrae
1016 471 1175 513 deuoti
1196 473 1290 513 iam
1312 472 1390 512 diu
1406 471 1708 524 desyderant3
1732 471 1859 524 quod·

212 543 251 583 si
272 542 367 594 fiat,
391 554 639 595 speramus
658 542 955 594 profuturum
976 544 1023 584 in
1043 556 1138 585 non
1159 544 1394 584 modicum
1412 543 1605 584 honoris
1624 542 1771 584 diuini
1791 543 1861 583 in—

209 620 517 655 crementum.

293 685 514 726 Referam
535 686 722 726 interim
744 685 900 738 aliqua
920 692 1029 728 tuae
1050 686 1357 728 Reuerendae
1377 686 1656 727 Paternitati
1687 699 1747 727 ex
1767 687 1862 737 his,

213 769 335 809 quae
355 757 587 798 Dominus
616 769 702 798 sua
731 757 904 810 pietate
933 759 980 799 in
1002 759 1375 800 confessionibus
1402 758 1648 799 audiendis
1670 758 1862 810 operari¹

211 829 435 881 dignatus
457 836 540 877 est;
566 840 770 881 namque
791 829 947 870 omnia
968 830 1144 871 referre
1167 836 1290 870 esset
1320 831 1528 882 longum.
1552 830 1690 871 Iussit
1717 829 1861 870 Pater

213 907 376 941 noster
396 900 711 942 Prouincialis
732 901 921 942 cuidam
949 914 1007 942 ex
1028 902 1168 959 nobis
1189 908 1239 942 ut
1269 902 1357 942 iret
1378 902 1438 942 ad
1473 901 1732 942 audiendas
1753 913 1865 942 con-

214 973 446 1013 fessiones
467 973 742 1013 monialium
763 972 1009 1014 cuiusdam
1039 973 1330 1024 monasterii,
1362 985 1482 1025 quae
1504 985 1597 1014 non
1626 979 1735 1013 sunt
1757 973 1861 1013 sub·

214 1044 340 1085 ditae
374 1045 636 1095 monachis;
672 1044 831 1096 plures
857 1056 916 1085 ex
946 1045 1061 1097 ipsis
1083 1045 1329 1085 confessae
1356 1050 1463 1085 sunt
1489 1045 1791 1096 generaliter,
1816 1050 1861 1084 et

216 1116 303 1157 fuit
331 1122 463 1156 tanta
497 1116 694 1156 mutatio
722 1116 770 1156 in
799 1116 1046 1157 animabus
1072 1128 1250 1163 earum,
1275 1122 1319 1156 et
1346 1122 1443 1156 tam
1465 1116 1656 1157 euidens
1677 1115 1867 1156 fructus.

216 1200 275 1228 ex
297 1188 411 1240 ipsis
433 1187 823 1239 confessionibus,
846 1193 897 1229 ut
919 1188 1133 1240 superior
1154 1199 1317 1229 earum
1339 1186 1446 1228 cu'm
1474 1187 1698 1228 instantia
1718 1187 1861 1239 petie-

217 1259 293 1310 rit,
315 1265 365 1300 ut
382 1260 549 1300 saltem
571 1259 817 1310 aliquoties
837 1259 946 1299 illuc
968 1259 1301 1300 accederemus
1322 1258 1381 1298 ad
1401 1258 1697 1299 inuisendum
1719 1264 1764 1299 et
1785 1269 1861 1298 au-

217 1330 440 1371 diendum
460 1330 613 1371 dictas
632 1331 878 1381 moniales,
907 1330 1168 1371 mirabatur
1197 1330 1336 1377 enim,
1365 1336 1415 1371 ut
1451 1330 1652 1380 dicebat,
1676 1335 1775 1370 tam
1794 1341 1863 1370 re-

216 1402 458 1455 pentinam
479 1407 525 1442 et
545 1401 845 1442 manifestam
864 1402 1186 1442 mutationem.
1211 1401 1426 1453 Quadam
1447 1400 1520 1442 die
1540 1413 1632 1441 una
1654 1401 1865 1453 ipsarum

217 1474 372 1515 attulit
393 1485 555 1514 coram
575 1473 846 1514 confessore
868 1485 968 1524 suo,
993 1485 1078 1514 sua
1099 1474 1356 1525 superiore,
1380 1478 1424 1513 et
1441 1473 1545 1513 aliis
1565 1472 1862 1521 monialibus,

220 1545 473 1598 quamdam
509 1556 686 1594 arcam,
711 1556 850 1597 quam
872 1545 1073 1585 habebat
1094 1545 1141 1585 in
1163 1556 1247 1585 suo
1271 1545 1500 1595 cubiculo,
1529 1556 1636 1585 cum
1655 1544 1871 1596 lucerna,

227 1623 393 1669 petens
415 1627 576 1657 coram
599 1617 830 1667 omnibUS,
866 1616 1088 1668 quicquid
1123 1617 1169 1657 in
1198 1628 1253 1656 ea
1281 1616 1491 1667 haberet,
1522 1621 1572 1656 ut
1601 1615 1690 1656 sibi
1717 1615 1866 1656 aufer-

223 1693 295 1728 ret
317 1693 397 1728 aut
426 1688 737 1737 combureret,
763 1699 871 1728 cum
899 1692 1039 1728 antea
1070 1699 1127 1728 ne
1154 1687 1316 1728 videre
1345 1686 1549 1739 quidem,
1574 1699 1693 1739 quae
1714 1688 1762 1727 in
1783 1698 1868 1727 sua

222 1771 336 1799 arca
359 1759 578 1810 habebat,
601 1759 912 1811 permitteret,
936 1758 1135 1800 necdum
1163 1759 1464 1799 contrectari.
1488 1758 1733 1810 Quaedam
1752 1770 1868 1799 vero

223 1831 332 1882 alia,
356 1831 478 1871 inter
498 1831 628 1883 ipsas
649 1843 744 1871 non
764 1830 980 1872 modicae
1002 1830 1315 1882 auctoritatis,
1334 1830 1533 1882 genibus
1550 1830 1698 1882 flexis
1721 1836 1870 1882 terge-

223 1903 302 1943 bat
335 1902 550 1943 sandalia
579 1902 779 1942 aliarum
805 1901 1093 1952 monialium,
1124 1908 1264 1954 atque
1296 1902 1360 1942 ita
1390 1902 1592 1943 inuicem
1623 1902 1872 1942 certabant

222 1986 365 2026 super
387 1973 692 2026 adipiscenda
712 1985 828 2015 vera
856 1973 1134 2025 humilitate,
1158 1980 1208 2014 ut
1237 1973 1471 2025 quaelibet
1497 1973 1708 2025 ipsarum
1728 1974 1872 2014 vellet

223 2045 454 2097 superior,
485 2045 679 2096 scilicet,
703 2045 924 2086 humilior
950 2045 1166 2096 euadere,
1191 2045 1442 2098 retulitque
1471 2045 1687 2097 superior
1707 2056 1872 2085 earum

223 2129 274 2158 se
301 2128 542 2169 nunquam
570 2117 747 2158 vidisse
783 2116 934 2157 dictas
966 2117 1196 2157 moniales
1225 2117 1385 2157 verius
1415 2116 1741 2157 reformationi
1777 2124 1874 2156 stu-

221 2189 397 2239 duisse,
422 2200 565 2241 quam
585 2200 643 2229 ex
665 2200 756 2241 quo
779 2200 886 2229 cum
907 2188 1032 2229 dicto
1051 2187 1191 2228 Patre
1212 2188 1457 2229 confessae
1481 2194 1604 2229 sunt.
1629 2187 1873 2239 Quaedam

224 2260 318 2301 filia
341 2260 585 2301 cuiusdam
616 2260 775 2300 militis
801 2260 924 2300 inter
950 2270 1046 2310 θος,
1070 2259 1148 2311 qui
1169 2259 1478 2311 insequuntur
1499 2259 1680 2300 curiam
1710 2258 1873 2310 Regis,

227 2332 515 2384 principalis,
540 2331 742 2372 accessit
767 2331 827 2372 ad
847 2342 936 2372 nos
956 2337 1006 2371 ut
1028 2331 1330 2372 confiteretur
1351 2336 1549 2383 peccata
1570 2342 1671 2372 sua:
1696 2330 1805 2371 huic
1827 2330 1873 2370 in

226 2403 329 2455 ipsa
352 2403 648 2444 confessione
669 2403 732 2443 ita
755 2402 908 2443 illuxit
928 2402 1174 2453 Dominus,
1199 2408 1244 2443 et
1264 2402 1329 2443 ita
1351 2403 1451 2443 eius
1471 2402 1752 2454 praecordia
1772 2413 1877 2453 per-

226 2475 382 2525 culsit,
403 2481 453 2514 ut
473 2475 520 2514 in
540 2475 702 2526 largas
723 2485 1036 2526 prorumpens
1057 2474 1314 2514 lachrimas
1335 2480 1380 2514 et
1400 2473 1619 2525 gemitus,
1650 2485 1700 2513 se
1722 2473 1875 2524 ipsam

229 2546 367 2587 valde
390 2546 657 2597 increpans,
681 2552 731 2586 ut
751 2546 905 2598 ipsum
936 2545 1079 2586 etiam
1107 2545 1449 2586 confessarium
1471 2544 1529 2585 ad
1557 2544 1877 2597 compunctio-

229 2629 337 2659 nem
359 2624 586 2667 moueret,
611 2618 850 2658 humiliter
867 2624 912 2658 et
928 2628 1035 2658 cum
1052 2617 1277 2658 instantia
1296 2617 1354 2658 ab
1371 2617 1472 2669 ipso
1489 2616 1779 2657 confessario
1801 2628 1875 2668 pe-

229 2689 316 2740 tiit,
341 2695 390 2729 ut
412 2700 517 2729 eam
538 2689 825 2740 generaliter
847 2689 903 2730 de
925 2689 1141 2730 omnibus
1161 2689 1370 2741 peccatis
1382 2689 1479 2729 suis
1500 2688 1777 2740 dignaretur
1798 2699 1875 2728 au·

228 2759 346 2811 dire,
376 2759 632 2800 asserendo
668 2772 908 2812 nunquam
936 2760 982 2801 in
1011 2766 1110 2801 tota
1130 2761 1229 2801 vita
1258 2771 1344 2801 sua
1372 2772 1422 2801 se
1448 2765 1576 2800 recte
1610 2759 1877 2800 confessam

228 2832 373 2872 fuisse
395 2837 595 2883 peccata
618 2842 719 2882 sua;
750 2843 950 2884 cumque
985 2838 1083 2872 tum
1111 2837 1305 2884 propter
1326 2831 1646 2871 necessariam
1668 2842 1884 2882 praeme—

226 2903 521 2954 ditationem,
558 2909 656 2944 tum
685 2909 878 2955 propter
913 2904 1142 2944 maiorem
1177 2902 1605 2955 praeparationem,
1644 2908 1689 2942 et
1724 2902 1881 2942 maius

227 2980 541 3026 augmentum
579 2975 960 3015 necessariorum
1000 2974 1058 3014 ad
1105 2975 1248 3014 talem
1287 2973 1653 3023 confessionem,
1696 2979 1881 3014 certum
