2047 3179
872 144 956 180 AN.
988 143 1077 180 1555
1731 149 1802 187 605

166 250 268 279 rum
290 239 449 279 ludum
469 239 595 288 data,
620 239 685 280 ita
709 239 783 279 uel
804 239 1093 279 orationibus
1115 240 1277 289 sacris,
1303 253 1422 292 quae
1444 249 1551 282 sunt
1574 244 1620 283 in
1643 245 1799 296 alpha-

165 309 346 350 betario
369 310 594 360 libellulo,
625 311 699 351 uel
726 309 1007 350 nostratium
1034 310 1420 361 uirguncularum
1452 313 1800 355 honestioribus

167 381 396 430 moribus,
418 382 492 421 uel
512 380 711 433 denique
733 391 908 420 arcano
929 380 1103 420 Christi
1123 381 1233 434 Jesu
1255 381 1320 431 (ut
1342 393 1416 422 res
1442 390 1602 434 postea
1624 384 1800 435 docuit)

168 452 356 502 lumine,
380 452 592 503 deposita
615 452 759 492 durae
780 457 966 503 patrum
984 452 1182 491 ceruicis
1198 453 1480 503 peruicacia,
1506 455 1563 493 ab
1580 455 1670 495 alio
1687 467 1800 496 sane

165 522 356 562 doctore
374 534 466 562 non
484 529 758 573 prouocata‚
780 521 964 562 Christo
980 533 1148 562 nomen
1172 522 1219 562 in
1240 522 1471 574 baptismo
1498 525 1610 565 dare
1635 526 1798 576 sitiret,

164 593 304 644 idque
329 605 472 632 unum
495 599 699 643 curaret,
722 605 780 633 ne
802 592 939 633 matri
961 593 1197 633 suboleret
1218 594 1484 645 consilium,
1508 602 1556 635 ut
1585 596 1683 636 m'sz'
1700 601 1799 637 tan<

164 664 284 711 dem,
318 676 403 704 nec
438 665 693 715 magistrae
729 663 958 713 crederet;
998 664 1239 703 consultus
1269 676 1294 703 a
1323 665 1419 705 ludi
1453 666 1800 716 gubernatricis

163 735 330 775 marito
354 734 501 774 Pater
523 735 579 775 ab
600 735 728 775 urbis
748 734 986 786 praefecto
1008 734 1205 775 Romam
1223 741 1271 775 ut
1293 735 1460 776 deduci
1476 744 1633 788 posset
1651 739 1709 778 ad
1727 750 1799 779 ca-

160 805 447 846 techismum
470 806 740 857 impetrauit
761 805 953 855 (Romae
975 805 1085 857 quid
1106 805 1229 857 apud
1247 805 1522 847 Cardinales
1543 808 1800 850 Illustrissi-

164 888 263 917 mos
283 884 438 916 actum
462 877 519 916 sit
543 883 586 916 te
608 877 750 917 credo
772 876 1091 928 cognoscere.)
1115 876 1333 925 Maritus,
1365 879 1456 918 huc
1478 890 1720 931 reversus,
1753 882 1797 921 in

163 959 401 988 carcerem
432 954 479 987 ut
508 948 667 998 magni
694 947 918 987 facinoris
944 958 1052 987 reus
1079 947 1318 988 coniectus
1349 955 1418 989 est
1450 961 1542 989 non
1570 951 1711 991 aliam
1742 952 1799 992 ob

163 1029 353 1058 causam
381 1030 519 1069 quam
552 1018 647 1069 Qm'
664 1019 743 1069 pie
770 1017 939 1058 uolunt
963 1018 1013 1058 sn
1034 1018 1113 1058 X.0
1135 1019 1318 1069 uiuere,
1350 1020 1471 1060 nosti
1499 1021 1700 1072 reliqua:
1725 1034 1799 1063 ue-

162 1100 265 1129 rum
298 1090 437 1140 paulo
472 1095 577 1140 post
613 1089 766 1129 Patris
802 1090 976 1130 auxilio
1007 1089 1094 1130 sibi
1123 1090 1380 1131 restitutus.
1418 1090 1620 1143 Puellae,
1659 1105 1798 1145 quam

161 1160 270 1210 dixi,
294 1160 540 1200 historiam
562 1170 720 1200 texere
741 1173 834 1200 non
852 1166 922 1200 est
939 1161 1076 1200 huius
1096 1161 1286 1212 negotii,
1310 1162 1391 1202 sed
1410 1173 1503 1202 non
1520 1167 1681 1214 potest
1697 1165 1798 1205 abs-

161 1231 302 1271 condi
329 1231 500 1271 ciuitas
542 1237 695 1283 supra
744 1235 947 1272 montem
991 1232 1164 1283 posita.
1212 1232 1325 1273 Eius
1376 1234 1556 1274 meritis
1605 1235 1799 1277 fratrem

160 1313 307 1353 nuper
324 1303 464 1342 morti
485 1302 722 1351 deuotum,
748 1303 982 1353 aliumque
1004 1303 1220 1344 undecim
1242 1315 1471 1345 annorum
1496 1306 1594 1345 eius
1616 1317 1797 1357 germa-

157 1385 284 1424 num,
312 1374 404 1414 imo
427 1379 623 1414 matrem
647 1374 797 1425 ipsam
818 1373 1004 1414 Christo
1027 1374 1281 1415 initiandos
1298 1387 1405 1426 spes
1423 1384 1540 1426 erat;
1566 1389 1685 1428 quae
1703 1380 1797 1430 qui-

164 1445 272 1485 dem
310 1445 366 1485 de
387 1445 538 1496 primo
570 1445 765 1485 inostris
790 1446 999 1496 peccatis
1026 1445 1071 1485 id
1099 1446 1413 1497 exigentibus)
1440 1447 1621 1495 fefellit;
1648 1450 1703 1490 de
1735 1451 1796 1491 al-

160 1523 257 1556 tero
281 1516 376 1567 (qui
397 1516 643 1556 nobiscum
666 1516 841 1567 aliquot
864 1515 1027 1556 diebus
1044 1523 1214 1568 rogatu
1232 1517 1474 1558 cuiusdam
1497 1519 1705 1561 doctoris
1723 1533 1793 1561 co-

170 1586 411 1636 habitauit)
435 1593 574 1637 atque
597 1592 746 1626 matre
767 1586 908 1627 etiam
929 1598 1039 1626 num
1062 1587 1267 1638 affulget.

242 1657 336 1697 Alii
356 1657 521 1709 judaei
543 1669 625 1696 cur
646 1669 741 1697 non
760 1663 1094 1698 conuertantur
1112 1669 1254 1699 causa
1272 1660 1345 1709 sit,
1366 1667 1463 1701 tum
1480 1668 1658 1710 nostra,
1677 1663 1795 1703 chri-

164 1728 423 1769 stianorum
445 1730 553 1768 mali
575 1739 756 1778 mores,
780 1734 878 1768 tum
898 1740 997 1779 sua,
1021 1729 1230 1780 ipsorum
1251 1731 1479 1771 obdurata
1507 1734 1670 1774 ceruix
1690 1746 1793 1786 pro-

158 1799 355 1851 priaque
376 1800 608 1839 uoluntas.

236 1869 371 1910 Alias
392 1871 660 1921 frequenter
683 1882 923 1910 carcerem
945 1871 1053 1910 uisit
1074 1870 1227 1920 Pater,
1249 1873 1319 1912 uel
1339 1873 1571 1914 hebraeos
1589 1876 1648 1915 ad
1665 1875 1792 1916 Chri-

156 1948 278 1981 stum
299 1942 603 1989 adducturus,
627 1942 701 1981 uel
723 1941 1004 1981 christianos
1025 1943 1226 1982 nominis
1243 1943 1313 1983 sui
1331 1955 1561 1985 memores
1585 1947 1788 1987 redditu-

155 2024 250 2063 rus;
275 2024 359 2052 nec
382 2013 553 2052 uinctis
574 2013 742 2062 solum,
767 2013 848 2052 sed
877 2012 1039 2053 eadem
1067 2025 1208 2064 opera
1241 2021 1284 2054 et
1318 2016 1555 2066 praefecto
1586 2019 1792 2058 satelliti-

163 2084 338 2134 busque
360 2084 627 2123 adiumento
650 2083 749 2123 tuit.

234 2153 543 2194 Xenodochia
566 2161 610 2194 et
633 2155 739 2194 huic
761 2161 806 2194 et
834 2155 936 2195 aliis
968 2156 1139 2196 nostris
1170 2157 1360 2197 uisitata
1396 2159 1605 2209 saepius:
1630 2172 1791 2201 conso-

158 2226 241 2265 lati
263 2226 432 2265 mirum
454 2226 500 2265 in
522 2225 712 2265 modum
735 2225 927 2276 infirmi,
953 2238 1057 2266 cum
1081 2228 1252 2277 nostri,
1285 2234 1382 2268 tum
1404 2230 1553 2269 exteri
1572 2241 1578 2279 ;
1603 2242 1688 2270 nec
1719 2232 1790 2271 die

157 2297 314 2346 modo,
338 2307 503 2336 uerum
526 2297 667 2336 etiam
694 2303 848 2336 nocte.
878 2296 1115 2348 Quotquot
1137 2298 1252 2345 adit,
1278 2300 1546 2340 cuiuscuius
1569 2302 1791 2342 conditio-

156 2367 253 2417 nis,
277 2378 382 2407 cum
404 2366 737 2407 discedendum
759 2373 848 2417 est,
871 2379 964 2408 non
985 2369 1135 2408 solum
1169 2369 1325 2409 dolent
1346 2403 1352 2419 ,
1387 2371 1467 2410 sed
1497 2371 1697 2422 ingenue
1729 2374 1790 2413 la-

153 2438 455 2489 chrymantes
475 2437 692 2478 fatentur.

233 2507 552 2559 Aegrotorum
575 2509 650 2549 hic
676 2521 789 2549 cura
813 2510 959 2549 altera
980 2518 1049 2550 est
1072 2517 1119 2550 ut
1141 2510 1373 2562 Andreas,
1398 2513 1607 2553 medicus
1625 2526 1788 2566 corpo-

96 2632 98 2635 ·
158 2591 276 2629 rum,
302 2580 559 2620 aduocetur
581 2580 779 2627 aliusue,
805 2582 951 2620 altera
974 2588 1022 2621 ut
1048 2581 1098 2620 P.
1125 2582 1428 2633 Laurentius;
1454 2590 1502 2624 ut
1524 2584 1620 2624 fere
1652 2586 1789 2626 simul

130 2643 447 2690 'inueniantur
467 2651 677 2691 medicus
699 2651 904 2710 ciuitatis
925 2658 968 2692 et
989 2652 1164 2693 Rector
1181 2660 1354 2693 noster.

230 2721 281 2761 In
303 2722 609 2762 concionibus
633 2722 880 2763 dominicis
901 2723 1082 2763 dubites
1103 2725 1219 2764 utris
1241 2726 1519 2775 praesertim
1547 2727 1782 2778 loquatur,

151 2792 355 2842 uulgone
391 2804 451 2832 an
486 2792 822 2844 perfectionem
857 2794 1198 2845 profitentibus3
1236 2797 1299 2835 ita
1336 2797 1487 2836 nullos
1524 2796 1679 2838 fructu
1711 2799 1786 2838 de-

151 2862 353 2903 fraudat.

233 2932 372 2974 Domi
397 2935 463 2975 sic
492 2941 661 2975 cuncta
691 2936 982 2987 moderatur,
1016 2943 1065 2977 ut
1088 2949 1223 2978 nemo
1254 2938 1363 2989 quid
1393 2940 1616 2991 postulet,
1646 2953 1782 2982 nemo
