2047 3179
885 204 924 241 A
933 215 969 240 Ν.
1001 205 1091 241 1555
1735 206 1809 242 035

175 300 299 341 M.tr0
328 300 509 351 Ignatio
531 301 586 340 de
614 301 806 352 Loyola,
840 299 1060 340 Generali
1089 300 1362 352 Praeposito
1393 301 1641 342 Societatis
1677 301 1803 353 Jesu,

174 371 297 422 apud
319 371 364 411 S.
388 372 601 412 Marcum
622 374 666 411 in
687 371 732 412 S.
759 371 907 412 Maria
928 371 983 411 de
1005 370 1190 412 Strada.

257 442 449 482 Romae.

256 513 456 553 Franco.

254 583 366 622 Alsa
388 595 550 623 manu:
589 585 703 623 1555.
727 584 952 625 Louanio.
989 583 1044 623 D.
1076 583 1181 623 Μ.ΓΟ
1214 583 1424 624 Adriano
1464 583 1511 623 10
1545 583 1590 622 di
1612 583 1807 623 Settem-

174 654 270 693 bre.
298 653 373 693 Rta
403 655 479 693 alli
504 655 550 694 19
572 655 614 695 d'
631 654 838 696 Ottobre.
863 654 1036 706 Quadr.

842 1079 1138 1133 CDXXIV

245 1308 468 1345 Robertus
489 1308 775 1354 Clayssonius

293 1373 415 1410 Patri
433 1373 602 1414 lamatio
623 1373 676 1410 de
696 1373 877 1421 Loyola.

340 1438 561 1483 Billiomo,
584 1438 627 1475 13
647 1437 918 1486 Septembris
942 1439 1032 1476 1555
1051 1438 1075 1476 ¹.

255 1576 355 1616 Pax
376 1576 567 1616 Domini
589 1575 675 1615 Dei
699 1577 846 1615 nostri
866 1576 977 1628 Jesu
999 1575 1170 1617 Christi
1188 1576 1393 1627 perfecta
1418 1589 1502 1617 nos
1519 1578 1657 1618 donet
1676 1579 1810 1619 liber-

174 1653 283 1687 tate.
306 1647 470 1687 Amen.

256 1718 400 1769 Quae,
424 1718 526 1758 Deo
549 1725 760 1768 auctore,
785 1718 875 1758 hoc
896 1729 1040 1769 prope
1061 1717 1393 1769 quadrimestri
1414 1726 1624 1771 tempore
1645 1721 1691 1760 in
1713 1720 1805 1761 Au—

173 1790 336 1830 uernia
358 1801 385 1829 a
406 1801 480 1829 me
502 1796 606 1829 acta
629 1789 744 1835 sint,
769 1801 827 1828 ex
849 1789 995 1828 ternis
1014 1788 1162 1829 literis
1183 1790 1503 1840 superioribus
1525 1790 1628 1831 R.d²²
1650 1791 1805 1832 Pater-

171 1861 294 1900 nitas
315 1867 395 1900 tua
423 1859 606 1900 abunde
634 1860 927 1900 intellexerit.
952 1859 1151 1899 Proinde
1173 1872 1229 1900 ea
1249 1861 1457 1911 singula,
1489 1873 1573 1902 ceu
1595 1874 1677 1913 per
1699 1874 1809 1903 ana-

171 1932 523 1983 cephalaeosin,
548 1931 594 1971 in
616 1931 920 1971 summarium
938 1931 1266 1982 compendium
1284 1932 1458 1983 absque
1475 1933 1581 1973 vllis
1599 1934 1806 1986 ambagi-

171 2004 258 2043 bus
279 2002 505 2054 redigam,
524 2001 846 2042 tantummodo
868 2008 918 2041 vt
940 2013 1105 2042 sacrae
1128 2002 1422 2043 obedientiae
1448 2016 1473 2043 a
1496 2015 1569 2044 me
1597 2017 1655 2046 ex
1677 2017 1807 2056 prae-

171 2074 347 2126 scripto
369 2074 728 2125 obtemperetur.

250 2145 411 2196 Itaque
434 2144 750 2184 decimosexto
768 2143 878 2184 Maii
893 2143 1355 2185 Reuerendissimum
1373 2145 1626 2186 Dominum
1649 2146 1806 2187 Clara-

176 2221 449 2255 montanum
473 2215 486 2234 ‘²
509 2215 777 2264 comitatus,
801 2214 985 2255 Lutetia
1016 2216 1200 2266 relicta,
1231 2217 1277 2256 in
1306 2217 1596 2257 Auuerniam
1626 2218 1715 2258 iter
1742 2219 1805 2258 in-

172 2297 365 2334 gressus
387 2297 504 2335 sum,
528 2286 886 2336 humanissime,
914 2292 1201 2338 paternoque
1228 2289 1366 2338 plane
1399 2287 1588 2337 affectu,
1619 2289 1676 2328 ab
1703 2289 1808 2341 ipso

173 2357 365 2408 eiusque
386 2357 561 2396 familia
584 2367 767 2407 semper
788 2362 1034 2396 tractatus.
1054 2356 1105 2397 In
1122 2357 1223 2409 ipso
1241 2358 1421 2405 itinere,
1446 2358 1492 2398 in
1510 2358 1680 2411 oppido
1698 2359 1807 2400 Diui

172 2428 299 2468 Petri
320 2428 505 2468 nomine
526 2427 764 2478 insignito,
788 2426 1058 2468 Praefectus
1080 2428 1179 2480 ipse
1201 2429 1341 2469 aedes
1362 2441 1473 2469 suas
1495 2430 1713 2482 vitaeque
1730 2443 1808 2471 ne-

173 2499 381 2539 cessaria
403 2499 580 2549 obtulit,
605 2499 643 2538 si
664 2498 758 2538 bini
784 2497 1056 2549 Societatis,
1080 2499 1392 2540 instituendae
1417 2499 1674 2551 juuentutis
1699 2513 1809 2553 gra-

175 2571 256 2620 tia,
281 2581 481 2622 quorum
502 2571 618 2609 alter
638 2569 772 2609 verbi
793 2569 937 2610 diuini
959 2570 1217 2610 ministerio
1239 2570 1530 2622 fungeretur,
1554 2583 1608 2612 eo
1630 2584 1680 2612 se
1701 2584 1806 2613 con-

105 2660 107 2663 ·
172 2641 362 2681 ferrent.
382 2640 485 2691 Quo
502 2641 558 2680 de
575 2640 761 2691 negotio
779 2639 926 2680 fusius
942 2641 1094 2691 prima
1112 2642 1310 2692 epistola
1329 2642 1452 2693 apud
1474 2642 1806 2684 Reuerentiam

170 2719 300 2752 tuam
327 2711 416 2762 egi.

250 2781 495 2832 Vigesimo
517 2782 678 2833 quinto
702 2782 813 2822 Maii
834 2783 1116 2834 Euscopiam
1133 2782 1147 2802 ³
1164 2783 1223 2824 ad
1242 2790 1448 2824 castrum
1467 2784 1689 2837 Episcopi
1705 2797 1807 2837 per—

226 2917 236 2936 ¹
275 2917 524 2952 Autographae
540 2918 752 2952 quadruplici
767 2919 799 2946 in
816 2919 906 2951 folio,
922 2926 978 2946 nn.
996 2918 1050 2946 333
1069 2923 1102 2946 et
1117 2919 1180 2947 336.

225 2963 240 2983 ἓ
278 2963 484 2992 Gulielmum
499 2965 542 2992 du
558 2964 651 2992 Prat.

234 3009 246 3027 ⁵
279 3010 344 3044 Sic;
361 3010 615 3044 Beauregard?
631 3011 682 3039 lta
698 3013 867 3041 intellexit
885 3012 1059 3041 Pomxcus
1074 3019 1105 3041 et
1121 3014 1152 3041 in
1171 3014 1360 3043 Clzrom'cote
1379 3023 1472 3043 suum
1490 3016 1716 3050 transcripsit.
