2047 3179
188 142 261 182 328
705 143 932 181 LITTERAE
959 153 1318 187 QUADRnuESTREs

192 251 363 280 sumus
390 240 608 292 ingressi,
637 240 994 292 expectantibus
1015 240 1123 280 hinc
1151 240 1257 280 inde
1292 239 1535 291 permultis
1562 251 1668 279 cum
1699 239 1838 280 clero·

203 311 439 362 uniuerso,
477 312 554 364 qui
589 311 791 352 Domino
827 310 1143 352 Gubernatori
1168 321 1251 362 pro
1278 309 1455 350 foribus
1483 310 1644 361 templi
1673 310 1826 350 adsta-

192 382 319 423 bant.

282 453 533 495 Caeterum
546 465 648 505 nos,
672 455 821 495 obiter
839 454 1052 494 omnibus
1069 453 1300 503 salutatis,
1320 452 1379 492 ad
1398 452 1718 504 pientissimae
1738 452 1829 493 Dei

198 523 452 567 Genitricis
472 526 795 578 procurrimus
816 536 986 577 genua,
1020 536 1139 577 quae
1159 535 1246 564 nos
1267 534 1449 564 summa
1483 523 1830 575 quodammodo

200 601 246 637 et
261 597 505 649 inexperta
529 597 854 638 consolatione
882 595 1174 637 resalutauit.
1203 594 1588 636 Exaudiebantur
1614 595 1662 635 in
1692 606 1830 635 sacro

205 668 470 710 dominicae
500 669 843 709 Incarnationis
868 669 1042 708 sacello
1070 673 1341 708 nostrorum
1374 666 1580 707 omnium
1610 666 1840 718 gemitus,

202 741 517 781 cernebantur
539 740 836 781 dulcissimae
865 738 1129 780 deuotionis
1150 738 1422 780 lachrimae.

280 811 480 853 Peracto
503 817 660 852 autem
681 816 839 852 tantae
860 811 1048 864 pietatis
1069 809 1235 860 officiO,
1266 821 1426 850 omnes
1448 809 1665 850 canonici
1693 815 1738 850 et
1760 821 1830 850 sa-

201 883 416 924 cerdotes
436 882 573 924 huius
595 883 761 923 domus
781 895 867 923 nos
888 882 935 923 in
957 882 1117 923 osculo
1139 886 1304 922 sancto
1331 880 1665 921 humanissime
1700 892 1834 921 exce-

203 960 389 1008 perunt,
415 955 582 1007 quibus
602 954 808 995 officiose
829 954 1114 1005 resalutatis,
1146 958 1192 993 et
1220 964 1312 993 una
1343 963 1451 993 cum
1484 952 1573 992 illis
1602 951 1843 1004 spiritualiv

205 1039 262 1068 ac
285 1026 522 1079 corporali
543 1026 647 1066 cibo
666 1024 845 1077 refecti,
869 1025 929 1066 ad
959 1030 1177 1076 paratam
1201 1024 1336 1065 nobis
1363 1036 1391 1064 a
1417 1022 1476 1064 D.
1507 1023 1835 1065 Gubernatore

205 1097 545 1139 habitationem
579 1108 740 1138 sumus
765 1096 989 1149 profecti,
1017 1096 1119 1137 Deo
1146 1101 1191 1136 et
1218 1095 1539 1147 pientissimae
1576 1094 1713 1134 matri
1748 1105 1833 1146 pro

202 1169 347 1210 tantis
366 1168 605 1209 beneficiis
624 1168 805 1220 gratias
827 1173 1037 1219 agentes,

280 1240 397 1281 Erat
427 1240 594 1280 domus
623 1239 760 1280 ualde
796 1240 953 1291 ampla
987 1246 1033 1279 et
1061 1238 1352 1290 excipiendis
1372 1237 1663 1290 principibus
1683 1237 1850 1289 potius.

205 1324 347 1364 quam
368 1311 601 1363 religiosis
637 1317 919 1363 opportuna.
955 1311 1156 1351 Eramus
1186 1310 1310 1350 enim
1338 1310 1386 1350 in
1414 1310 1583 1361 amplis
1613 1309 1850 1349 cubiculis·

201 1395 297 1424 non
317 1389 415 1424 tam
437 1382 682 1424 commode
703 1394 843 1435 quam
863 1381 1111 1433 magnifice
1128 1381 1383 1432 constituti,
1407 1381 1465 1422 ob
1481 1381 1619 1432 idque
1636 1391 1842 1421 commo-

206 1455 386 1496 diorem
416 1454 757 1495 habitationem
775 1459 882 1506 post
901 1459 996 1494 tres
1018 1464 1202 1493 menses
1225 1464 1252 1493 a
1273 1452 1477 1493 Domino
1506 1451 1837 1494 Gubernatore

205 1526 579 1578 impetrauimus‚
603 1525 649 1566 in
672 1537 763 1578 qua
783 1537 921 1576 nunc,
948 1536 1129 1565 summa
1151 1524 1306 1576 quiete
1326 1531 1371 1564 et
1393 1523 1715 1564 consolatione
1732 1534 1839 1575 per-

207 1597 432 1649 fruentes,
455 1602 646 1638 nostrae
666 1595 915 1638 Societatis
935 1596 1176 1647 fungimur
1197 1595 1375 1636 officiis,

283 1669 605 1722 Expectamus
626 1669 812 1709 interim
842 1669 953 1709 noui
983 1668 1183 1719 Collegii
1209 1667 1507 1718 erectionem,
1541 1678 1684 1719 quam
1705 1665 1840 1706 breui

209 1747 254 1782 et
273 1742 320 1782 in
341 1740 658 1782 commodiore
678 1741 782 1781 loco
802 1740 1009 1780 futuram
1030 1740 1323 1791 pollicentur,
1356 1744 1496 1790 prout
1522 1738 1577 1779 R.
1602 1737 1657 1779 T.
1693 1736 1743 1777 P.
1781 1736 1853 1777 fa·

209 1813 297 1854 cile
316 1813 489 1865 poterit
510 1812 736 1863 iudicare,
760 1812 893 1852 cuius
913 1812 1198 1863 promissum
1219 1811 1475 1852 aduentum
1491 1810 1707 1851 maximo
1730 1808 1846 1849 desi-

206 1884 336 1925 derio
357 1890 677 1936 expectamus.
700 1884 892 1924 Interim
914 1894 1076 1924 omnes
1097 1882 1261 1924 Patres
1282 1894 1338 1923 ac
1359 1881 1532 1923 fratres
1562 1881 1610 1922 in
1638 1880 1847 1921 ministe-

210 1958 282 1998 rio
304 1955 566 1998 uocationis
591 1956 680 1997 sibi
699 1956 952 1996 commisso
980 1954 1326 1996 feruentissime
1355 1965 1405 1994 se
1434 1958 1672 2004 exercent,
1706 1957 1751 1993 et
1778 1963 1848 1992 sa-

215 2028 432 2069 cerdotes
454 2028 640 2080 quidem
661 2028 708 2069 in
729 2027 900 2068 diuinis
921 2026 1172 2079 obsequiis,
1201 2026 1249 2066 in
1276 2024 1522 2066 audiendis
1544 2022 1851 2065 confessioni-

213 2100 314 2152 bus,
338 2106 383 2140 et
404 2099 509 2141 aliis
529 2099 768 2152 perfectae
789 2099 978 2151 pietatis
999 2097 1177 2139 officiis.

290 2170 340 2212 P.
365 2170 572 2225 Joannes
591 2171 875 2212 Laurentius
895 2170 1124 2210 hactenus
1146 2169 1416 2221 frequenter
1433 2168 1743 2208 concionatus
1764 2170 1849 2206 est.

214 2242 318 2284 Hoc
339 2242 734 2295 quadragesimae
755 2247 981 2294 tempore,
1004 2253 1098 2281 una
1120 2252 1227 2281 cum
1246 2239 1451 2280 Domino
1473 2238 1730 2280 Laurentio
1760 2236 1853 2278 Da·

211 2315 367 2356 uidico
390 2314 545 2367 (quem
566 2313 739 2366 optime
760 2313 891 2354 nouit
906 2312 960 2353 R.
978 2312 1030 2353 T.
1054 2311 1124 2362 P.)
1141 2311 1335 2352 alternis
1351 2309 1723 2351 hebdomadibus
1746 2320 1853 2349 con-

215 2387 448 2437 cionatur,
471 2397 567 2426 non
587 2385 688 2426 sine
723 2396 907 2426 summa
932 2385 1187 2425 multorum
1213 2381 1549 2433 admirationes,
1580 2386 1741 2432 utpote
1775 2379 1856 2432 qui

217 2464 316 2498 tam
337 2457 511 2498 celebri
532 2456 857 2498 concionatori
876 2468 973 2497 non
1003 2456 1155 2496 solum
1181 2454 1333 2508 potuit
1361 2453 1580 2502 conferri,
1610 2452 1694 2493 sed
1714 2451 1856 2492 etiam

222 2529 477 2570 multorum
500 2528 675 2569 iudicio
695 2526 940 2580 praeferri.

303 2600 404 2651 Ego
426 2599 568 2640 etiam
589 2599 753 2640 diebus
773 2598 1021 2640 dominicis
1043 2604 1089 2639 et
1108 2597 1240 2638 festis
1273 2596 1558 2648 interpretor
1588 2593 1856 2635 doctrinam

224 2670 533 2712 christianam
550 2682 657 2711 cum
672 2681 847 2722 magna
865 2670 1119 2711 multorum
1135 2667 1458 2709 satisfactione
1478 2672 1523 2707 et
1539 2665 1710 2715 fructu,
1728 2675 1860 2716 prae·

226 2742 390 2783 sertim
416 2753 685 2794 puerorum,
719 2753 837 2794 quos
864 2747 1114 2793 praesente
1141 2739 1314 2792 populo
1349 2738 1396 2779 in
1425 2736 1694 2790 repetendis
1727 2746 1859 2787 prae—

223 2814 373 2864 ceptis
395 2813 639 2854 doctrinae
661 2813 949 2853 christianae
970 2822 1186 2862 exerce03
1209 2822 1330 2863 quae
1345 2821 1421 2850 res
1441 2821 1536 2849 non
1559 2806 1859 2848 mediocriter
1922 2852 1926 2855 ,

223 2890 492 2925 commouet
514 2883 801 2924 adstantium
820 2889 1071 2935 parentum
1092 2882 1289 2922 animos.
1321 2879 1428 2920 Fuit
1449 2885 1604 2920 autern
1627 2879 1716 2918 hoc
1749 2888 1858 2929 qua-

162 2986 164 2988 -
225 2955 524 3007 dragesimae
544 2960 754 3006 tempore
776 2954 892 2994 haec
914 2954 1054 2993 lectio
1086 2951 1367 3002 intermissa,
1400 2956 1498 2991 tum
1520 2949 1629 3001 quia
1650 2949 1718 2990 sic
1739 2947 1868 2989 effia-
