2047 3179
233 184 299 221 180
744 184 971 222 LITTERAE
987 196 1346 229 QUADRJMESTRES

228 282 352 332 quod
368 283 559 333 cognati
586 282 627 322 ei
650 283 1039 323 assentiebantur:
1065 289 1108 323 et
1130 295 1236 323 cum
1258 294 1343 322 nec
1365 294 1502 322 orare
1526 294 1611 323 nec
1630 283 1802 324 Missae
1821 292 1870 326 et

227 353 401 394 divinis
431 353 594 394 officiis
616 354 841 394 interesse
870 366 1006 405 posse
1040 354 1285 404 fateretur,
1318 354 1411 394 iam
1436 352 1529 393 fere
1559 354 1766 405 quotidie
1802 356 1863 396 ad

223 426 450 476 ‚templum
470 425 665 475 accedit,
691 431 735 465 et
755 431 914 476 patres
934 431 1121 465 nostros
1143 437 1225 465 sua
1249 431 1404 464 errata
1428 424 1700 465 confessura
1719 437 1860 478 saepe

227 497 357 537 adire
379 498 510 537 solet.
535 495 653 545 Non,
684 496 891 548 inquam,
915 496 1113 536 mireris:
1153 508 1259 536 cum
1280 496 1352 535 his
1381 495 1545 535 diebus
1567 501 1747 548 septem
1767 509 1864 538 me·

221 568 418 609 retrices
440 579 581 620 opera
603 574 648 607 et
669 568 827 608 labore
845 567 898 608 R.
919 567 965 607 P.
987 567 1200 607 Rectoris
1217 574 1406 618 ereptae
1423 571 1467 606 et
1484 566 1710 608 liberatae
1726 568 1858 610 fuere

225 652 249 679 a
287 640 454 690 laqueo
482 639 579 679 sere
606 639 934 686 inextricabili,
969 651 1060 690 quo
1089 638 1213 688 (licet
1248 638 1419 687 dicere)
1450 638 1753 679 adamantino
1790 640 1857 680 sic

222 711 421 750 daemon
442 722 522 750 eas
544 711 825 755 irretiuerat,
855 716 904 749 ut
939 709 1123 749 nonnisi
1147 709 1303 748 diuina
1328 720 1415 759 ope
1437 709 1666 760 explicari
1688 711 1856 761 potuis·

221 790 337 822 sent:
362 794 561 834 quarum
582 782 767 833 quidem
795 781 914 822 aliae
941 782 985 821 in
1016 793 1117 821 sese
1149 779 1507 832 descendentes,
1540 782 1783 822 conuersis
1805 794 1854 823 se

218 854 373 894 socias
393 853 631 904 addidere,
662 853 709 893 in
740 865 938 905 quarum
969 852 1193 903 religione
1221 851 1478 892 maximum
1502 859 1609 892 sunt
1638 853 1854 894 omnibus

217 925 496 976 exemplum,
521 936 608 964 nec
630 924 783 964 minus
805 935 988 964 summa
1009 923 1097 964 Dei
1117 924 1270 974 gloria
1292 929 1336 962 et
1362 934 1555 963 suarum
1585 924 1855 965 animarum

218 997 366 1036 salute
388 996 661 1047 procedunt:
687 995 742 1036 de
766 995 870 1035 aliis
891 1001 1047 1035 autem
1069 995 1114 1034 in
1132 1005 1263 1046 spem
1281 994 1488 1045 quotidie
1507 995 1660 1046 magis
1682 996 1854 1047 magis-

217 1079 306 1119 q-ue
326 1067 554 1116 uenimus
587 1078 819 1107 summum
849 1065 1017 1114 Deum,
1049 1066 1127 1117 qui
1160 1065 1262 1117 pius
1289 1071 1333 1105 et
1358 1065 1628 1107 misericors
1659 1073 1748 1118 est,
1779 1079 1850 1107 ea-

216 1150 319 1179 rum
341 1138 483 1178 menti
512 1138 688 1178 lumina
715 1138 1049 1189 praelaturum,
1082 1142 1129 1176 ut
1156 1136 1506 1188 praedictarum
1535 1137 1858 1188 ingredientes

213 1209 440 1260 uestigiis,
464 1210 661 1249 salutem
684 1209 928 1249 animabus
949 1208 1044 1248 suis
1065 1208 1326 1248 inueniant:
1350 1208 1396 1248 id
1414 1220 1615 1260 namque
1637 1216 1734 1250 tum
1753 1209 1848 1250 illa-

213 1292 317 1321 rum
338 1280 635 1320 conuersatio
656 1280 757 1320 fore
773 1280 962 1329 indicat,
983 1279 1360 1331 quandoquidem
1378 1279 1423 1319 in
1436 1280 1594 1331 probis
1616 1280 1711 1321 fere
1732 1293 1848 1322 sem-

211 1363 294 1404 per
316 1352 499 1392 uersari
521 1351 752 1402 uidentur,
783 1358 881 1392 tum
909 1351 1031 1403 quod
1060 1351 1199 1391 rebus
1227 1351 1376 1391 sacris
1397 1351 1513 1391 satis
1540 1352 1756 1393 addictae
1784 1354 1847 1394 iu-

211 1424 440 1464 dicantur:
465 1422 636 1463 diuinis
655 1424 778 1463 enim
799 1423 964 1463 officiis
985 1423 1231 1472 intersunt,
1256 1422 1486 1463 intersunt
1513 1429 1558 1463 et
1588 1424 1678 1475 piis
1700 1425 1849 1476 operi-

209 1496 309 1545 bus,
334 1506 517 1535 necnon
539 1495 598 1535 ad
620 1495 935 1535 confessarios
953 1506 1001 1534 se
1023 1494 1283 1534 conferunt.
1303 1494 1537 1534 Dominus
1552 1495 1689 1548 Jesus
1710 1507 1848 1537 suum

208 1566 434 1607 Sanctum
456 1565 755 1606 Paracletum
777 1567 961 1607 mittere
983 1578 1075 1606 non
1098 1566 1393 1616 dedignetur,
1418 1572 1466 1606 ut
1488 1577 1607 1618 quae
1628 1566 1840 1608 huiusce-

208 1638 334 1679 modi
366 1638 578 1687 uinculis,
609 1638 888 1678 execrandis
917 1638 1134 1677 nimirum
1156 1637 1361 1688 flagitiis,
1382 1637 1610 1689 detentas,
1642 1650 1698 1679 ac
1725 1650 1845 1691 pene

208 1710 408 1761 caligine
430 1721 624 1759 mersas,
651 1710 708 1749 ab
742 1710 935 1750 immani
965 1710 1096 1749 hoste
1119 1709 1365 1760 receperit,
1400 1709 1590 1750 easdem
1612 1710 1671 1750 ad
1700 1711 1844 1751 maio-

207 1793 304 1821 rem
327 1782 398 1821 sui
419 1782 620 1821 nominis
643 1782 858 1832 gloriam,
883 1781 1015 1821 cuius
1038 1793 1183 1821 causa
1207 1788 1273 1821 tot
1296 1781 1615 1832 suscipiuntur
1637 1782 1841 1832 labores,

207 1860 394 1894 tueatur
414 1861 553 1904 atque
576 1860 837 1893 conseruet.

284 1923 331 1965 Si
352 1925 455 1972 hoc,
481 1924 533 1965 R.
558 1924 626 1976 P„
645 1936 869 1977 magnum
886 1925 1069 1965 facinus
1087 1937 1189 1965 esse
1210 1925 1413 1974 testaris,
1439 1937 1533 1965 non
1550 1937 1663 1966 sane
1685 1926 1844 1967 minus-

204 1997 505 2037 memorabile
527 2003 612 2046 est,
636 1996 759 2048 quod
782 1996 903 2037 idem
926 1996 1079 2047 Pater,
1111 1997 1270 2037 diuino
1293 1997 1483 2037 numine
1505 1997 1592 2037 sibi
1614 1998 1839 2049 secundo,

203 2068 330 2108 obiit.
349 2068 513 2108 Mulier
531 2069 670 2118 enim,
692 2068 885 2119 indigna
903 2069 1173 2108 calamitate
1192 2080 1374 2120 pressa,
1393 2069 1563 2109 timens
1580 2081 1637 2109 ne
1653 2069 1839 2121 penitus

202 2139 503 2191 affligeretur,
529 2139 716 2180 cuidam
738 2140 918 2191 potenti
939 2140 1106 2180 iudaeo
1129 2146 1173 2180 et
1194 2152 1244 2180 se
1266 2147 1311 2181 et
1341 2140 1482 2181 filiam
1508 2152 1643 2181 suam
1672 2141 1839 2193 prosti-

201 2217 331 2251 tuere
352 2210 644 2251 decreuerat:
668 2223 830 2251 uerum
852 2211 901 2251 P.
925 2210 1108 2262 Rector,
1129 2211 1206 2252 ubi
1223 2218 1406 2252 tantum
1423 2212 1577 2252 scelus
1595 2212 1842 2253 admitten—

201 2283 311 2323 dum
332 2283 528 2334 accepit,
553 2289 597 2322 et
618 2283 717 2323 eius
735 2288 995 2333 egestatem
1017 2294 1119 2323 esse
1147 2283 1408 2332 materiam,
1440 2283 1548 2324 huic
1577 2284 1646 2324 rei
1672 2296 1835 2325 consu-

199 2353 387 2393 lendum
409 2354 621 2404 credidit,
660 2360 705 2394 et
734 2353 933 2406 denique
955 2354 1029 2405 (ne
1051 2354 1099 2394 Ρ.
1127 2354 1278 2395 Tuam
1307 2354 1479 2405 morer)
1502 2361 1726 2396 reuocata
1748 2363 1835 2407 est,

199 2431 243 2465 et
264 2425 471 2466 eiusdem
493 2437 635 2477 opera
667 2426 725 2466 ab
752 2432 1031 2478 paupertate
1059 2427 1319 2467 subleuata.
1351 2427 1468 2467 Illud
1497 2433 1743 2479 praeterea
1770 2434 1834 2468 ta·

198 2497 395 2537 cendum
417 2509 509 2538 non
532 2497 749 2550 arbitror,
773 2498 898 2550 quod
919 2497 1013 2538 filia
1031 2498 1276 2539 cuiusdam
1293 2511 1387 2539 non
1404 2510 1518 2539 sane
1541 2499 1722 2539 minimi
1738 2511 1836 2540 mo—

198 2568 354 2619 menti,
379 2569 455 2609 cui
475 2568 639 2609 uitium
660 2569 870 2610 oblatum
889 2569 1058 2621 fuerat,
1083 2576 1127 2611 et
1149 2582 1175 2610 a
1198 2571 1403 2623 quodam
1423 2575 1612 2622 potente
1635 2570 1738 2611 uiro
1756 2571 1830 2612 de—

196 2645 338 2690 tenta,
362 2639 490 2680 Patri
519 2647 681 2681 nostro
710 2640 944 2692 confessa,
975 2641 1032 2682 de
1060 2653 1151 2693 qua
1180 2642 1377 2682 multum
1405 2641 1718 2693 digladiatum
1740 2648 1828 2693 est,

196 2710 254 2750 ad
277 2722 532 2751 conuersas
554 2712 772 2752 euolauit.

274 2781 559 2833 Progrediar
589 2784 682 2823 iam
703 2783 762 2824 ad
783 2795 854 2833 ea,
879 2795 999 2836 quae
1030 2785 1236 2825 secundo
1258 2785 1362 2826 loco
1390 2784 1504 2825 mihi
1532 2784 1731 2825 dicenda
1761 2796 1833 2825 re—

193 2859 332 2901 stant3
357 2865 450 2893 non
471 2866 639 2894 uereor
661 2855 771 2906 quin
792 2856 909 2895 haec
931 2863 1302 2897 commemoratu
1320 2856 1537 2908 digniora
1560 2867 1663 2896 esse
1680 2855 1826 2897 dicas.

190 2924 293 2965 Non
314 2930 358 2964 te
379 2925 618 2976 praeterit,
643 2925 697 2965 R.
721 2924 788 2976 P.‚
811 2937 951 2977 quam
973 2927 1019 2967 in
1041 2927 1231 2968 dubium
1252 2927 1544 2968 nobilissima
1566 2927 1644 2967 illa
1661 2927 1831 2967 domus

190 3002 399 3043 uenerat;
419 3007 523 3036 cum
545 2997 668 3037 enim
688 3009 780 3038 una
803 3003 1020 3039 contacta
1042 2998 1195 3049 fuerit,
1228 3011 1287 3040 ne
1314 2999 1511 3039 liuorem
1537 2998 1596 3039 ab
1626 3010 1718 3039 una
1745 2997 1826 3039 du·
