2047 3179
219 148 291 186 568
731 150 958 189 LITTERAE
985 162 1344 195 QUADRDOESTREs

947 603 1138 657 ODJX

293 839 341 876 P.
363 838 522 876 Petrus
543 838 769 882 Navarro,

341 904 412 941 Ex
433 903 756 941 commissione
779 905 920 942 Patris
941 904 1091 942 Basilii
1110 906 1205 943 (seu
1227 904 1461 952 Alphonsi)
1481 904 1629 946 Avila,

387 971 509 1008 Patri
530 971 701 1017 Ignatio
722 971 775 1008 de
796 970 982 1018 Loyola.

436 1035 646 1081 Granata,
669 1036 715 1073 29
736 1036 929 1083 Augusti
951 1036 1043 1073 1555
1064 1037 1088 1072 ¹.

987 1211 1086 1288 Πῗιε

301 1391 577 1432 Reuerende
599 1391 851 1432 admodum
873 1391 920 1431 in
944 1391 1132 1431 Christo
1154 1390 1308 1431 Pater.

299 1462 491 1504 Summa
512 1463 626 1516 Jesu
648 1462 821 1503 Christi
844 1462 1103 1502 seruatoris
1123 1462 1275 1502 nostri
1294 1462 1449 1513 gratia
1479 1468 1523 1502 et
1545 1473 1640 1513 pax
1662 1462 1721 1502 sit
1742 1473 1860 1502 sem·

218 1546 302 1587 per
324 1535 371 1575 in
393 1534 586 1586 diesque
610 1539 794 1574 crescat
815 1534 862 1574 in
885 1533 1105 1574 cordibus
1127 1533 1315 1573 nostris.
1340 1533 1507 1574 Amen.

298 1607 415 1647 Tam
446 1606 613 1657 ingens
639 1605 865 1657 gaudium
894 1605 1048 1645 attulit
1077 1604 1231 1645 Patris
1260 1605 1409 1645 nostri
1437 1605 1746 1645 Prouincialis
1768 1604 1782 1624 ²
1803 1605 1857 1645 si—

219 1678 314 1718 mul
335 1684 379 1718 et
400 1677 554 1718 Patris
576 1677 751 1727 Basilii,
777 1677 895 1717 alias
918 1676 1088 1717 Auilae
1110 1675 1138 1727 ⁵,
1162 1676 1210 1716 in
1221 1676 1345 1717 hanc
1363 1676 1604 1716 ciuitatem
1626 1676 1859 1717 adventus

217 1749 324 1790 D.r¹0
345 1748 721 1800 Archiepiscopo
750 1746 777 1799 ²⁴,
811 1755 856 1788 et
883 1748 1111 1789 ecclesiae
1141 1748 1352 1788 matricis
1381 1747 1597 1788 Dominis
1625 1754 1670 1788 et
1698 1748 1858 1788 Basili-

218 1833 302 1861 cae
322 1820 517 1873 Regiae,
542 1827 587 1861 et
608 1820 851 1861 Tendillae
875 1819 1134 1861 Comitibus
1161 1819 1176 1840 ⁵
1203 1826 1342 1871 atque
1372 1819 1597 1860 militibus
1626 1819 1806 1859 auratis
1826 1817 1857 1870 ⁶,

217 1893 510 1944 caeterisque
533 1892 651 1942 aliis,
675 1898 727 1932 vt
748 1904 807 1932 ex
828 1904 881 1932 eo
904 1891 1043 1932 facile
1064 1891 1393 1943 perspiciatur,
1427 1902 1568 1942 quam
1597 1891 1657 1931 sit
1679 1902 1858 1931 accom-

215 1963 405 2005 modata
436 1964 555 2004 haec
587 1964 771 2014 ciuitas,
806 1969 857 2003 vt
888 1963 935 2003 in
963 1975 1018 2003 ea
1046 1961 1259 2003 Societas
1290 1968 1414 2002 totos
1444 1962 1655 2002 intendat
1685 1973 1861 2002 neruos

218 2036 345 2076 circa
368 2047 438 2087 ea,
464 2036 510 2075 in
533 2026 699 2087 quibus
721 2035 972 2075 uniuersos
994 2035 1158 2074 iuuare
1179 2033 1342 2074 nititur
1363 2033 1410 2073 in
1431 2033 1519 2083 his,
1545 2045 1664 2085 quae
1687 2033 1746 2073 ad
1773 2032 1862 2073 Dei

222 2107 386 2159 optimi
407 2107 600 2147 maximi
623 2107 796 2147 cultum
820 2106 1140 2157 honoremque
1174 2110 1443 2157 expectant.
1467 2104 1545 2155 At,
1572 2105 1711 2144 huius
1733 2105 1859 2145 laeti-

218 2180 311 2219 tiae
333 2190 545 2219 summae
567 2178 702 2218 nobis
725 2177 950 2218 indicium
970 2176 1099 2217 fuere
1130 2176 1398 2228 frequentes
1430 2176 1489 2216 ad
1518 2175 1567 2215 P.
1592 2175 1859 2216 Prouincia-

219 2252 310 2291 lem
344 2251 602 2291 inuisiones
629 2249 822 2290 Domini
853 2261 1021 2300 nempe
1049 2248 1345 2301 Inquisitoris
1375 2247 1693 2288 Corduuensis
1724 2247 1750 2297 ⁷,
1783 2248 1861 2299 qui

219 2329 330 2363 tunc
354 2323 471 2363 forte
493 2321 734 2363 Granatae
756 2321 936 2371 aderat,
961 2320 1099 2360 huius
1119 2319 1437 2371 Inquisitionis
1459 2319 1731 2359 inuisendae
1753 2329 1858 2370 gra-

274 2508 283 2527 ¹
325 2507 574 2541 Autographae
590 2506 714 2540 duplici
731 2505 822 2539 folio,
839 2512 892 2532 nn.
907 2505 960 2532 568
975 2508 1008 2532 et
1022 2505 1084 2531 569.

273 2555 284 2572 ’Ξ
325 2555 362 2582 P.
376 2554 554 2582 Michaelis
570 2555 610 2580 de
626 2553 766 2580 Torres.

273 2603 286 2621 ³
326 2603 361 2631 P.
384 2602 551 2637 Alphonsi
567 2601 682 2629 Avila.

274 2652 288 2671 s*
326 2651 428 2678 Petro
445 2650 632 2678 Guerrero.

276 2699 288 2718 ⁵
328 2698 476 2726 Comites
492 2699 530 2725 de
547 2698 703 2726 Tendilla
720 2703 798 2726 tunc
817 2698 981 2731 temporis
997 2700 1097 2723 erant
1112 2695 1253 2729 Ignigus
1269 2695 1381 2729 Lopez
1400 2695 1440 2721 de
1458 2694 1629 2728 Mendoza,
1652 2695 1754 2721 ctiam
1775 2692 1864 2721 Mar-

220 2747 298 2774 chio
313 2747 352 2774 de
369 2746 555 2781 Mondejar.
572 2752 605 2773 et
622 2746 730 2774 Maria
746 2747 785 2773 de
804 2745 977 2772 Mendoza.
994 2744 1081 2771 Vide
1098 2743 1247 2770 Pomxm
1264 2743 1398 2776 claron„
1415 2747 1435 2768 t.
1459 2749 1506 2774 1v,
1523 2749 1600 2776 pag.
1616 2742 1679 2775 588,
1701 2744 1816 2768 annot.
1832 2741 1860 2767 1.

272 2793 287 2814 G
325 2794 374 2821 De
391 2795 442 2821 his
458 2795 632 2826 militibus,
649 2802 708 2821 seu
724 2795 847 2828 potius,
866 2798 902 2820 ut
919 2793 1021 2827 pauio
1039 2791 1180 2818 inferius
1196 2791 1334 2824 dicitur,
1355 2789 1524 2824 equitibus
1541 2790 1682 2823 auratis,
1700 2789 1757 2816 vel
1771 2796 1862 2823 equi-

222 2842 313 2869 tibus
333 2842 446 2869 aurati
464 2842 622 2875 calcaris,
641 2842 718 2869 vide
744 2841 868 2873 VchR,
885 2839 1115 2867 Dz'ccz'onario
1137 2839 1316 2870 historico,
1332 2837 1557 2871 genealogie-0
1585 2845 1607 2873 y
1628 2836 1809 2864 lzera'ldz‘co
1823 2836 1866 2862 de

221 2889 279 2916 las
295 2890 468 2924 familias
494 2891 642 2917 ilustres
661 2890 703 2917 de
726 2891 761 2917 la
784 2889 998 2922 Monarqm'u
1023 2887 1219 2922 Espafiola,
1241 2891 1266 2913 t.
1287 2893 1309 2917 1,
1333 2893 1429 2920 pagS.
1453 2885 1498 2918 5-1,
1521 2885 1565 2912 55:
1591 2886 1694 2913 etiam
1717 2884 1863 2914 MORERI.

224 2936 330 2969 Dict„
346 2939 490 2965 verbum
507 2938 663 2972 espuela.

279 2984 290 3002 ⁷
330 2985 514 3013 Licentiati
533 2985 656 3012 Villas.
674 2985 760 3012 Vide
776 2984 900 3012 cartas
916 2986 958 3012 de
975 2984 1256 3017 Sa11Ig11‹1c10,1.
1275 2981 1478 3017 v,pag.—1(>2.
