2047 3179
840 161 925 198 AN.
955 161 1047 199 1555
1693 166 1766 203 645

196 538 478 566 Praecedentium
495 538 609 566 Patris
626 538 863 573 christophori
879 537 1071 573 Rodriguez
1092 539 1289 566 litterarum
1305 539 1450 567 latinum
1464 541 1659 575 exemplum
1678 540 1700 568 ¹.

893 698 991 776 niis

211 895 478 936 Admodum
500 896 600 937 R.de
633 897 786 937 Pater.

213 965 377 1006 Gratia
400 974 444 1007 et
465 979 560 1018 pax
581 967 769 1008 Domini
799 967 947 1008 nostri
979 968 1090 1021 Jesu
1120 967 1295 1008 Christi
1325 967 1384 1007 sit
1412 978 1519 1008 cum
1547 969 1764 1009 omnibus

126 1036 279 1077 nobis.
303 1037 471 1078 Amen.

212 1107 287 1148 Ad
323 1108 549 1149 maiorem
578 1110 779 1160 gloriam
807 1109 1125 1161 praepotentis
1157 1109 1265 1159 Dei,
1298 1108 1574 1150 charissime
1605 1110 1761 1162 Pater,

129 1178 200 1219 his
221 1179 394 1219 nostris
416 1180 563 1220 literis
584 1188 628 1221 te
650 1181 821 1221 faciam
843 1182 1091 1221 certiorem
1114 1181 1169 1221 de
1191 1181 1420 1231 omnibus,
1441 1193 1559 1233 quae
1576 1193 1659 1232 per
1677 1194 1763 1223 nos

129 1250 185 1290 iis
206 1258 406 1302 quatuor
427 1252 665 1292 mensibus
686 1253 913 1304 proximis
936 1252 1098 1302 (adiuti
1125 1252 1231 1302 (sic)
1263 1253 1419 1303 gratia
1447 1253 1622 1304 diuina)
1655 1261 1761 1295 acta

126 1328 251 1361 sunt.
273 1321 550 1374 Initiumque
572 1323 745 1363 faciam
767 1324 824 1364 ab
846 1324 959 1375 ipsis
976 1324 1339 1364 neochristianis
1357 1324 1551 1364 huiusce
1567 1331 1760 1366 nostrae

130 1391 394 1444 Valentiae,
419 1394 464 1433 in
486 1406 577 1446 qua
610 1401 653 1434 et
678 1394 865 1446 plurimi
895 1401 1016 1446 sunt,
1048 1401 1092 1435 et
1121 1394 1187 1445 (vt
1210 1395 1372 1446 fertur)
1394 1401 1552 1436 sectae
1573 1396 1763 1437 Machu-

130 1464 243 1504 meti
265 1465 474 1515 religiosi
496 1466 719 1516 cultores;
743 1477 882 1517 quam
904 1477 1003 1506 rem
1025 1473 1188 1517 aperte
1211 1466 1455 1506 declarant
1482 1466 1654 1507 ieiunia
1682 1479 1763 1508 va-

129 1535 200 1575 ria
232 1541 276 1575 et
303 1535 487 1576 animus
518 1536 816 1577 vehementer
842 1536 1058 1577 addictus
1088 1537 1219 1588 operi
1246 1537 1606 1589 Machumetico,
1637 1539 1761 1590 quod

124 1605 418 1646 Alcoranum
446 1608 697 1658 appellant.
726 1607 1030 1660 Deploranda
1057 1619 1171 1648 sane
1201 1609 1447 1649 calamitas
1476 1608 1639 1649 videre
1666 1609 1762 1649 ani-

130 1688 231 1717 mos
253 1689 415 1718 eorum
436 1678 495 1718 ad
516 1679 764 1719 veritatem
786 1680 1145 1731 amplexandam
1168 1679 1286 1720 adeo
1315 1681 1435 1720 male
1464 1679 1680 1730 affectos,
1709 1686 1761 1720 Vt

127 1759 232 1788 eam
254 1749 415 1789 audire
437 1757 675 1800 recusent,
700 1750 977 1801 praesertim
998 1762 1104 1791 cum
1124 1751 1214 1790 illis
1234 1750 1283 1791 fit
1304 1762 1457 1791 sermo
1479 1751 1536 1791 de
1556 1751 1760 1791 Domino

127 1818 241 1872 Jesu
262 1818 465 1860 Christo.
489 1819 690 1871 Quidam
710 1819 850 1861 Pater
869 1821 1006 1861 huius
1026 1822 1174 1862 nostri
1197 1822 1382 1872 collegii
1404 1822 1557 1873 coepit
1577 1833 1759 1862 summo

126 1889 284 1930 studio
306 1899 349 1930 et
372 1891 611 1942 diligentia
633 1892 873 1943 sigillatim
895 1892 1147 1932 conuenire
1175 1892 1426 1943 magistros
1453 1892 1590 1933 huius
1618 1893 1756 1943 pesti-

127 1961 413 2002 lentissimae
434 1968 591 2002 sectae
613 1968 657 2002 et
677 1962 900 2014 primates
928 1974 1105 2014 eorum,
1136 1969 1276 2015 atque
1306 1975 1412 2004 cum
1435 1963 1502 2003 eis
1522 1963 1642 2003 clam
1665 1965 1757 2004 col-

129 2032 255 2083 loqui
277 2039 327 2072 vt
348 2033 513 2072 saltem
534 2032 624 2073 hac
644 2033 826 2073 ratione
848 2033 957 2085 quid
985 2034 1031 2074 in
1062 2035 1218 2074 animo
1248 2034 1477 2074 haberent
1504 2034 1759 2085 deprehen-

125 2102 275 2153 deret,
293 2115 384 2154 quo
400 2103 584 2143 facilius
600 2110 758 2155 posset
774 2116 853 2144 eos
871 2116 897 2144 a
915 2110 1043 2145 secta
1061 2117 1209 2156 praua
1229 2104 1286 2145 ad
1304 2117 1466 2145 veram
1483 2105 1758 2157 religionem

129 2174 217 2214 Dei
238 2185 488 2225 reuocare3
512 2186 710 2226 cumque
731 2175 778 2215 in
800 2188 854 2215 ea
876 2187 925 2215 re
948 2182 1287 2227 perseueraret,
1312 2182 1418 2227 post
1444 2177 1589 2217 multa
1617 2177 1680 2216 illi
1707 2189 1758 2217 se

123 2246 172 2284 in
193 2257 354 2286 errore
375 2245 558 2285 versari
578 2246 778 2297 ingenue
796 2247 999 2287 confessi
1016 2254 1137 2295 sunt,
1158 2248 1354 2287 libenter
1371 2259 1420 2287 se
1437 2250 1632 2298 peccata
1650 2259 1757 2288 con-

122 2315 334 2356 fessuros
360 2317 651 2368 pollicentes.
679 2316 1020 2358 Verumtamen
1048 2318 1207 2358 statim
1242 2318 1464 2369 promissi
1500 2319 1630 2358 obliti
1662 2318 1757 2359 fue-

124 2393 257 2437 runt,
281 2399 566 2439 quamquam
587 2399 667 2427 eos
687 2394 733 2428 et
750 2387 931 2428 hortari
956 2394 1001 2428 et
1027 2399 1217 2428 monere
1245 2388 1382 2429 Pater
1411 2389 1486 2428 ille
1517 2401 1611 2429 non
1639 2389 1757 2430 desi-

125 2463 284 2498 steret.
309 2458 394 2498 His
414 2459 642 2510 proximis
663 2458 826 2499 diebus
848 2458 1037 2510 quidam
1065 2459 1291 2510 magister
1319 2471 1495 2510 eorum,
1527 2460 1606 2511 qui
1633 2460 1754 2501 inter

125 2539 206 2568 eos
227 2528 412 2569 videtur
433 2529 748 2581 principatum
771 2529 995 2581 obtinere,
1019 2531 1261 2571 confessus
1283 2536 1352 2571 est
1373 2531 1508 2571 nobis
1528 2543 1612 2571 sua
1644 2543 1755 2583 pec-

109 2597 247 2650 cata,
272 2606 316 2639 et
337 2607 464 2640 recte
486 2600 682 2651 (gratias
704 2600 839 2650 Deo),
864 2600 928 2641 ita
950 2607 1000 2641 vt
1021 2612 1263 2653 speremus
1284 2603 1384 2642 eius
1415 2614 1558 2654 opera
1587 2604 1756 2643 multos

122 2670 244 2710 alios
266 2670 387 2711 idem
409 2682 511 2711 esse
530 2671 754 2712 facturos.
779 2670 827 2711 Id
850 2673 973 2723 quod
994 2672 1103 2712 fecit
1125 2672 1217 2713 iam
1239 2673 1430 2724 quidam
1451 2686 1509 2714 ex
1530 2674 1596 2714 eis
1617 2673 1756 2714 valde

124 2741 416 2791 ingeniosus.
438 2741 489 2782 In
520 2742 699 2782 duobus
726 2743 878 2794 pagis,
913 2744 958 2783 in
989 2743 1155 2794 quibus
1184 2755 1346 2784 eorum
1377 2750 1446 2784 est
1475 2744 1753 2797 frequentia,

125 2811 305 2862 aliquot
341 2812 502 2852 diebus
531 2813 778 2853 dominicis
807 2813 995 2865 quidam
1023 2825 1082 2853 ex
1107 2815 1284 2854 nostris
1314 2815 1499 2866 publica
1529 2816 1755 2856 concione

181 2970 188 2988 ¹
230 2970 494 3006 Autographum
510 2972 636 3007 duplici
652 2973 742 3007 folio,
759 2982 789 3002 n.
805 2974 869 3002 516.
