2047 3179
213 143 284 180 710
726 143 955 182 LITTERAE
980 156 1341 189 QUADRIMESTRES

902 596 1147 651 GDXLI

274 824 472 863 Erardus
494 825 774 863 Avantianus

323 891 444 929 Patri
462 891 633 938 Ignatio
654 891 707 929 de
726 891 910 940 Loyola.

370 956 561 1004 Vienna,
579 957 626 994 26
646 957 905 995 Decembris
927 957 1019 995 1555
1037 957 1062 995 ¹.

970 1097 1068 1150 Jns.

283 1239 448 1281 Gratia
471 1253 530 1281 ex
550 1252 645 1293 pax
666 1240 859 1281 Domini
880 1242 1031 1281 nostri
1052 1241 1163 1294 Jesu
1185 1240 1359 1282 Christi
1382 1241 1441 1281 sit
1463 1241 1709 1282 nobiscum
1725 1253 1841 1282 sem-

198 1323 297 1363 per.
321 1311 489 1352 Amen.

282 1383 343 1424 Ut
378 1391 487 1424 tuae
524 1395 775 1436 pareamus
809 1384 1057 1435 voluntati,
1086 1383 1227 1424 Pater
1255 1383 1302 1424 in
1330 1383 1519 1424 Christo
1547 1383 1838 1437 Reverende,

201 1455 410 1495 conabor
428 1455 635 1496 breuiter
655 1467 936 1507 percensere
958 1467 1076 1507 quae
1098 1455 1188 1496 hoc
1210 1455 1563 1507 quadrimestri,
1587 1457 1745 1507 gratia
1777 1456 1841 1496 iu-

200 1532 340 1567 uante
363 1527 535 1579 diuina,
560 1528 652 1568 sint
673 1527 732 1567 ad
753 1527 929 1568 Christi
955 1526 1147 1568 Domini
1181 1528 1385 1578 gloriam
1410 1526 1765 1578 illustrandam,
1795 1533 1840 1568 et

198 1599 523 1650 proximorum
545 1599 921 1640 aedificationem
941 1598 1312 1651 promouendam
1345 1610 1371 1638 a
1400 1598 1576 1639 nostris
1597 1599 1840 1650 praeclare

197 1676 349 1720 gesta.

277 1740 328 1782 In
350 1743 514 1794 primis
537 1741 660 1795 quod
683 1743 742 1783 ad
763 1742 952 1783 scholas
980 1747 1181 1793 spectat,
1212 1741 1326 1781 nihil
1354 1740 1412 1781 ad
1439 1752 1496 1781 ea
1525 1740 1838 1782 adiiciendum

198 1813 483 1865 existimaui,
508 1825 628 1866 quae
650 1814 878 1866 proximis
895 1813 1045 1854 literis
1063 1819 1170 1853 sunt
1188 1813 1247 1854 ad
1263 1812 1488 1854 Vestram
1503 1813 1838 1865 paternitatem

197 1885 347 1925 fusius
368 1886 564 1937 perlata.
589 1885 709 1927 Nam
731 1891 932 1937 pergunt
954 1897 1083 1926 more
1105 1890 1328 1925 consueto
1358 1884 1555 1925 studiosi
1577 1885 1728 1925 nostri
1749 1885 1836 1925 sin-

195 1957 321 2008 gulis
342 1958 580 1998 mensibus
602 1957 828 2008 confiteri,
849 1968 987 1997 sacro
1006 1956 1213 2009 quotidie
1230 1956 1459 1997 interesse
1477 1955 1649 1996 missae
1668 1955 1835 2007 officio,

192 2028 240 2068 in
261 2028 434 2080 pietate
456 2041 510 2069 ac
532 2029 678 2070 literis
699 2029 829 2069 iuxta
850 2040 1145 2080 promouere.
1170 2027 1328 2068 Vnum
1344 2034 1527 2068 tantum
1544 2039 1616 2068 me
1633 2039 1836 2068 remora-

193 2104 284 2151 tur,
315 2100 564 2151 quominus
593 2100 653 2140 ad
688 2100 868 2152 reliqua
905 2111 977 2140 me
1011 2100 1172 2140 statim
1208 2099 1465 2139 conferam.
1487 2098 1549 2139 Hi
1570 2099 1694 2139 enim
1711 2100 1837 2150 piam

193 2171 448 2223 quamdam
471 2171 768 2223 tragoediam
788 2183 935 2223 nuper
956 2171 1003 2211 in
1026 2171 1145 2211 atrio
1168 2170 1306 2210 huius
1327 2170 1604 2210 monasterii
1619 2169 1836 2210 exhibue-

194 2249 317 2293 runt,
342 2251 442 2283 turn
462 2250 513 2283 vt
535 2242 799 2283 studiorum
822 2254 1014 2283 suorum
1035 2241 1225 2293 aliquod
1246 2241 1437 2282 ederent
1459 2241 1713 2293 specimen,
1738 2249 1836 2280 tum

193 2321 245 2354 vt
279 2326 306 2354 a
344 2315 522 2355 saeculi
557 2315 767 2354 vanitate
801 2319 1123 2366 spectatorum
1158 2314 1341 2353 animos
1376 2318 1650 2352 auocarent.
1693 2311 1836 2364 quue

194 2391 326 2425 tanto
350 2397 456 2426 cum
478 2386 707 2437 applausu
732 2384 947 2425 effectum
969 2390 1053 2435 est,
1078 2391 1128 2424 vt
1146 2395 1306 2424 rumor
1322 2395 1406 2436 per
1424 2389 1572 2424 totam
1595 2383 1836 2423 ciuitatem

246 2548 255 2568 ¹
298 2547 563 2581 Autographae,
579 2550 674 2573 totae
690 2553 792 2573 manu
806 2544 933 2572 Erardi
951 2545 983 2572 in
999 2544 1123 2579 duplici
1144 2544 1234 2578 folio,
1260 2551 1315 2571 nn.
1338 2543 1389 2571 190
1404 2547 1437 2571 et
1461 2544 1523 2571 191.
1547 2542 1768 2578 subscriptae
1791 2545 1835 2571 ab

196 2595 333 2623 Erardo
348 2596 442 2622 fuere
457 2601 545 2622 anno
562 2594 640 2627 1556;
657 2594 716 2621 sed
737 2598 797 2620 aut
818 2593 890 2627 ipse
914 2597 973 2620 aut
996 2592 1094 2627 alius,
1118 2597 1211 2619 certe
1233 2592 1405 2626 antiquus,
1429 2595 1639 2626 postremum
1659 2599 1835 2618 numerum

193 2643 391 2670 emendavit
416 2643 570 2670 scribens
595 2641 674 2668 1555.
695 2640 815 2668 Manus
839 2644 954 2668 tamen
978 2647 1134 2673 romana,
1159 2647 1245 2674 quae
1270 2639 1322 2667 his
1345 2639 1570 2666 monumentis
1594 2639 1834 2673 inscriptiones

194 2691 473 2725 superimposuit,
489 2690 567 2717 huic
583 2690 743 2724 apposuit
759 2696 884 2716 annum
900 2687 979 2715 1556.
996 2688 1053 2718 At.
1066 2695 1142 2715 cum
1158 2695 1276 2714 verum
1293 2687 1336 2714 sit
1352 2686 1535 2720 Erardum,
1560 2687 1766 2714 novitiorum
1787 2687 1833 2714 in-

196 2738 451 2765 stituendorum
472 2745 612 2765 munere
634 2737 799 2772 deposito,
821 2736 955 2763 Vienna
977 2735 1121 2763 Romam
1142 2738 1278 2763 aestate
1299 2735 1378 2762 anni
1395 2734 1463 2761 1556
1482 2734 1586 2761 fuisse
1600 2734 1789 2768 profectum
1802 2739 1835 2762 et

195 2785 338 2813 Laureti
353 2786 547 2813 substitisse
570 2785 674 2817 (Vide
691 2785 841 2812 POLANC1
863 2784 1066 2818 Clzronz'con,
1083 2788 1112 2812 t.
1130 2784 1188 2818 Vi).
1205 2782 1264 2810 vix
1286 2782 1423 2810 dubium
1444 2790 1518 2809 esse
1539 2786 1652 2816 potest
1675 2781 1753 2816 quin
1769 2782 1834 2809 hae

196 2834 336 2860 litterae
353 2833 535 2867 postremis
551 2833 629 2860 anni
648 2833 717 2860 1555
730 2833 849 2860 diebus
871 2832 997 2860 fuerint
1018 2832 1181 2866 scriptae:
1203 2830 1360 2865 quamvis
1382 2837 1464 2857 vere
1486 2829 1609 2857 mirum
1633 2833 1683 2856 est
1705 2830 1833 2857 nullam

196 2888 312 2907 rerum
327 2880 360 2907 in
376 2880 429 2907 his
446 2881 574 2908 litteris
590 2885 832 2908 enarratarum
850 2881 978 2908 factam
994 2878 1137 2912 reperiri
1154 2886 1214 2905 nec
1229 2886 1249 2905 a
1265 2878 1421 2905 Pomxco
1437 2884 1497 2904 nec
1514 2878 1556 2904 ab
1572 2876 1777 2904 Ominum.

250 2928 346 2956 Omni
367 2934 486 2956 carent
510 2929 812 2963 supe1·sc1·iptione;
838 2929 896 2956 sed
916 2929 943 2955 si
960 2935 1041 2955 vere
1063 2927 1213 2961 scriptae
1235 2931 1313 2953 sunt
1332 2933 1421 2953 anno
1444 2925 1521 2959 1555,
1544 2925 1674 2953 nullum
1694 2925 1831 2952 dubium

190 2984 267 3004 esse
284 2980 398 3011 potest
414 2977 493 3010 quin
506 2979 548 3005 ad
563 2976 736 3011 Ignatium
752 2977 854 3005 datae
869 2978 1007 3005 fuerint.
