2047 3179
862 141 942 178 ΑΝ.
975 141 1063 177 [ὑῇ
1720 145 1786 183 291

831 591 1109 645 GGOLVI

233 822 487 868 Alphonsus
510 824 781 870 Hernandez,

275 886 345 923 Ex
362 888 681 925 commissione
705 890 748 926 P.
771 890 969 926 Rectoris
995 889 1170 926 Antonii
1192 889 1451 937 Soldevilla,

326 951 444 988 Patri
461 953 631 999 Ignatio
651 955 703 991 de
725 955 907 1002 Loyola.

371 1017 532 1064 Genua,
555 1020 576 1055 7
595 1019 823 1057 Februarii
846 1021 936 1058 1555
956 1021 980 1057 ¹.

927 1194 1025 1270 uis

236 1368 335 1409 Rde
368 1370 414 1410 in
436 1371 622 1411 Christo
640 1372 791 1412 Pater.

234 1439 333 1480 Pax
355 1441 542 1482 Christi.

233 1511 404 1564 Elapso
423 1513 751 1564 quadrimestri
772 1515 938 1565 spatio,
967 1528 1053 1556 nos
1086 1523 1275 1568 recepto
1311 1516 1562 1558 Societatis
1591 1528 1780 1561 nostrae

154 1583 273 1622 mori
299 1584 715 1635 sanctissimaeque
751 1586 1041 1627 obedientiae
1077 1587 1404 1628 satisfacturos
1439 1590 1775 1642 existimamus,

152 1654 192 1693 si
212 1652 266 1694 R.
290 1653 339 1694 P.
363 1654 511 1694 Tuam
533 1668 708 1704 eorum,
733 1668 852 1708 quae
872 1657 918 1697 in
939 1658 1028 1698 hoc
1050 1659 1246 1710 collegio
1267 1661 1511 1711 genuensi,
1542 1661 1643 1702 Deo
1672 1661 1776 1714 Opt.

153 1723 278 1764 Max.
303 1725 434 1775 duce,
459 1734 565 1766 acta
587 1733 707 1777 sunt,
746 1728 993 1769 certiorem
1027 1729 1342 1771 redderemus:
1381 1732 1504 1783 quod
1533 1744 1651 1772 onus
1671 1745 1777 1785 ego,

151 1796 236 1836 etsi
253 1807 384 1836 meae
404 1797 736 1838 imbecillitatis
758 1799 930 1850 optime
951 1801 1188 1850 conscius,
1220 1802 1376 1842 subire
1404 1808 1560 1843 tamen
1597 1815 1689 1844 non
1711 1817 1774 1845 re-

154 1867 331 1917 cusaui,
368 1869 693 1909 sanctissimae
729 1870 1020 1911 obedientiae
1057 1871 1187 1912 iussu
1222 1873 1471 1924 impulsus,
1511 1885 1645 1925 quem
1675 1875 1779 1915 sine

152 1938 366 1977 maxima
400 1938 537 1989 culpa
573 1939 703 1979 nullo
740 1941 874 1980 modo
912 1942 1180 1992 praeterire
1203 1948 1348 1994 posse
1383 1944 1599 1994 uidebars
1622 1946 1667 1986 in
1688 1958 1743 1986 eo
1766 1949 1779 1967 ²

152 2008 325 2049 tuendo
360 2010 480 2049 hanc
522 2011 815 2061 potissimum
852 2024 1045 2053 causam
1079 2014 1260 2065 habeo,
1303 2016 1426 2066 quod
1447 2016 1494 2055 in
1524 2028 1579 2055 eo
1619 2017 1777 2058 diuina

152 2081 370 2120 uoluntas
405 2088 629 2132 tanquam
661 2082 708 2122 in
738 2083 986 2134 purissimo
1024 2085 1225 2136 quodam
1267 2088 1455 2137 speculo
1493 2088 1713 2129 elucescit
1746 2088 1775 2127 ⁵.

151 2149 390 2190 Praesidio
410 2151 554 2201 igitur
575 2152 662 2192 Dei
682 2152 843 2205 fretus,
867 2167 894 2194 a
915 2156 1061 2195 nostri
1098 2156 1277 2196 itineris
1308 2168 1529 2197 successu
1567 2159 1776 2211 auspica-

151 2221 249 2271 bor,
274 2221 319 2261 in
337 2234 426 2273 quo
445 2222 571 2262 Deus
588 2234 701 2263 suae
718 2225 1042 2267 sanctissimae
1058 2228 1312 2267 uoluntatis
1329 2229 1623 2279 apertissima
1641 2231 1778 2281 signa

151 2293 358 2343 protulit.

230 2363 420 2404 Fratres
441 2365 562 2405 enim.
584 2378 744 2406 omnes
766 2367 829 2406 ita
851 2367 910 2407 ad
930 2368 1018 2408 iter
1044 2368 1311 2410 faciendum
1341 2377 1473 2410 erant
1501 2372 1704 2423 accensi,
1731 2379 1780 2412 ut

150 2434 327 2474 nullum
348 2435 620 2486 periculum,
644 2437 817 2477 nullum
840 2438 1046 2479 laborem
1067 2440 1441 2492 subterfugerent
1463 2448 1542 2482 aut
1562 2442 1779 2483 formida-

150 2511 275 2544 rent:
298 2505 563 2557 flagrabant
584 2518 744 2547 eorum
765 2508 906 2548 corda
934 2510 1105 2550 eximia
1126 2511 1380 2561 charitate,
1410 2524 1548 2564 quam
1570 2513 1617 2553 in
1646 2524 1779 2565 quos-

149 2586 348 2627 cumque
362 2577 526 2617 obuios
539 2577 850 2619 effundebant.
865 2579 984 2620 Nam
998 2581 1037 2621 si
1052 2581 1170 2622 forte
1182 2582 1348 2634 aliquis
1361 2583 1407 2622 in
1424 2583 1500 2623 uia
1513 2583 1602 2624 illis
1621 2596 1780 2625 comes

205 2712 214 2732 ¹
257 2712 505 2746 Autographae
521 2714 645 2748 duplici
660 2714 750 2747 folio,
767 2723 824 2742 nn.
844 2715 894 2742 176
908 2720 941 2743 et
959 2716 1071 2744 177.1n
1087 2717 1139 2745 his
1162 2719 1321 2745 nonnulla
1339 2718 1478 2751 delevit,
1501 2720 1599 2753 plura
1622 2722 1780 2748 emenda·
1794 2684 1810 2707 Ὗ

150 2758 201 2786 vit
219 2759 397 2787 Polancus.
413 2760 481 2787 Nos
497 2765 610 2788 autem
626 2761 752 2789 italicis
767 2762 1040 2794 characteribus.
1058 2770 1092 2792 ut
1110 2766 1209 2798 alias,
1231 2773 1316 2799 quae
1333 2766 1448 2794 deleta
1464 2770 1542 2794 sunt
1559 2767 1591 2794 in
1614 2772 1780 2802 autogra-

150 2805 218 2839 pho
233 2806 493 2842 distinguemus3
510 2808 762 2836 emendationes
778 2817 861 2836 vero
876 2810 919 2837 ad
941 2812 1070 2839 calcem
1085 2813 1336 2839 adnotabimus.
1359 2811 1465 2840 Extat
1488 2819 1521 2841 et
1544 2814 1636 2842 aliud
1661 2824 1776 2843 exem-

149 2853 229 2887 plar
245 2854 482 2888 apographum
497 2855 621 2889 duplici
637 2856 729 2890 folio,
744 2864 796 2883 nn(
816 2857 866 2884 175
881 2861 913 2884 et
930 2858 991 2885 178.

203 2902 216 2919 ²
255 2901 292 2928 in
309 2908 384 2935 quo.
403 2902 592 2929 POLAxcus.

202 2948 215 2967 ῖ-
252 2951 388 2982 speculo
406 2950 494 2976 milti
509 2951 680 2978 elucescit.
696 2951 731 2978 Id
744 2972 750 2978 .
