2047 3179
216 101 287 138 302
725 105 955 145 LITTERAE
985 120 1346 153 QUADRIMEsTREs

837 557 1254 611 CCCLXXHI

291 784 512 831 Josephus
530 785 582 821 de
604 785 774 822 Acosta

340 849 462 887 Patri
481 850 652 897 Ignatio
672 850 725 887 de
748 850 936 898 Loyola.

436 915 690 962 Methymna
710 916 881 963 Campi,
901 916 949 955 28
967 916 1137 964 Aprilis
1160 918 1251 955 1555
1267 918 1292 955 ¹.

1002 1127 1101 1168 IHS

301 1269 570 1310 Admodum
591 1269 692 1310 Rfle
724 1270 770 1310 in
792 1270 980 1311 Christo
1004 1270 1157 1311 Pater.

304 1341 471 1382 Gratia
493 1348 537 1382 et
557 1354 653 1394 pax
669 1341 842 1383 Christi
860 1342 973 1395 Jesu
996 1343 1117 1383 adsit
1139 1355 1324 1395 semper
1346 1342 1625 1384 paternitati
1649 1350 1771 1384 tuae.

301 1414 372 1454 Ex
407 1414 479 1463 iis,
519 1425 638 1466 quae
672 1415 776 1465 tibi,
814 1414 954 1455 Pater
994 1427 1222 1467 perquam
1261 1415 1578 1466 observande,
1622 1415 1869 1455 referenda

222 1486 437 1537 subeunt,
477 1497 620 1526 vnum
653 1486 765 1527 illud
801 1486 860 1527 ad
895 1486 997 1527 Deo
1035 1488 1210 1539 optimo
1248 1487 1455 1528 maximo
1493 1487 1729 1538 agendum
1764 1497 1869 1538 gra-

219 1558 309 1598 tias
331 1558 584 1610 praecipue
605 1558 803 1598 incitare
826 1558 1065 1608 existimo,
1097 1570 1202 1599 cum
1237 1560 1471 1610 duplicem
1494 1559 1582 1599 hoc
1612 1559 1713 1610 ipso
1744 1570 1868 1598 anno

218 1628 472 1680 jubilaeum
494 1629 830 1670 Sanctissimus
865 1629 1005 1670 Pater
1034 1629 1047 1648 ²
1079 1630 1291 1681 ediderit.
1329 1631 1619 1670 vberrimum
1650 1630 1756 1670 inde
1777 1630 1867 1670 fru-

223 1707 349 1741 ctum
371 1701 660 1741 redundasse
690 1701 880 1742 omnino
901 1701 1119 1742 innotuit.

303 1771 437 1812 Multi
459 1772 628 1824 quippe
650 1773 840 1813 domum
862 1773 984 1813 hanc
1006 1780 1218 1814 nostram
1255 1774 1517 1814 confessuri
1548 1779 1794 1823 venerunt,
1819 1780 1863 1813 et

225 1855 338 1884 sane
360 1844 405 1895 ii,
443 1844 521 1895 qui
559 1843 733 1884 diutius
769 1845 886 1884 alias
923 1844 1135 1885 confiteri
1170 1845 1361 1885 minime
1398 1851 1759 1895 consueuerant3
1789 1844 1869 1884 alii

225 1916 366 1955 etiam
390 1915 483 1967 qui,
515 1915 875 1956 commissorum
905 1916 1195 1967 turpitudine
1218 1916 1406 1967 detenti,
1432 1928 1487 1957 ea
1521 1916 1645 1968 apud
1667 1928 1716 1956 se
1737 1915 1868 1956 fecis-

222 1992 325 2027 sent
345 1986 540 2039 reliqua.
564 1986 775 2027 Fuerunt
797 1994 1043 2039 praeterea
1074 1988 1341 2040 complures
1370 1989 1470 2040 qui,
1502 1988 1626 2039 apud
1654 1987 1870 2028 sacerdo-

224 2065 295 2099 tes
316 2058 434 2098 alios
455 2058 675 2106 confessi,
698 2070 792 2098 non
814 2059 903 2099 sibi
930 2059 1225 2100 satisfactum
1250 2060 1306 2099 iri
1336 2066 1570 2111 putarent,
1603 2059 1691 2099 nisi
1713 2057 1865 2099 Socie-

224 2131 333 2170 tatis
369 2130 538 2182 aliquis
573 2141 708 2170 suam
743 2130 1088 2171 confessionem
1123 2131 1363 2171 audiisset.
1398 2131 1545 2182 Igitur
1580 2131 1637 2171 iis
1678 2130 1869 2170 omnino

223 2201 498 2242 satisfacere
516 2201 819 2241 vehementer
843 2202 1136 2242 elaboratum
1158 2209 1242 2243 est.
1271 2202 1338 2243 Ac
1360 2214 1473 2242 sane
1494 2202 1541 2242 in
1559 2213 1766 2253 carcere,
1794 2213 1872 2241 xe—

224 2272 486 2324 nodochiiS,
511 2273 707 2325 pacibus
729 2280 772 2313 et
803 2273 1070 2314 foederibus
1107 2274 1336 2325 ineundis,
1362 2274 1507 2314 obitui
1536 2274 1779 2325 proximos
1809 2273 1872 2312 iu-

226 2344 398 2395 uando,
422 2344 511 2396 piis
529 2344 728 2395 denique
747 2344 849 2384 aliis
872 2345 1113 2385 exercitiis
1135 2346 1418 2386 nostratium
1436 2357 1579 2397 opera
1598 2344 1876 2385 commodis-

228 2416 347 2456 sima
369 2427 555 2467 semper
584 2416 753 2456 extitit.

305 2487 590 2527 Eorumdem
613 2487 1065 2528 communicationes
1088 2495 1133 2528 et
1155 2488 1341 2540 priuata
1364 2488 1597 2539 colloquia
1619 2498 1725 2528 cum
1747 2485 1874 2538 apud

227 2559 406 2598 omneis
427 2559 679 2599 valuerunt
701 2559 968 2610 plurimum,
993 2565 1091 2599 tum
1113 2571 1227 2600 vero
1250 2559 1375 2611 apud
1396 2558 1691 2599 sacerdotem
1719 2568 1876 2609 quem-

230 2629 371 2681 piam,
404 2630 498 2682 qui,
534 2630 651 2670 miro
683 2631 859 2670 talento
888 2630 1129 2682 praeditus
1165 2637 1209 2671 et
1240 2631 1299 2670 ab
1334 2629 1630 2670 incunabulis
1664 2629 1710 2669 in
1745 2629 1875 2668 curia

287 2789 298 2810 ¹
341 2789 394 2817 Ex
409 2790 535 2818 volum.
555 2791 635 2818 anni
652 2791 817 2825 1553-1554,
834 2793 1072 2827 autographae
1089 2792 1213 2826 duplici
1230 2792 1320 2824 folio,
1338 2792 1446 2826 primo
1460 2799 1496 2818 n.
1511 2791 1575 2824 322,
1593 2791 1704 2818 altero
1716 2798 1799 2817 vero
1815 2798 1879 2817 non

235 2841 427 2864 numerato.

288 2884 302 2904 Ξ
342 2884 452 2918 Julius
473 2884 818 2920 III.—Jubilae01·um,
842 2887 881 2913 de
904 2888 1025 2921 quibus
1049 2887 1103 2914 hic
1125 2891 1176 2914 est
1197 2895 1320 2919 sermo,
1343 2893 1429 2914 unus
1452 2890 1544 2913 certe
1560 2885 1623 2913 suit
1638 2885 1670 2912 in
1685 2884 1881 2919 gratiarum

235 2932 407 2960 actionem
422 2940 485 2967 pro
501 2933 651 2967 Angliae
670 2934 881 2969 reductione;
897 2934 938 2961 de
955 2936 1066 2962 altero
1082 2935 1313 2962 nihilomnino
1328 2934 1414 2961 certi
1429 2934 1600 2961 affirmare
1615 2932 1789 2960 audemus.
