2047 3179
875 129 960 166 AN.
990 130 1081 167 1554
1750 132 1796 167 77

156 227 496 268 ecclesiasticis
527 226 757 267 iudicibus
791 226 1108 266 dissensiones
1143 231 1250 266 sunt
1280 225 1714 277 frequentissimae,
1753 236 1795 266 et

152 298 376 338 dirimere
398 304 442 338 et
463 299 624 338 tollere
646 297 788 337 etiam
817 296 942 336 omni
965 303 1124 337 nostro
1151 302 1324 337 conatu
1354 297 1672 336 elaboramus.
1705 296 1795 336 Do-

158 370 342 410 minicis
365 375 520 410 autem
542 368 704 409 diebus
726 379 781 408 ac
802 368 934 408 festis
964 368 1159 408 uisitant
1189 367 1342 408 nostri
1366 367 1546 408 fratres
1576 367 1796 419 hospitia,

155 440 474 491 xenodochia,
498 450 734 489 carceres;
758 438 1059 490 infirmosque
1087 450 1171 478 suo
1201 438 1435 490 obsequio
1464 438 1798 478 exhortationi-

157 512 242 551 bus
259 517 398 562 atque
414 510 783 551 confessionibus
800 509 1051 560 plurimum
1067 509 1227 550 fouere
1245 520 1301 549 ac
1324 508 1590 549 refocillare
1608 521 1798 549 consue-

157 587 339 622 uerunt.
366 581 505 633 Apud
526 582 629 622 illos
650 587 826 631 autem,
857 581 936 633 qui
966 581 1014 621 in
1051 581 1237 632 publica
1277 581 1542 621 detinentur
1571 581 1798 629 custodia,

156 652 355 703 singulis
389 652 635 693 dominicis
669 651 837 692 diebus
874 651 1147 692 concionari
1182 653 1358 703 solent,
1395 663 1731 703 nonnunquam
1754 652 1801 691 in

158 724 274 763 locis
295 735 479 774 quoque
511 723 882 774 circumuicinis,
908 728 957 762 ut
989 721 1106 763 adeo
1137 722 1184 763 in
1200 722 1475 775 prostibulis
1497 722 1611 774 ipsis
1628 733 1802 773 magno

156 804 266 834 cum
285 794 470 834 feruore
491 794 684 846 spiritus
704 794 887 846 publice
908 800 958 834 ut
980 794 1153 844 cuncti,
1180 793 1453 834 huiusmodi
1475 805 1617 845 opera
1645 794 1802 834 viden-

159 871 244 913 tes,
274 864 426 905 Deum
454 865 642 905 Patrem
671 864 936 917 glorificare
972 865 1223 905 coelestem
1264 871 1518 916 cogantur,
1550 865 1804 905 conciones

159 936 322 976 haberi
343 937 508 977 solent.
533 935 811 978 Scholastici
834 947 966 984 uero,
990 936 1068 988 qui
1098 936 1157 976 ad
1190 936 1441 987 collegium
1462 942 1676 976 nostrum
1702 942 1796 976 stu-

158 1008 345 1047 diorum
379 1019 523 1047 causa
558 1007 783 1048 accedere
818 1013 1186 1057 consueuerunt,
1234 1007 1520 1048 christianae
1556 1007 1799 1048 doctrinae

159 1079 281 1118 lacte
302 1078 582 1129 educantur,
615 1078 1020 1130 confessionisque
1050 1089 1217 1119 sacrae
1250 1078 1423 1130 butyro
1454 1084 1593 1130 atque
1621 1078 1804 1119 Eucha-

163 1149 327 1189 ristiae
344 1149 581 1200 coelestis,
603 1155 647 1190 et
664 1149 837 1201 priuati
853 1149 1111 1200 spiritualis
1133 1149 1354 1201 colloquii
1371 1150 1505 1189 melle
1518 1149 1802 1199 nutriuntur,

157 1232 250 1272 quo
272 1219 319 1260 fit
340 1226 389 1260 ut
410 1227 454 1260 et
485 1220 748 1272 frequentia
767 1232 928 1261 eorum
950 1221 1007 1260 sit
1036 1220 1210 1271 maior,
1236 1227 1280 1261 et
1313 1221 1543 1261 bonarum
1563 1221 1806 1262 literarum

158 1291 245 1343 ipsi
267 1297 406 1343 atque
427 1292 653 1332 uirtutum
675 1292 825 1332 maius
846 1292 891 1331 in
914 1292 1014 1332 dies
1048 1292 1392 1332 incrementum
1420 1293 1699 1344 suscipiant;
1734 1304 1802 1332 so—

159 1363 284 1402 lutae
305 1362 535 1414 siquidem
559 1361 567 1381 ¹
589 1362 789 1403 orationi
808 1374 903 1402 non
926 1363 1098 1413 solum,
1125 1362 1207 1403 sed
1238 1370 1281 1403 et
1314 1363 1593 1414 theologicis
1621 1375 1804 1415 quoque

158 1434 307 1474 literis
339 1433 566 1485 proximis
593 1434 723 1474 hisce
754 1434 916 1474 diebus
944 1434 1144 1485 insignis
1173 1434 1304 1474 facta
1334 1441 1404 1474 est
1436 1435 1661 1474 accessio.
1685 1434 1805 1475 Nam

158 1510 407 1556 postquam
427 1504 753 1545 conclusiones
768 1497 936 1545 haberi
958 1511 1230 1556 coeperant,
1262 1516 1380 1556 quae
1409 1506 1611 1556 singulis
1642 1506 1806 1546 diebus

157 1582 265 1616 octo
301 1576 348 1615 in
377 1582 538 1616 nostro
569 1576 778 1627 Collegio
813 1575 1066 1627 habentur,
1105 1583 1203 1617 tam
1237 1577 1456 1617 externis
1492 1577 1802 1626 scholasticis,

159 1647 240 1698 qui
261 1647 401 1698 longe
423 1647 642 1687 libentius
665 1647 852 1688 scholas
875 1647 1176 1699 frequentant
1193 1655 1402 1698 nostras,
1424 1659 1564 1699 quam
1580 1648 1805 1689 fratribus

160 1718 350 1768 nostris,
374 1729 549 1768 magno
573 1730 688 1758 sane
709 1725 817 1758 sunt
839 1718 958 1758 usui.

243 1789 379 1829 Nunc
401 1801 536 1840 uero,
569 1796 818 1841 postquam
847 1790 903 1830 de
940 1790 1209 1830 domesticis
1244 1790 1383 1830 rebus
1417 1796 1624 1831 tractare
1645 1790 1804 1841 incipi-

161 1872 289 1911 mus,
312 1861 465 1912 primo
487 1861 675 1912 quidem
703 1860 861 1901 diuina
889 1862 1045 1912 gratia
1074 1873 1236 1901 omnes
1264 1868 1394 1902 recta
1423 1862 1599 1902 utimur
1629 1862 1803 1902 ualetu-

159 1932 293 1982 dine,
317 1932 533 1982 quamuis
568 1931 732 1982 paucis
754 1937 862 1972 ante
891 1931 1054 1972 diebus
1084 1932 1275 1984 quidam
1296 1944 1355 1972 ex
1382 1932 1608 1973 fratribus
1629 1934 1805 1973 nostris

160 2014 254 2042 non
275 2003 391 2043 satis
424 2014 651 2054 prospera
687 2003 758 2042 usi
794 2002 964 2043 fuerint
996 2004 1284 2054 ualetudine,
1308 2004 1429 2044 inter
1450 2016 1567 2056 quos
1594 2004 1678 2044 fuit
1704 2004 1800 2056 qui-

158 2073 270 2114 dam
289 2074 608 2114 Bernardinus
631 2073 644 2092 ²
664 2074 827 2125 Iapon,
854 2073 963 2126 [qui]
995 2075 1180 2125 magnis
1212 2075 1398 2127 quidem
1423 2075 1629 2115 febribus
1658 2081 1798 2127 atque

162 2152 402 2186 meatuum
418 2145 588 2185 iecoris
606 2145 1004 2186 obstructionibus
1020 2147 1270 2197 laborauit3
1290 2158 1454 2187 uerum
1472 2147 1619 2187 solida
1641 2146 1730 2187 fide
1748 2158 1804 2186 ac

162 2218 307 2257 multa
343 2217 573 2256 charitate
608 2216 962 2268 subleuabatur;
995 2223 1126 2258 tanta
1157 2218 1328 2258 etenim
1359 2218 1527 2258 mentis
1556 2218 1802 2259 dulcedine

161 2300 216 2328 ac
238 2288 508 2328 sinceritate
530 2287 635 2328 fidei
651 2288 876 2339 mysteria
897 2289 1032 2328 nobis
1054 2288 1364 2340 edisserebat,
1391 2296 1439 2329 ut
1462 2301 1624 2329 omnes
1653 2290 1699 2329 in
1722 2290 1801 2329 ad-

163 2359 459 2399 mirationem
489 2359 560 2399 sui
597 2359 820 2399 traheret.
858 2360 961 2410 Ego
997 2360 1184 2411 quidem
1221 2361 1436 2411 ingentes
1473 2372 1563 2412 ago
1597 2362 1795 2413 gratias,

159 2431 287 2482 quod
306 2430 605 2470 idololatram
632 2432 940 2483 conuerterit,
965 2438 1008 2472 et
1028 2431 1117 2483 [ex]
1143 2432 1378 2483 antipodis
1399 2431 1496 2472 fere
1520 2433 1635 2472 meis
1660 2433 1802 2473 addu-

160 2502 305 2552 xerit,
329 2514 419 2553 quo
441 2508 487 2542 et
508 2502 749 2553 ignauiam
770 2503 1069 2555 exprobrarit
1097 2515 1251 2543 meam
1272 2510 1316 2543 et
1346 2515 1522 2543 novum
1541 2504 1588 2543 in
1618 2515 1692 2544 me
1714 2504 1806 2544 fer.

159 2584 321 2613 uorem
343 2584 398 2613 ac
420 2573 721 2624 desyderium
742 2574 788 2614 in
810 2573 908 2615 dies
930 2575 1082 2625 magis
1104 2586 1160 2614 ac
1177 2574 1329 2625 magis
1350 2574 1626 2626 proficiendi
1644 2576 1690 2615 in
1708 2576 1803 2616 vir-

158 2643 335 2684 tutibus
381 2645 614 2684 excitarit.
661 2644 778 2684 Cum
820 2645 983 2685 diebus
1032 2645 1261 2697 proximis
1302 2646 1570 2697 praeteritis
1617 2647 1664 2686 in
1711 2647 1803 2686 hoc

157 2721 324 2755 sancto
346 2715 554 2767 Collegio
581 2715 627 2755 13
649 2722 804 2756 essent
831 2716 1060 2768 theologi,
1090 2717 1341 2768 pluresque
1370 2717 1448 2757 alii
1476 2717 1675 2757 aliarum
1710 2723 1806 2758 stu—

219 2901 227 2920 ¹
270 2900 334 2932 Sic;
350 2900 409 2927 sed
424 2900 540 2928 deesse
558 2901 686 2935 aliquid
701 2901 854 2929 videtur.

217 2946 230 2966 ²
269 2948 333 2981 Sim
351 2952 401 2974 est
421 2951 532 2976 tamen
551 2949 774 2976 Bwnamlm.
