2047 3179
878 163 913 198 A
922 173 958 198 N.
991 162 1080 199 1555
1727 164 1799 200 537

164 264 290 315 tores
310 260 495 299 nonnisi
523 259 742 300 diuitibus
768 259 962 299 uerbum
989 258 1076 298 Dei
1103 259 1376 310 praedicare
1407 260 1675 309 dignentur,
1711 271 1795 299 nos

165 329 305 369 etiam
333 330 529 370 miseros
556 337 600 370 et
631 330 897 370 calamitate
926 341 1176 380 oppressos
1206 331 1515 370 consolemur.
1547 330 1795 380 Cogitabat

165 400 264 451 ipse
285 400 425 441 Pater
445 403 548 442 loca
570 401 628 442 ad
649 401 957 442 eleemosinas
987 401 1256 452 largiendas
1286 400 1517 441 destinata
1540 401 1690 451 adire,
1716 402 1794 441 ibi-

156 482 254 522 que
275 471 419 511 diuini
439 473 668 512 sermonis
689 483 858 524 panem
879 472 1161 523 pauperibus
1182 483 1464 522 proponere,
1490 472 1580 512 nisi
1610 472 1657 511 in
1680 471 1791 512 Ger-

165 542 369 582 maniam
391 543 593 583 eundum
611 544 789 584 fuisset:
812 543 943 583 cuius
965 542 1266 594 profectionis
1288 549 1587 593 potestatem,
1621 550 1794 594 quanto

165 614 320 653 labore
344 625 369 652 a
392 613 539 653 Ducis
559 627 707 654 vxore
729 614 1072 664 efflagitauerit,
1098 621 1141 654 et
1162 613 1371 654 Nuncius
1403 614 1460 653 ab
1488 626 1541 653 ea
1575 614 1634 653 ad
1665 612 1793 653 Sum-

164 694 288 723 mum
324 683 595 724 Pontificem
630 684 826 725 Romam
860 685 1053 734 missus,
1091 690 1135 724 et
1170 684 1315 736 ipsius
1350 685 1622 737 lachrymae
1650 692 1793 725 testa-

164 754 349 794 bantur:
390 756 655 796 huiusmodi
696 755 703 773 ¹
745 763 902 796 tamen
945 755 1127 795 ueniam
1162 762 1503 807 consequutus,
1541 756 1649 796 hinc
1686 767 1793 796 cum

164 824 263 864 R.d0
278 825 326 865 P.
351 825 639 878 Hieronymo
662 827 817 867 Natali
839 827 911 867 die
930 827 955 867 2
976 827 1368 878 quadragesimae
1392 826 1623 867 discessit.

244 895 315 936 Ad
351 897 559 937 omnium
594 904 750 938 autem
784 909 940 938 rerum
974 898 1225 938 maximam
1261 899 1527 949 penuriam,
1558 910 1648 949 qua
1677 898 1794 938 haec

163 966 277 1006 vrbs
297 967 572 1018 iampridem
593 969 761 1009 misere
783 969 1030 1020 premitur,
1056 975 1355 1009 accesserant
1377 969 1603 1019 capitales
1625 969 1793 1019 morbi,

165 1038 331 1088 quibus
359 1039 638 1090 quicumque
666 1040 1004 1091 corripiebatur
1032 1050 1173 1090 aegre
1203 1046 1399 1080 mortem
1426 1040 1670 1080 euadebat.
1704 1039 1795 1080 Sed

163 1120 266 1148 cum
290 1121 348 1149 ex
369 1110 503 1150 nobis
524 1122 607 1150 sex
628 1123 683 1151 eo
706 1111 854 1151 morbi
884 1122 1057 1162 genere
1086 1110 1239 1151 affecti
1267 1111 1323 1151 de
1352 1112 1447 1151 uita
1477 1111 1795 1163 periclitaren-

163 1186 251 1229 tur,
276 1192 437 1220 omnes
458 1188 614 1221 tamen
635 1189 821 1233 praeter
842 1194 973 1233 spem
992 1183 1281 1223 medicorum
1303 1183 1667 1232 conualuerunt,
1699 1193 1794 1222 uno

163 1249 306 1290 Paulo
336 1250 364 1301 ²,
393 1251 539 1292 fratre
568 1253 860 1304 charissimo,
891 1259 1103 1305 excepto,
1133 1254 1209 1294 cui
1238 1253 1631 1305 quemadmodum
1665 1253 1795 1293 Deus

165 1320 269 1373 Opt.
295 1321 419 1362 Max.
444 1324 620 1375 aliquot
641 1324 802 1364 diebus
823 1332 931 1365 ante
953 1331 1150 1365 mortem
1171 1336 1341 1376 cupere
1363 1331 1407 1364 et
1425 1324 1700 1376 praesagire
1718 1324 1792 1363 de-

164 1392 311 1442 derat,
335 1394 402 1434 sic
424 1401 644 1434 aeternae
666 1395 790 1435 uitae
810 1395 1111 1436 foelicitatem
1132 1395 1315 1436 dedisse
1337 1396 1586 1436 credimus.

242 1463 411 1504 Frater
444 1465 834 1507 Bartholomaeus
860 1465 874 1485 ³
907 1467 997 1506 alio
1033 1467 1304 1507 certaminis
1338 1478 1510 1518 genere
1546 1478 1595 1507 se
1629 1478 1794 1507 uerum

163 1534 337 1576 Christi
359 1536 551 1576 militem
571 1537 802 1587 probauit:
828 1538 927 1577 eius
948 1545 1079 1589 pater
1101 1538 1171 1578 bis
1192 1538 1284 1578 iam
1302 1537 1514 1578 Bononia
1537 1539 1627 1578 huc
1648 1538 1792 1588 uenit,

162 1612 212 1646 ut
232 1606 359 1647 illum
382 1620 407 1647 a
430 1614 527 1648 tam
548 1608 788 1648 salutifero
810 1616 946 1660 portu
970 1617 1230 1649 reuocaret:
1254 1610 1324 1649 his
1341 1609 1505 1649 diebus
1522 1615 1620 1649 tum
1639 1609 1790 1660 minis,

160 1684 259 1717 tum
274 1678 594 1718 blandioribus
611 1679 766 1719 uerbis
783 1691 838 1720 ac
854 1681 1011 1720 multis
1029 1680 1455 1732 pollicitationibUS‚
1476 1681 1533 1720 ab
1551 1680 1793 1731 Religione

160 1748 391 1789 abducere
412 1749 624 1800 tentauit;
649 1750 729 1790 sed
751 1762 858 1790 cum
880 1751 1266 1792 Bartholomaeus
1288 1758 1486 1791 mortem
1504 1757 1725 1802 oppetere
1742 1762 1793 1790 se

160 1819 446 1870 paratiorem
467 1821 732 1860 ostenderet
760 1832 899 1872 quam
925 1821 1079 1862 Patris
1109 1822 1409 1874 acquiescere
1438 1822 1703 1871 blandiciis,
1728 1822 1792 1861 in·

162 1889 384 1941 dignatus
404 1897 540 1942 pater
560 1891 654 1931 filio
679 1892 963 1932 maledicens
994 1895 1134 1944 (quae
1164 1899 1319 1933 tamen
1350 1894 1614 1932 maledictio
1644 1893 1689 1932 in
1720 1893 1793 1932 be-

159 1961 474 2001 nedictionem
498 1963 637 2001 cessit
659 1962 790 2002 iuxta
812 1963 923 2003 illud
943 1962 1053 2015 Jesu
1073 1963 1262 2004 Christi:
1287 1964 1431 2003 Beati
1443 1964 1560 2003 estis
1577 1974 1680 2002 cnm
1697 1974 1794 2002 ma-

158 2031 419 2072 ledl‘xerl'nt
455 2032 587 2072 nobis
627 2032 642 2050 ⁴
676 2033 935 2083 homines),
971 2034 1231 2074 Bononiam
1266 2035 1419 2074 inanis
1454 2045 1673 2074 reuersus
1708 2040 1791 2074 est.

158 2102 299 2143 Aliud
321 2104 456 2144 nobis
477 2115 599 2143 nunc
621 2115 715 2143 non
738 2105 865 2145 uenit
887 2105 932 2144 in
954 2112 1156 2145 mentem
1179 2106 1301 2157 quod
1323 2106 1599 2154 scribamus,
1633 2105 1724 2145 nisi
1743 2111 1792 2145 ut

157 2174 457 2214 obsecremus
479 2174 532 2213 R.
557 2173 606 2214 P.
630 2174 682 2214 T.
706 2180 755 2214 ut
778 2187 862 2226 pro
884 2176 1018 2216 nobis
1040 2188 1204 2227 preces
1225 2176 1518 2216 incessanter
1540 2176 1702 2216 fundat
1733 2175 1791 2216 ad

161 2245 429 2285 Dominum.

238 2316 519 2365 Florentiae,
544 2316 616 2356 die
637 2316 688 2356 27
711 2318 882 2357 mensis
902 2318 1010 2370 Julii
1036 2319 1151 2358 1555.

372 2387 424 2426 T.
448 2386 503 2427 R.
528 2387 576 2428 P.

478 2459 829 2509 indignissimus
850 2471 1029 2511 seruus,

1463 2603 1577 2642 LEO.

213 2784 220 2803 ¹
261 2783 403 2815 scilicit,
422 2784 525 2812 Ducis
540 2785 677 2818 ejusque
691 2786 818 2812 uxoris.

212 2831 226 2850 2
264 2831 372 2866 Hujus
388 2839 574 2861 cognomen
591 2833 768 2867 nequidem
788 2833 952 2860 Poiancus
975 2834 1098 2868 aperit,
1116 2834 1193 2861 dum
1216 2834 1301 2861 haee
1326 2835 1447 2869 ipsam
1469 2842 1565 2861 suum
1588 2834 1790 2865 Chronicon,

158 2883 187 2906 t.
208 2887 241 2911 v,
257 2880 470 2906 transcribit.

212 2927 225 2945 ³
263 2926 548 2954 Bartholomaeus
564 2927 703 2960 Bedula,
718 2928 903 2955 helvetius.
926 2929 1110 2961 POLANCUS.
1127 2930 1145 2956 ῑ.
1163 2937 1192 2957 c.

213 2974 228 2994 ⁴
267 2974 562 3009 Matth..v‚v.11.
