2047 3179
833 182 867 217 :X
875 192 911 217 N.
945 181 1033 217 15:35
1671 182 1742 219 ‹30¹1›

109 281 293 329 neuolo,
317 280 473 319 animo
495 289 736 331 quousque
758 277 975 318 Patribus
1007 277 1180 316 nostris
1203 277 1284 316 otii
1306 277 1481 328 aliquid
1505 285 1734 328 suppetat:

113 351 341 391 accedunt
371 350 560 390 tandem
585 350 643 389 ad
669 347 1002 389 eucharistiam
1029 359 1121 386 non
1153 358 1258 386 cum
1288 347 1466 386 minore
1497 347 1740 387 affectione

113 422 282 462 mentis
303 429 346 461 et
370 428 670 472 peccatorum
693 430 883 459 suorum
905 418 1199 467 contritione,
1225 430 1365 469 quam
1386 418 1565 469 reliqui.
1592 419 1739 459 Voca-

112 493 145 532 ti
167 491 330 532 Patres
351 502 521 542 aegros
542 492 747 531 inuisunt
769 490 1048 540 frequenter,
1074 500 1153 528 cos
1171 488 1380 537 audiunt,
1401 496 1445 528 et
1464 489 1628 528 amicis
1645 501 1741 529 ucr-

113 564 184 603 bis
205 563 455 602 morientes
478 562 753 601 confirmant
775 568 819 600 et
841 560 1155 606 consolantur,
1181 571 1379 610 quorum
1407 566 1565 599 tantus
1588 572 1742 599 nume·

114 646 193 674 rus
215 640 298 683 est,
323 641 371 673 ut
393 633 599 672 nonnulli
623 639 783 672 nostro
815 631 1090 683 patrociniO,
1115 630 1248 670 nobis
1270 630 1446 680 inuitis,
1476 631 1745 670 necessario

114 706 403 753 deserantur,
428 716 568 755 quarn
590 704 825 754 repulsam
846 702 999 742 minus
1029 702 1223 741 moleste
1246 701 1413 751 ferunt,
1445 707 1488 741 et
1517 702 1743 741 inuetera-

113 784 188 815 tae
208 782 397 815 nostrae
419 774 768 814 consuetudinis
786 780 829 813 et
845 773 1110 823 urgentium
1132 773 1492 823 occupationum
1510 785 1602 812 non
1621 773 1747 823 igna-

113 848 166 887 ri.
194 846 378 897 Quanta
402 857 513 885 uero
537 846 594 884 sit
615 846 783 884 horum
804 844 1045 884 hominurn
1068 843 1140 893 (de
1164 844 1330 894 quibus
1359 855 1505 894 nuper
1527 844 1741 893 agebam)

114 919 264 969 pietas
282 924 325 956 et
337 917 537 963 deuotio,
563 916 807 966 egregium
826 914 1068 955 cuiusdam
1085 914 1268 954 facinus
1285 914 1470 954 uidetur
1488 915 1745 958 declarare,

116 990 193 1041 qui
216 1000 321 1028 cum
347 1000 440 1027 non
468 987 661 1026 haberet
690 986 799 1038 quid
826 997 1023 1042 erogare
1050 992 1222 1036 posset,
1254 985 1495 1033 subucula,
1529 997 1620 1036 qua
1650 993 1748 1025 erat

116 1060 320 1108 indutuS,
335 1059 600 1098 mendicum
617 1057 880 1109 quemdam,
901 1068 1037 1108 opem
1054 1064 1098 1096 et
1116 1057 1343 1096 auxilium
1361 1063 1608 1107 petentem,
1631 1058 1747 1096 miro

117 1130 317 1182 quodam
340 1142 499 1169 amore
520 1129 725 1169 donauit.
747 1129 878 1179 Quae
899 1140 1012 1168 sane
1027 1140 1102 1168 res
1120 1128 1343 1167 indicauit
1365 1136 1654 1179 quantopere
1673 1129 1748 1168 ille

118 1203 164 1242 in
192 1202 281 1241 hac
308 1200 507 1251 spiritali
540 1200 616 1239 uia
645 1199 934 1251 profecisset.
971 1199 1220 1239 Caeterum
1247 1199 1577 1249 quamplurimi
1606 1199 1745 1239 domi-

118 1272 235 1312 nicis
257 1271 418 1311 diebus
445 1271 736 1321 caeterisque
757 1270 888 1310 festis
917 1269 1163 1309 ecclesiam
1192 1276 1401 1309 nostram
1431 1269 1746 1321 frequentant,

119 1344 371 1383 conciones
392 1343 495 1382 illas
518 1342 735 1390 audituri,
760 1341 926 1392 quibus
948 1340 1220 1380 scholastici
1242 1352 1403 1380 omnes
1426 1352 1554 1380 more
1572 1342 1750 1381 institu-

119 1426 258 1466 toque
280 1420 442 1453 nostro
465 1413 771 1452 christianam
792 1412 1057 1452 doctrinam
1078 1411 1349 1461 edocentur,
1374 1423 1491 1462 quas
1507 1412 1583 1452 ubi
1605 1424 1751 1452 atten-

119 1493 163 1526 te
186 1485 446 1531 audierunt,
472 1484 650 1523 intenta
673 1483 773 1522 acie
805 1482 971 1522 mentis
998 1483 1045 1522 in
1074 1482 1241 1531 Deum,
1272 1483 1318 1522 in
1340 1483 1428 1522 hoc
1450 1491 1610 1523 nostro
1640 1490 1750 1523 tem-

120 1559 196 1609 plo
217 1556 383 1596 deuote
405 1555 706 1603 meditantur,
730 1565 970 1605 quousque
998 1565 1092 1593 nox
1113 1565 1193 1593 eos
1221 1554 1392 1593 inuitos
1424 1560 1468 1594 et
1488 1566 1750 1605 repugnan—

121 1635 190 1668 tes
211 1627 427 1678 expellat3
460 1626 505 1665 in
534 1637 624 1676 quo
653 1624 875 1664 exercitio
903 1625 1035 1664 multi
1064 1636 1225 1664 eorum
1254 1625 1344 1664 alio
1374 1625 1516 1665 etiam
1543 1632 1753 1676 tempore

121 1704 384 1746 uersantur‚
409 1697 511 1736 aliis
532 1696 658 1736 curis
678 1695 969 1746 posthabitis.

203 1768 350 1808 Porro
371 1766 645 1818 amplissimi
674 1766 854 1806 fructus
881 1778 939 1805 ex
960 1767 1350 1806 scholasticorum
1381 1767 1755 1808 confessionibus

123 1839 457 1892 percipiuntur,
482 1838 580 1877 siue
610 1837 796 1876 uirtutis
823 1837 922 1876 siue
951 1836 1193 1877 doctrinae
1222 1838 1450 1878 rationem
1481 1839 1752 1879 habeamus.

123 1911 334 1962 Impense
356 1909 554 1960 diligunt
581 1913 926 1959 praeceptores3
957 1919 1047 1958 quo
1076 1909 1269 1960 quisque
1297 1909 1496 1949 nobilior
1518 1916 1603 1959 est,
1634 1922 1686 1950 eo
1707 1911 1754 1949 li—

124 1981 325 2031 bentius,
349 1986 483 2032 paret
504 1985 548 2019 et
566 1979 870 2030 obtemperat;
888 1978 1005 2018 mira
1024 1985 1093 2018 est
1109 1979 1229 2019 inter
1246 1991 1407 2019 omnes
1423 1980 1754 2031 tranquillitas3

125 2052 304 2093 nobiles
323 2058 367 2091 et
395 2050 626 2101 ignobiles
653 2049 778 2089 nullo
806 2049 1076 2089 discrimine
1098 2050 1343 2100 habentur;
1376 2062 1462 2090 nec
1485 2051 1754 2101 superiores

125 2123 402 2164 inferiorum
431 2120 797 2160 familiaritatem
832 2127 1072 2171 respuunt.
1103 2120 1218 2171 Illud
1255 2127 1410 2160 tamen
1446 2121 1607 2161 mirari
1642 2122 1757 2162 satis

125 2206 223 2236 non
245 2203 508 2246 possumus;
532 2191 700 2231 multos
722 2190 900 2231 scilicet
917 2191 1101 2231 illorum
1117 2203 1235 2241 esse,
1254 2192 1347 2243 qui,
1372 2192 1508 2232 nullis
1529 2193 1682 2232 coacti
1698 2194 1757 2232 le-

126 2266 282 2318 gibus,
307 2261 685 2304 extraordinario
715 2268 925 2313 ternpore
952 2268 1252 2302 sacramenta
1279 2262 1591 2314 frequentant.
1622 2262 1759 2303 Noui-

128 2347 231 2377 mus
252 2335 376 2375 enim
396 2334 564 2373 horum
593 2332 940 2372 adolescentum
969 2332 1174 2383 ingenia,
1204 2333 1284 2384 qui
1310 2345 1404 2373 non
1430 2333 1568 2374 facile
1589 2333 1647 2374 ad
1668 2335 1757 2374 uir-

131 2414 279 2448 tutem
300 2405 625 2453 traducuntur‚
649 2415 799 2455 neque
821 2403 868 2443 in
890 2416 943 2443 ea
966 2404 1170 2444 traducti
1192 2403 1464 2444 retinentur.

209 2475 483 2517 Praeteritis
508 2473 637 2515 hisce
665 2474 828 2514 diebus
854 2474 1140 2514 christianae
1167 2474 1273 2514 fidei
1299 2475 1641 2526 religiosissimi
1662 2487 1763 2516 cen-

130 2560 276 2597 sores,
299 2558 417 2599 quos
437 2545 736 2598 inquisitores
757 2551 954 2595 uocant,
978 2556 1174 2596 cumque
1195 2545 1268 2585 his
1289 2546 1448 2596 regius
1477 2546 1622 2587 frater
1652 2547 1762 2588 Car-

129 2619 297 2673 dinalis
320 2617 329 2637 ¹
353 2629 380 2657 a
406 2617 545 2657 Patre
561 2616 741 2657 Mirone
763 2620 777 2639 ²
797 2616 954 2656 multis
976 2616 1192 2668 precibus
1215 2617 1553 2658 contenderunt
1579 2624 1630 2658 vt
1650 2630 1756 2658 non-

128 2691 279 2732 nullos
300 2701 359 2729 ex
379 2688 553 2728 nostris
576 2688 622 2727 in
645 2698 884 2727 carcerem
906 2687 1125 2736 mitteret,
1149 2687 1227 2739 qui
1246 2688 1430 2728 uinctos
1447 2700 1608 2729 omnes
1624 2688 1767 2730 domi-

184 2851 192 2869 ι
232 2847 400 2876 Henricus
421 2846 615 2874 cardinalis
641 2850 674 2873 et
701 2845 989 2880 Archiepiseopus
1019 2845 1336 2874 Eborensis.—Post
1366 2847 1509 2874 verbum
1540 2847 1764 2881 cardinalis,

129 2897 296 2931 scriptum
310 2895 344 2922 in
354 2894 555 2929 apographo
570 2898 621 2921 est
636 2895 668 2920 et
684 2893 820 2926 infans,
843 2900 927 2927 quos
942 2894 1082 2925 dicunt:
1104 2894 1163 2921 sed
1188 2894 1273 2921 haec
1295 2895 1402 2921 verba
1423 2894 1522 2922 lineis
1545 2896 1762 2931 superductis

132 2950 321 2979 suppressa
331 2945 421 2970 sunt.

186 2992 200 3011 Ξ
237 2990 272 3018 P.
287 2989 414 3023 Jacobo
429 2987 547 3022 Μίτοιι,
564 2987 789 3016 provinciali.

325 3046 378 3085 T.
397 3058 451 3085 m.
1537 3059 1581 3094 39
