<?xml version="1.0" encoding="UTF-8"?>
<!DOCTYPE html PUBLIC "-//W3C//DTD XHTML 1.0 Transitional//EN"
    "http://www.w3.org/TR/xhtml1/DTD/xhtml1-transitional.dtd">
<html xmlns="http://www.w3.org/1999/xhtml" xml:lang="en" lang="en">
 <head>
  <title>
</title>
<meta http-equiv="Content-Type" content="text/html;charset=utf-8" />
  <meta name='ocr-system' content='tesseract 3.04.00' />
  <meta name='ocr-capabilities' content='ocr_page ocr_carea ocr_par ocr_line ocrx_word'/>
</head>
<body>
  <div class='ocr_page' id='page_1' title='image "./litteraequadrime15lain_0217.png"; bbox 0 0 2047 3179; ppageno 0'>
   <div class='ocr_carea' id='block_1_1' title="bbox 888 167 1796 207">
    <p class='ocr_par' dir='ltr' id='par_1_1' title="bbox 888 167 1796 207">
     <span class='ocr_line' id='line_1_1' title="bbox 888 167 1796 207; baseline 0.004 -4"><span class='ocrx_word' id='word_1_1' title='bbox 888 167 970 204; x_wconf 82' lang='lat' dir='ltr'>AN.</span> <span class='ocrx_word' id='word_1_2' title='bbox 1002 167 1093 204; x_wconf 63' lang='lat'>155).</span> <span class='ocrx_word' id='word_1_3' title='bbox 1730 170 1796 207; x_wconf 80' lang='lat'>211</span> 
     </span>
    </p>
   </div>
   <div class='ocr_carea' id='block_1_2' title="bbox 170 263 1804 2092">
    <p class='ocr_par' dir='ltr' id='par_1_2' title="bbox 171 263 1800 811">
     <span class='ocr_line' id='line_1_2' title="bbox 254 263 1798 316; baseline 0.001 -11"><span class='ocrx_word' id='word_1_4' title='bbox 254 266 344 305; x_wconf 73' lang='lat' dir='ltr'>Sed</span> <span class='ocrx_word' id='word_1_5' title='bbox 362 265 497 305; x_wconf 84' lang='lat' dir='ltr'>venio</span> <span class='ocrx_word' id='word_1_6' title='bbox 529 264 587 305; x_wconf 92' lang='lat' dir='ltr'>ad</span> <span class='ocrx_word' id='word_1_7' title='bbox 607 264 792 316; x_wconf 86' lang='lat' dir='ltr'>pietatis</span> <span class='ocrx_word' id='word_1_8' title='bbox 813 263 961 304; x_wconf 87' lang='lat' dir='ltr'>officia</span> <span class='ocrx_word' id='word_1_9' title='bbox 983 276 1010 302; x_wconf 91' lang='lat' dir='ltr'>a</span> <span class='ocrx_word' id='word_1_10' title='bbox 1041 264 1216 303; x_wconf 89' lang='lat' dir='ltr'>nostris</span> <span class='ocrx_word' id='word_1_11' title='bbox 1238 264 1417 303; x_wconf 85' lang='lat' dir='ltr'>maiora</span> <span class='ocrx_word' id='word_1_12' title='bbox 1438 275 1578 315; x_wconf 87' lang='lat' dir='ltr'>quam</span> <span class='ocrx_word' id='word_1_13' title='bbox 1600 266 1798 306; x_wconf 86' lang='lat' dir='ltr'>antehac</span> 
     </span>
     <span class='ocr_line' id='line_1_3' title="bbox 173 333 1798 386; baseline 0.001 -11"><span class='ocrx_word' id='word_1_14' title='bbox 173 336 411 386; x_wconf 85' lang='lat' dir='ltr'>germanis</span> <span class='ocrx_word' id='word_1_15' title='bbox 433 336 671 386; x_wconf 86' lang='lat' dir='ltr'>praestita.</span> <span class='ocrx_word' id='word_1_16' title='bbox 695 333 812 375; x_wconf 89' lang='lat' dir='ltr'>Nam</span> <span class='ocrx_word' id='word_1_17' title='bbox 835 346 939 373; x_wconf 92' lang='lat' dir='ltr'>cum</span> <span class='ocrx_word' id='word_1_18' title='bbox 966 334 1011 373; x_wconf 91' lang='lat' dir='ltr'>in</span> <span class='ocrx_word' id='word_1_19' title='bbox 1047 333 1143 373; x_wconf 89' lang='lat' dir='ltr'>dies</span> <span class='ocrx_word' id='word_1_20' title='bbox 1171 334 1322 384; x_wconf 83' lang='lat' dir='ltr'>magis</span> <span class='ocrx_word' id='word_1_21' title='bbox 1344 345 1399 373; x_wconf 90' lang='lat' dir='ltr'>ac</span> <span class='ocrx_word' id='word_1_22' title='bbox 1420 335 1570 385; x_wconf 86' lang='lat' dir='ltr'>magis</span> <span class='ocrx_word' id='word_1_23' title='bbox 1593 333 1798 376; x_wconf 82' lang='lat' dir='ltr'>Societa-</span> 
     </span>
     <span class='ocr_line' id='line_1_4' title="bbox 173 405 1796 457; baseline 0 -11"><span class='ocrx_word' id='word_1_24' title='bbox 173 407 232 446; x_wconf 89' lang='lat' dir='ltr'>tis</span> <span class='ocrx_word' id='word_1_25' title='bbox 254 413 441 446; x_wconf 90' lang='lat' dir='ltr'>nostrae</span> <span class='ocrx_word' id='word_1_26' title='bbox 463 406 665 457; x_wconf 79' lang='lat' dir='ltr'>cognitio</span> <span class='ocrx_word' id='word_1_27' title='bbox 687 412 883 454; x_wconf 86' lang='lat' dir='ltr'>crescat,</span> <span class='ocrx_word' id='word_1_28' title='bbox 908 405 956 445; x_wconf 88' lang='lat' dir='ltr'>fit</span> <span class='ocrx_word' id='word_1_29' title='bbox 978 412 1026 444; x_wconf 80' lang='lat' dir='ltr'>vt</span> <span class='ocrx_word' id='word_1_30' title='bbox 1048 405 1188 444; x_wconf 90' lang='lat' dir='ltr'>etiam</span> <span class='ocrx_word' id='word_1_31' title='bbox 1209 406 1363 455; x_wconf 89' lang='lat' dir='ltr'>plures</span> <span class='ocrx_word' id='word_1_32' title='bbox 1385 406 1598 454; x_wconf 84' lang='lat' dir='ltr'>germani</span> <span class='ocrx_word' id='word_1_33' title='bbox 1619 412 1796 446; x_wconf 88' lang='lat' dir='ltr'>nostro-</span> 
     </span>
     <span class='ocr_line' id='line_1_5' title="bbox 172 475 1800 528; baseline -0.001 -11"><span class='ocrx_word' id='word_1_34' title='bbox 172 489 276 517; x_wconf 87' lang='lat' dir='ltr'>rum</span> <span class='ocrx_word' id='word_1_35' title='bbox 298 489 491 528; x_wconf 87' lang='lat' dir='ltr'>operam</span> <span class='ocrx_word' id='word_1_36' title='bbox 512 477 570 517; x_wconf 86' lang='lat' dir='ltr'>ad</span> <span class='ocrx_word' id='word_1_37' title='bbox 591 488 698 517; x_wconf 89' lang='lat' dir='ltr'>suos</span> <span class='ocrx_word' id='word_1_38' title='bbox 720 475 925 516; x_wconf 89' lang='lat' dir='ltr'>infirmos</span> <span class='ocrx_word' id='word_1_39' title='bbox 949 475 1207 515; x_wconf 86' lang='lat' dir='ltr'>visitandos</span> <span class='ocrx_word' id='word_1_40' title='bbox 1243 475 1496 526; x_wconf 87' lang='lat' dir='ltr'>requirant,</span> <span class='ocrx_word' id='word_1_41' title='bbox 1528 477 1693 527; x_wconf 87' lang='lat' dir='ltr'>quibus</span> <span class='ocrx_word' id='word_1_42' title='bbox 1714 488 1800 528; x_wconf 89' lang='lat' dir='ltr'>pro</span> 
     </span>
     <span class='ocr_line' id='line_1_6' title="bbox 171 546 1797 597; baseline -0.001 -9"><span class='ocrx_word' id='word_1_43' title='bbox 171 548 295 588; x_wconf 87' lang='lat' dir='ltr'>virili</span> <span class='ocrx_word' id='word_1_44' title='bbox 315 548 588 588; x_wconf 82' lang='lat' dir='ltr'>satisfacere</span> <span class='ocrx_word' id='word_1_45' title='bbox 609 547 883 597; x_wconf 73' lang='lat' dir='ltr'>studuimus,</span> <span class='ocrx_word' id='word_1_46' title='bbox 908 558 1017 586; x_wconf 89' lang='lat' dir='ltr'>nam</span> <span class='ocrx_word' id='word_1_47' title='bbox 1049 546 1260 597; x_wconf 77' lang='lat' dir='ltr'>plurimis</span> <span class='ocrx_word' id='word_1_48' title='bbox 1287 557 1453 586; x_wconf 85' lang='lat' dir='ltr'>sacrae</span> <span class='ocrx_word' id='word_1_49' title='bbox 1479 547 1706 587; x_wconf 89' lang='lat' dir='ltr'>ecclesiae</span> <span class='ocrx_word' id='word_1_50' title='bbox 1727 559 1797 587; x_wconf 88' lang='lat' dir='ltr'>sa-</span> 
     </span>
     <span class='ocr_line' id='line_1_7' title="bbox 172 617 1799 667; baseline 0 -9"><span class='ocrx_word' id='word_1_51' title='bbox 172 625 412 658; x_wconf 87' lang='lat' dir='ltr'>cramenta</span> <span class='ocrx_word' id='word_1_52' title='bbox 446 618 632 659; x_wconf 84' lang='lat' dir='ltr'>fuerunt</span> <span class='ocrx_word' id='word_1_53' title='bbox 666 618 991 658; x_wconf 87' lang='lat' dir='ltr'>administrata</span> <span class='ocrx_word' id='word_1_54' title='bbox 1025 628 1198 667; x_wconf 85' lang='lat' dir='ltr'>magno</span> <span class='ocrx_word' id='word_1_55' title='bbox 1235 629 1341 657; x_wconf 91' lang='lat' dir='ltr'>cum</span> <span class='ocrx_word' id='word_1_56' title='bbox 1375 617 1540 667; x_wconf 85' lang='lat' dir='ltr'>fructu,</span> <span class='ocrx_word' id='word_1_57' title='bbox 1572 625 1622 658; x_wconf 87' lang='lat' dir='ltr'>vt</span> <span class='ocrx_word' id='word_1_58' title='bbox 1657 619 1799 659; x_wconf 89' lang='lat' dir='ltr'>etiam</span> 
     </span>
     <span class='ocr_line' id='line_1_8' title="bbox 171 688 1797 740; baseline 0 -11"><span class='ocrx_word' id='word_1_59' title='bbox 171 701 412 740; x_wconf 76' lang='lat' dir='ltr'>speremus</span> <span class='ocrx_word' id='word_1_60' title='bbox 433 702 525 739; x_wconf 92' lang='lat' dir='ltr'>eos,</span> <span class='ocrx_word' id='word_1_61' title='bbox 550 690 625 740; x_wconf 92' lang='lat' dir='ltr'>qui</span> <span class='ocrx_word' id='word_1_62' title='bbox 647 688 983 730; x_wconf 90' lang='lat' dir='ltr'>conualuerunt</span> <span class='ocrx_word' id='word_1_63' title='bbox 1004 700 1216 739; x_wconf 90' lang='lat' dir='ltr'>corpore,</span> <span class='ocrx_word' id='word_1_64' title='bbox 1240 688 1361 728; x_wconf 91' lang='lat' dir='ltr'>hanc</span> <span class='ocrx_word' id='word_1_65' title='bbox 1382 689 1637 729; x_wconf 88' lang='lat' dir='ltr'>salutarem</span> <span class='ocrx_word' id='word_1_66' title='bbox 1658 689 1797 729; x_wconf 91' lang='lat' dir='ltr'>medi-</span> 
     </span>
     <span class='ocr_line' id='line_1_9' title="bbox 171 759 1326 811; baseline -0.001 -11"><span class='ocrx_word' id='word_1_67' title='bbox 171 761 326 800; x_wconf 91' lang='lat' dir='ltr'>cinam</span> <span class='ocrx_word' id='word_1_68' title='bbox 347 761 535 800; x_wconf 76' lang='lat' dir='ltr'>sauciae</span> <span class='ocrx_word' id='word_1_69' title='bbox 556 760 699 800; x_wconf 92' lang='lat' dir='ltr'>menti</span> <span class='ocrx_word' id='word_1_70' title='bbox 714 759 1001 811; x_wconf 87' lang='lat' dir='ltr'>frequentius</span> <span class='ocrx_word' id='word_1_71' title='bbox 1022 759 1326 799; x_wconf 78' lang='lat' dir='ltr'>adhibituros.</span> 
     </span>
    </p>

    <p class='ocr_par' dir='ltr' id='par_1_3' title="bbox 170 830 1804 1582">
     <span class='ocr_line' id='line_1_10' title="bbox 243 830 1798 882; baseline 0.001 -12"><span class='ocrx_word' id='word_1_72' title='bbox 243 831 313 870; x_wconf 92' lang='lat' dir='ltr'>De</span> <span class='ocrx_word' id='word_1_73' title='bbox 327 831 428 870; x_wconf 90' lang='lat' dir='ltr'>aliis</span> <span class='ocrx_word' id='word_1_74' title='bbox 446 843 628 882; x_wconf 80' lang='lat' dir='ltr'>quoque</span> <span class='ocrx_word' id='word_1_75' title='bbox 637 830 933 881; x_wconf 88' lang='lat' dir='ltr'>grauioribus</span> <span class='ocrx_word' id='word_1_76' title='bbox 949 831 1087 870; x_wconf 91' lang='lat' dir='ltr'>rebus</span> <span class='ocrx_word' id='word_1_77' title='bbox 1105 841 1245 881; x_wconf 92' lang='lat' dir='ltr'>saepe</span> <span class='ocrx_word' id='word_1_78' title='bbox 1258 831 1563 870; x_wconf 85' lang='lat' dir='ltr'>consuluntur</span> <span class='ocrx_word' id='word_1_79' title='bbox 1575 830 1659 871; x_wconf 83' lang='lat' dir='ltr'>PP.</span> <span class='ocrx_word' id='word_1_80' title='bbox 1679 830 1798 881; x_wconf 84' lang='lat' dir='ltr'>NN.;</span> 
     </span>
     <span class='ocr_line' id='line_1_11' title="bbox 171 901 1800 954; baseline 0 -12"><span class='ocrx_word' id='word_1_81' title='bbox 171 914 281 942; x_wconf 90' lang='lat' dir='ltr'>nam</span> <span class='ocrx_word' id='word_1_82' title='bbox 302 901 358 942; x_wconf 91' lang='lat' dir='ltr'>D.</span> <span class='ocrx_word' id='word_1_83' title='bbox 383 901 559 943; x_wconf 89' lang='lat' dir='ltr'>Canisii</span> <span class='ocrx_word' id='word_1_84' title='bbox 586 914 727 954; x_wconf 86' lang='lat' dir='ltr'>opera</span> <span class='ocrx_word' id='word_1_85' title='bbox 750 901 904 942; x_wconf 90' lang='lat' dir='ltr'>multis</span> <span class='ocrx_word' id='word_1_86' title='bbox 932 901 978 940; x_wconf 91' lang='lat' dir='ltr'>in</span> <span class='ocrx_word' id='word_1_87' title='bbox 1011 901 1235 951; x_wconf 79' lang='lat' dir='ltr'>negociis,</span> <span class='ocrx_word' id='word_1_88' title='bbox 1268 901 1511 952; x_wconf 82' lang='lat' dir='ltr'>religionis</span> <span class='ocrx_word' id='word_1_89' title='bbox 1539 902 1800 942; x_wconf 89' lang='lat' dir='ltr'>catholicae</span> 
     </span>
     <span class='ocr_line' id='line_1_12' title="bbox 171 971 1800 1025; baseline 0 -12"><span class='ocrx_word' id='word_1_90' title='bbox 171 973 492 1013; x_wconf 76' lang='lat' dir='ltr'>reformationi</span> <span class='ocrx_word' id='word_1_91' title='bbox 513 973 866 1025; x_wconf 88' lang='lat' dir='ltr'>pertinentibus,</span> <span class='ocrx_word' id='word_1_92' title='bbox 889 972 1035 1012; x_wconf 87' lang='lat' dir='ltr'>vtitur</span> <span class='ocrx_word' id='word_1_93' title='bbox 1069 971 1218 1023; x_wconf 88' lang='lat' dir='ltr'>Regia</span> <span class='ocrx_word' id='word_1_94' title='bbox 1246 972 1485 1023; x_wconf 81' lang='lat' dir='ltr'>Maiestas,</span> <span class='ocrx_word' id='word_1_95' title='bbox 1517 973 1648 1013; x_wconf 90' lang='lat' dir='ltr'>cuius</span> <span class='ocrx_word' id='word_1_96' title='bbox 1671 974 1800 1013; x_wconf 84' lang='lat' dir='ltr'>iussu</span> 
     </span>
     <span class='ocr_line' id='line_1_13' title="bbox 170 1043 1803 1096; baseline 0 -12"><span class='ocrx_word' id='word_1_97' title='bbox 170 1044 449 1084; x_wconf 87' lang='lat' dir='ltr'>adornatum</span> <span class='ocrx_word' id='word_1_98' title='bbox 468 1045 790 1096; x_wconf 81' lang='lat' dir='ltr'>compendium</span> <span class='ocrx_word' id='word_1_99' title='bbox 807 1043 1047 1084; x_wconf 89' lang='lat' dir='ltr'>doctrinae</span> <span class='ocrx_word' id='word_1_100' title='bbox 1064 1043 1348 1083; x_wconf 88' lang='lat' dir='ltr'>christianae</span> <span class='ocrx_word' id='word_1_101' title='bbox 1365 1044 1458 1084; x_wconf 90' lang='lat' dir='ltr'>iam</span> <span class='ocrx_word' id='word_1_102' title='bbox 1474 1045 1598 1095; x_wconf 80' lang='lat' dir='ltr'>typis</span> <span class='ocrx_word' id='word_1_103' title='bbox 1615 1044 1803 1084; x_wconf 88' lang='lat' dir='ltr'>deman-</span> 
     </span>
     <span class='ocr_line' id='line_1_14' title="bbox 171 1114 1802 1166; baseline 0.001 -12"><span class='ocrx_word' id='word_1_104' title='bbox 171 1116 308 1156; x_wconf 87' lang='lat' dir='ltr'>datur</span> <span class='ocrx_word' id='word_1_105' title='bbox 340 1115 364 1153; x_wconf 91' lang='lat'>¹.</span> <span class='ocrx_word' id='word_1_106' title='bbox 400 1115 648 1156; x_wconf 84' lang='lat' dir='ltr'>Praeterea</span> <span class='ocrx_word' id='word_1_107' title='bbox 676 1128 734 1155; x_wconf 80' lang='lat' dir='ltr'>ex</span> <span class='ocrx_word' id='word_1_108' title='bbox 760 1114 1077 1155; x_wconf 86' lang='lat' dir='ltr'>contuberniis</span> <span class='ocrx_word' id='word_1_109' title='bbox 1110 1115 1441 1165; x_wconf 90' lang='lat' dir='ltr'>studiosorum,</span> <span class='ocrx_word' id='word_1_110' title='bbox 1481 1127 1600 1166; x_wconf 85' lang='lat' dir='ltr'>quae</span> <span class='ocrx_word' id='word_1_111' title='bbox 1634 1116 1802 1155; x_wconf 86' lang='lat' dir='ltr'>bursas</span> 
     </span>
     <span class='ocr_line' id='line_1_15' title="bbox 171 1186 1802 1238; baseline 0 -12"><span class='ocrx_word' id='word_1_112' title='bbox 171 1192 358 1234; x_wconf 82' lang='lat' dir='ltr'>vocant,</span> <span class='ocrx_word' id='word_1_113' title='bbox 387 1187 610 1238; x_wconf 87' lang='lat' dir='ltr'>paulatim</span> <span class='ocrx_word' id='word_1_114' title='bbox 646 1187 942 1226; x_wconf 84' lang='lat' dir='ltr'>eliminantur</span> <span class='ocrx_word' id='word_1_115' title='bbox 969 1187 1262 1236; x_wconf 84' lang='lat' dir='ltr'>corruptelae</span> <span class='ocrx_word' id='word_1_116' title='bbox 1291 1192 1335 1226; x_wconf 92' lang='lat' dir='ltr'>et</span> <span class='ocrx_word' id='word_1_117' title='bbox 1363 1186 1549 1233; x_wconf 79' lang='lat' dir='ltr'>abusuS,</span> <span class='ocrx_word' id='word_1_118' title='bbox 1588 1198 1642 1226; x_wconf 87' lang='lat' dir='ltr'>ac</span> <span class='ocrx_word' id='word_1_119' title='bbox 1680 1187 1802 1226; x_wconf 91' lang='lat' dir='ltr'>bona</span> 
     </span>
     <span class='ocr_line' id='line_1_16' title="bbox 170 1256 1803 1309; baseline 0 -11"><span class='ocrx_word' id='word_1_120' title='bbox 170 1258 480 1298; x_wconf 83' lang='lat' dir='ltr'>introducitur</span> <span class='ocrx_word' id='word_1_121' title='bbox 502 1258 762 1309; x_wconf 86' lang='lat' dir='ltr'>disciplina.</span> <span class='ocrx_word' id='word_1_122' title='bbox 785 1257 837 1298; x_wconf 90' lang='lat' dir='ltr'>In</span> <span class='ocrx_word' id='word_1_123' title='bbox 857 1263 1012 1297; x_wconf 90' lang='lat' dir='ltr'>monte</span> <span class='ocrx_word' id='word_1_124' title='bbox 1033 1257 1218 1308; x_wconf 88' lang='lat' dir='ltr'>quidem</span> <span class='ocrx_word' id='word_1_125' title='bbox 1236 1264 1369 1297; x_wconf 89' lang='lat' dir='ltr'>aurto</span> <span class='ocrx_word' id='word_1_126' title='bbox 1391 1256 1419 1307; x_wconf 72' lang='lat'>²,</span> <span class='ocrx_word' id='word_1_127' title='bbox 1444 1263 1495 1297; x_wconf 91' lang='lat' dir='ltr'>vt</span> <span class='ocrx_word' id='word_1_128' title='bbox 1510 1264 1698 1308; x_wconf 85' lang='lat' dir='ltr'>vocant,</span> <span class='ocrx_word' id='word_1_129' title='bbox 1723 1258 1803 1298; x_wconf 88' lang='lat' dir='ltr'>vbi</span> 
     </span>
     <span class='ocr_line' id='line_1_17' title="bbox 173 1327 1804 1380; baseline 0.001 -13"><span class='ocrx_word' id='word_1_130' title='bbox 173 1328 422 1379; x_wconf 87' lang='lat' dir='ltr'>aliquando</span> <span class='ocrx_word' id='word_1_131' title='bbox 445 1330 600 1380; x_wconf 87' lang='lat' dir='ltr'>plures</span> <span class='ocrx_word' id='word_1_132' title='bbox 621 1335 727 1369; x_wconf 90' lang='lat' dir='ltr'>sunt</span> <span class='ocrx_word' id='word_1_133' title='bbox 747 1340 887 1380; x_wconf 87' lang='lat' dir='ltr'>quam</span> <span class='ocrx_word' id='word_1_134' title='bbox 911 1327 986 1368; x_wconf 88' lang='lat'>100</span> <span class='ocrx_word' id='word_1_135' title='bbox 1014 1339 1259 1379; x_wconf 88' lang='lat' dir='ltr'>pauperes,</span> <span class='ocrx_word' id='word_1_136' title='bbox 1291 1328 1482 1379; x_wconf 87' lang='lat' dir='ltr'>exponit</span> <span class='ocrx_word' id='word_1_137' title='bbox 1502 1327 1552 1368; x_wconf 89' lang='grc' dir='ltr'>Ρ.</span> <span class='ocrx_word' id='word_1_138' title='bbox 1577 1328 1804 1369; x_wconf 89' lang='lat' dir='ltr'>Godanus</span> 
     </span>
     <span class='ocr_line' id='line_1_18' title="bbox 173 1399 1804 1451; baseline 0.001 -12"><span class='ocrx_word' id='word_1_139' title='bbox 173 1400 417 1440; x_wconf 87' lang='lat' dir='ltr'>dominicis</span> <span class='ocrx_word' id='word_1_140' title='bbox 430 1400 590 1440; x_wconf 88' lang='lat' dir='ltr'>diebus</span> <span class='ocrx_word' id='word_1_141' title='bbox 612 1412 638 1439; x_wconf 91' lang='lat' dir='ltr'>a</span> <span class='ocrx_word' id='word_1_142' title='bbox 654 1400 850 1451; x_wconf 88' lang='lat' dir='ltr'>prandio</span> <span class='ocrx_word' id='word_1_143' title='bbox 868 1399 1129 1440; x_wconf 88' lang='lat' dir='ltr'>doctrinam</span> <span class='ocrx_word' id='word_1_144' title='bbox 1150 1399 1471 1450; x_wconf 80' lang='lat' dir='ltr'>christianam,</span> <span class='ocrx_word' id='word_1_145' title='bbox 1496 1400 1662 1451; x_wconf 91' lang='lat' dir='ltr'>quibus</span> <span class='ocrx_word' id='word_1_146' title='bbox 1685 1406 1728 1440; x_wconf 93' lang='lat' dir='ltr'>et</span> <span class='ocrx_word' id='word_1_147' title='bbox 1746 1401 1804 1440; x_wconf 90' lang='lat' dir='ltr'>de</span> 
     </span>
     <span class='ocr_line' id='line_1_19' title="bbox 172 1470 1803 1523; baseline 0.001 -12"><span class='ocrx_word' id='word_1_148' title='bbox 172 1471 382 1511; x_wconf 77' lang='lat' dir='ltr'>vestibus</span> <span class='ocrx_word' id='word_1_149' title='bbox 404 1471 692 1522; x_wconf 90' lang='lat' dir='ltr'>prouidetur,</span> <span class='ocrx_word' id='word_1_150' title='bbox 717 1471 920 1511; x_wconf 85' lang='lat' dir='ltr'>corrasis</span> <span class='ocrx_word' id='word_1_151' title='bbox 941 1471 1048 1510; x_wconf 91' lang='lat' dir='ltr'>hinc</span> <span class='ocrx_word' id='word_1_152' title='bbox 1069 1470 1175 1510; x_wconf 90' lang='lat' dir='ltr'>inde</span> <span class='ocrx_word' id='word_1_153' title='bbox 1197 1470 1320 1522; x_wconf 89' lang='lat' dir='ltr'>apud</span> <span class='ocrx_word' id='word_1_154' title='bbox 1355 1471 1470 1510; x_wconf 90' lang='lat' dir='ltr'>istos</span> <span class='ocrx_word' id='word_1_155' title='bbox 1492 1471 1726 1523; x_wconf 90' lang='lat' dir='ltr'>principes</span> <span class='ocrx_word' id='word_1_156' title='bbox 1747 1484 1803 1512; x_wconf 90' lang='lat' dir='ltr'>ac</span> 
     </span>
     <span class='ocr_line' id='line_1_20' title="bbox 173 1541 677 1582; baseline 0.002 -1"><span class='ocrx_word' id='word_1_157' title='bbox 173 1541 349 1582; x_wconf 89' lang='lat' dir='ltr'>nobiles</span> <span class='ocrx_word' id='word_1_158' title='bbox 370 1542 677 1582; x_wconf 75' lang='lat' dir='ltr'>eleemosinis</span> 
     </span>
    </p>

    <p class='ocr_par' dir='ltr' id='par_1_4' title="bbox 171 1612 1804 1949">
     <span class='ocr_line' id='line_1_21' title="bbox 253 1612 1801 1665; baseline 0.001 -12"><span class='ocrx_word' id='word_1_159' title='bbox 253 1613 382 1653; x_wconf 89' lang='lat' dir='ltr'>Haec</span> <span class='ocrx_word' id='word_1_160' title='bbox 405 1619 527 1661; x_wconf 91' lang='lat' dir='ltr'>sunt,</span> <span class='ocrx_word' id='word_1_161' title='bbox 550 1612 600 1653; x_wconf 83' lang='lat' dir='ltr'>P.</span> <span class='ocrx_word' id='word_1_162' title='bbox 623 1612 694 1661; x_wconf 60' lang='lat' dir='ltr'>R„</span> <span class='ocrx_word' id='word_1_163' title='bbox 721 1624 838 1664; x_wconf 88' lang='lat' dir='ltr'>quae</span> <span class='ocrx_word' id='word_1_164' title='bbox 860 1612 1106 1653; x_wconf 89' lang='lat' dir='ltr'>scribenda</span> <span class='ocrx_word' id='word_1_165' title='bbox 1136 1624 1185 1652; x_wconf 92' lang='lat' dir='ltr'>se</span> <span class='ocrx_word' id='word_1_166' title='bbox 1208 1612 1479 1663; x_wconf 86' lang='lat' dir='ltr'>offerebant,</span> <span class='ocrx_word' id='word_1_167' title='bbox 1504 1625 1637 1665; x_wconf 89' lang='lat' dir='ltr'>quae,</span> <span class='ocrx_word' id='word_1_168' title='bbox 1663 1614 1701 1653; x_wconf 88' lang='lat' dir='ltr'>si</span> <span class='ocrx_word' id='word_1_169' title='bbox 1722 1614 1801 1654; x_wconf 90' lang='lat' dir='ltr'>mi-</span> 
     </span>
     <span class='ocr_line' id='line_1_22' title="bbox 171 1681 1801 1736; baseline 0.001 -12"><span class='ocrx_word' id='word_1_170' title='bbox 171 1697 259 1724; x_wconf 84' lang='lat' dir='ltr'>nus</span> <span class='ocrx_word' id='word_1_171' title='bbox 280 1690 387 1724; x_wconf 86' lang='lat' dir='ltr'>tuae</span> <span class='ocrx_word' id='word_1_172' title='bbox 410 1681 723 1736; x_wconf 72' lang='lat' dir='ltr'>expectationi</span> <span class='ocrx_word' id='word_1_173' title='bbox 744 1683 919 1724; x_wconf 90' lang='lat' dir='ltr'>faciunt</span> <span class='ocrx_word' id='word_1_174' title='bbox 953 1684 1082 1735; x_wconf 88' lang='lat' dir='ltr'>satis,</span> <span class='ocrx_word' id='word_1_175' title='bbox 1119 1695 1174 1724; x_wconf 90' lang='lat' dir='ltr'>eo</span> <span class='ocrx_word' id='word_1_176' title='bbox 1204 1684 1435 1735; x_wconf 91' lang='lat' dir='ltr'>libentius,</span> <span class='ocrx_word' id='word_1_177' title='bbox 1459 1690 1670 1725; x_wconf 87' lang='lat' dir='ltr'>nostram</span> <span class='ocrx_word' id='word_1_178' title='bbox 1692 1685 1801 1725; x_wconf 88' lang='lat' dir='ltr'>fate-</span> 
     </span>
     <span class='ocr_line' id='line_1_23' title="bbox 173 1755 1804 1808; baseline 0.001 -13"><span class='ocrx_word' id='word_1_179' title='bbox 173 1767 276 1796; x_wconf 92' lang='lat' dir='ltr'>mur</span> <span class='ocrx_word' id='word_1_180' title='bbox 302 1756 651 1807; x_wconf 83' lang='lat' dir='ltr'>negligentiam,</span> <span class='ocrx_word' id='word_1_181' title='bbox 677 1767 766 1807; x_wconf 87' lang='lat' dir='ltr'>quo</span> <span class='ocrx_word' id='word_1_182' title='bbox 801 1767 886 1795; x_wconf 90' lang='lat' dir='ltr'>nos</span> <span class='ocrx_word' id='word_1_183' title='bbox 915 1756 1025 1796; x_wconf 89' lang='lat' dir='ltr'>hinc</span> <span class='ocrx_word' id='word_1_184' title='bbox 1055 1755 1237 1796; x_wconf 85' lang='lat' dir='ltr'>facilius</span> <span class='ocrx_word' id='word_1_185' title='bbox 1273 1767 1516 1807; x_wconf 88' lang='lat' dir='ltr'>speramus</span> <span class='ocrx_word' id='word_1_186' title='bbox 1539 1756 1597 1796; x_wconf 87' lang='lat' dir='ltr'>V.</span> <span class='ocrx_word' id='word_1_187' title='bbox 1630 1756 1679 1796; x_wconf 87' lang='lat' dir='ltr'>P.</span> <span class='ocrx_word' id='word_1_188' title='bbox 1703 1768 1804 1808; x_wconf 87' lang='lat' dir='ltr'>pre-</span> 
     </span>
     <span class='ocr_line' id='line_1_24' title="bbox 172 1826 1803 1878; baseline 0.001 -12"><span class='ocrx_word' id='word_1_189' title='bbox 172 1838 278 1867; x_wconf 89' lang='lat' dir='ltr'>cum</span> <span class='ocrx_word' id='word_1_190' title='bbox 312 1827 541 1867; x_wconf 90' lang='lat' dir='ltr'>iuuandos</span> <span class='ocrx_word' id='word_1_191' title='bbox 576 1827 795 1871; x_wconf 76' lang='lat' dir='ltr'>subsidio.</span> <span class='ocrx_word' id='word_1_192' title='bbox 825 1834 876 1867; x_wconf 86' lang='lat' dir='ltr'>vt</span> <span class='ocrx_word' id='word_1_193' title='bbox 901 1839 1084 1878; x_wconf 88' lang='lat' dir='ltr'>semper</span> <span class='ocrx_word' id='word_1_194' title='bbox 1112 1827 1452 1878; x_wconf 88' lang='lat' dir='ltr'>beneplacitam</span> <span class='ocrx_word' id='word_1_195' title='bbox 1483 1826 1570 1867; x_wconf 90' lang='lat' dir='ltr'>Dei</span> <span class='ocrx_word' id='word_1_196' title='bbox 1592 1829 1803 1868; x_wconf 89' lang='lat' dir='ltr'>volunta-</span> 
     </span>
     <span class='ocr_line' id='line_1_25' title="bbox 172 1898 1212 1949; baseline 0.001 -12"><span class='ocrx_word' id='word_1_197' title='bbox 172 1905 265 1938; x_wconf 86' lang='lat' dir='ltr'>tem</span> <span class='ocrx_word' id='word_1_198' title='bbox 286 1904 330 1937; x_wconf 94' lang='lat' dir='ltr'>et</span> <span class='ocrx_word' id='word_1_199' title='bbox 352 1898 610 1949; x_wconf 87' lang='lat' dir='ltr'>intelligere</span> <span class='ocrx_word' id='word_1_200' title='bbox 633 1905 675 1938; x_wconf 86' lang='lat' dir='ltr'>et</span> <span class='ocrx_word' id='word_1_201' title='bbox 698 1898 951 1949; x_wconf 88' lang='lat' dir='ltr'>adimplere</span> <span class='ocrx_word' id='word_1_202' title='bbox 972 1910 1212 1949; x_wconf 87' lang='lat' dir='ltr'>queamus.</span> 
     </span>
    </p>

    <p class='ocr_par' dir='ltr' id='par_1_5' title="bbox 252 1968 1430 2022">
     <span class='ocr_line' id='line_1_26' title="bbox 252 1968 1430 2022; baseline -0.001 -13"><span class='ocrx_word' id='word_1_203' title='bbox 252 1968 465 2009; x_wconf 86' lang='lat' dir='ltr'>Viennae</span> <span class='ocrx_word' id='word_1_204' title='bbox 487 1969 533 2008; x_wconf 91' lang='lat' dir='ltr'>in</span> <span class='ocrx_word' id='word_1_205' title='bbox 555 1969 762 2018; x_wconf 66' lang='lat' dir='ltr'>Ausa-ia,</span> <span class='ocrx_word' id='word_1_206' title='bbox 786 1969 811 2009; x_wconf 81' lang='grc'>4</span> <span class='ocrx_word' id='word_1_207' title='bbox 833 1969 1063 2009; x_wconf 83' lang='lat' dir='ltr'>Calendas</span> <span class='ocrx_word' id='word_1_208' title='bbox 1079 1969 1291 2022; x_wconf 74' lang='lat' dir='ltr'>januarii</span> <span class='ocrx_word' id='word_1_209' title='bbox 1316 1970 1430 2009; x_wconf 73' lang='lat'>1555.</span> 
     </span>
    </p>

    <p class='ocr_par' dir='ltr' id='par_1_6' title="bbox 252 2040 1722 2092">
     <span class='ocr_line' id='line_1_27' title="bbox 252 2040 1722 2092; baseline 0.001 -12"><span class='ocrx_word' id='word_1_210' title='bbox 252 2040 380 2080; x_wconf 85' lang='lat' dir='ltr'>Tuae</span> <span class='ocrx_word' id='word_1_211' title='bbox 402 2040 701 2080; x_wconf 81' lang='lat' dir='ltr'>Paternitatis</span> <span class='ocrx_word' id='word_1_212' title='bbox 723 2040 1075 2091; x_wconf 86' lang='lat' dir='ltr'>indignissimus</span> <span class='ocrx_word' id='word_1_213' title='bbox 1097 2042 1309 2081; x_wconf 79' lang='lat' dir='ltr'>seruulus</span> <span class='ocrx_word' id='word_1_214' title='bbox 1327 2049 1371 2081; x_wconf 87' lang='lat' dir='ltr'>ct</span> <span class='ocrx_word' id='word_1_215' title='bbox 1393 2041 1439 2080; x_wconf 89' lang='lat' dir='ltr'>in</span> <span class='ocrx_word' id='word_1_216' title='bbox 1460 2040 1565 2080; x_wconf 77' lang='lat' dir='ltr'>D.110</span> <span class='ocrx_word' id='word_1_217' title='bbox 1587 2041 1722 2092; x_wconf 83' lang='lat' dir='ltr'>filius,</span> 
     </span>
    </p>
   </div>
   <div class='ocr_carea' id='block_1_3' title="bbox 759 2182 1641 2223">
    <p class='ocr_par' dir='ltr' id='par_1_7' title="bbox 759 2182 1641 2223">
     <span class='ocr_line' id='line_1_28' title="bbox 759 2182 1641 2223; baseline -0.001 -2"><span class='ocrx_word' id='word_1_218' title='bbox 759 2182 981 2221; x_wconf 74' lang='lat' dir='ltr'>ERARous</span> <span class='ocrx_word' id='word_1_219' title='bbox 1011 2182 1259 2222; x_wconf 75' lang='lat' dir='ltr'>AUANTIAN</span> <span class='ocrx_word' id='word_1_220' title='bbox 1268 2195 1318 2223; x_wconf 85' lang='grc'>05</span> <span class='ocrx_word' id='word_1_221' title='bbox 1350 2183 1641 2223; x_wconf 80' lang='lat' dir='ltr'>LEODIENsls.</span> 
     </span>
    </p>
   </div>
   <div class='ocr_carea' id='block_1_4' title="bbox 172 2375 1805 2517">
    <p class='ocr_par' dir='ltr' id='par_1_8' title="bbox 172 2375 1805 2517">
     <span class='ocr_line' id='line_1_29' title="bbox 253 2375 1805 2446; baseline 0.003 -12"><span class='ocrx_word' id='word_1_222' title='bbox 253 2394 606 2446; x_wconf 71' lang='lat' dir='ltr'>Superscrzpte&#39;o</span> <span class='ocrx_word' id='word_1_223' title='bbox 634 2394 683 2433; x_wconf 76' lang='lat' dir='ltr'>ln</span> <span class='ocrx_word' id='word_1_224' title='bbox 710 2398 884 2445; x_wconf 72' lang='lat' dir='ltr'>quarta</span> <span class='ocrx_word' id='word_1_225' title='bbox 907 2395 1114 2445; x_wconf 76' lang='lat' dir='ltr'>pagina.</span> <span class='ocrx_word' id='word_1_226' title='bbox 1151 2375 1262 2436; x_wconf 67' lang='lat' dir='ltr'>stis.</span> <span class='ocrx_word' id='word_1_227' title='bbox 1295 2396 1481 2436; x_wconf 91' lang='lat' dir='ltr'>Literae</span> <span class='ocrx_word' id='word_1_228' title='bbox 1517 2397 1541 2436; x_wconf 74' lang='lat'><strong>4</strong></span> <span class='ocrx_word' id='word_1_229' title='bbox 1577 2398 1805 2439; x_wconf 90' lang='lat' dir='ltr'>mensium</span> 
     </span>
     <span class='ocr_line' id='line_1_30' title="bbox 172 2464 1488 2517; baseline 0.002 -11"><span class='ocrx_word' id='word_1_230' title='bbox 172 2465 370 2517; x_wconf 88' lang='lat' dir='ltr'>Collegii</span> <span class='ocrx_word' id='word_1_231' title='bbox 390 2465 446 2505; x_wconf 91' lang='lat' dir='ltr'>de</span> <span class='ocrx_word' id='word_1_232' title='bbox 465 2464 698 2505; x_wconf 84' lang='lat' dir='ltr'>Societate</span> <span class='ocrx_word' id='word_1_233' title='bbox 719 2465 828 2517; x_wconf 71' lang='lat' dir='ltr'>jesu</span> <span class='ocrx_word' id='word_1_234' title='bbox 850 2465 972 2516; x_wconf 89' lang='lat' dir='ltr'>apud</span> <span class='ocrx_word' id='word_1_235' title='bbox 995 2466 1230 2506; x_wconf 86' lang='lat' dir='ltr'>Viennam</span> <span class='ocrx_word' id='word_1_236' title='bbox 1251 2467 1488 2508; x_wconf 84' lang='lat' dir='ltr'>Austriae.</span> 
     </span>
    </p>
   </div>
   <div class='ocr_carea' id='block_1_5' title="bbox 598 2537 668 2544">
    <p class='ocr_par' dir='ltr' id='par_1_9' title="bbox 598 2537 668 2544">
     <span class='ocr_line' id='line_1_31' title="bbox 598 2537 668 2544; baseline 0 -1"><span class='ocrx_word' id='word_1_237' title='bbox 598 2537 668 2544; x_wconf 77' lang='lat'>--=—</span> 
     </span>
    </p>
   </div>
   <div class='ocr_carea' id='block_1_6' title="bbox 252 2536 1695 2658">
    <p class='ocr_par' dir='ltr' id='par_1_10' title="bbox 252 2536 1695 2658">
     <span class='ocr_line' id='line_1_32' title="bbox 252 2536 1695 2587; baseline 0.002 -11"><span class='ocrx_word' id='word_1_238' title='bbox 252 2536 364 2577; x_wconf 71' lang='lat' dir='ltr'>Alia</span> <span class='ocrx_word' id='word_1_239' title='bbox 385 2547 544 2577; x_wconf 75' lang='lat' dir='ltr'>manu.</span> <span class='ocrx_word' id='word_1_240' title='bbox 572 2536 686 2576; x_wconf 81' lang='lat' dir='ltr'>looo.</span> <span class='ocrx_word' id='word_1_241' title='bbox 709 2536 907 2576; x_wconf 84' lang='lat' dir='ltr'>Vienna.</span> <span class='ocrx_word' id='word_1_242' title='bbox 934 2536 1312 2587; x_wconf 83' lang='lat' dir='ltr'>Quadrimestres</span> <span class='ocrx_word' id='word_1_243' title='bbox 1332 2538 1384 2578; x_wconf 75' lang='lat'>‘29</span> <span class='ocrx_word' id='word_1_244' title='bbox 1404 2538 1695 2581; x_wconf 87' lang='lat' dir='ltr'>Decembris.</span> 
     </span>
     <span class='ocr_line' id='line_1_33' title="bbox 252 2606 1089 2658; baseline -0.001 -11"><span class='ocrx_word' id='word_1_245' title='bbox 252 2608 410 2647; x_wconf 81' lang='lat' dir='ltr'>Extat</span> <span class='ocrx_word' id='word_1_246' title='bbox 430 2606 691 2658; x_wconf 71' lang='lat' dir='ltr'>vestigium</span> <span class='ocrx_word' id='word_1_247' title='bbox 708 2617 839 2646; x_wconf 69' lang='lat' dir='ltr'>cerae</span> <span class='ocrx_word' id='word_1_248' title='bbox 856 2611 899 2647; x_wconf 82' lang='lat' dir='ltr'>et</span> <span class='ocrx_word' id='word_1_249' title='bbox 919 2607 1089 2658; x_wconf 47' lang='lat' dir='ltr'>sigilli.</span> 
     </span>
    </p>
   </div>
   <div class='ocr_carea' id='block_1_7' title="bbox 173 2742 1809 3018">
    <p class='ocr_par' dir='ltr' id='par_1_11' title="bbox 173 2742 1809 2875">
     <span class='ocr_line' id='line_1_34' title="bbox 227 2742 1809 2780; baseline 0.003 -10"><span class='ocrx_word' id='word_1_250' title='bbox 227 2743 238 2762; x_wconf 90' lang='lat'>¹</span> <span class='ocrx_word' id='word_1_251' title='bbox 277 2743 396 2770; x_wconf 81' lang='lat' dir='ltr'>Sermo</span> <span class='ocrx_word' id='word_1_252' title='bbox 412 2746 464 2770; x_wconf 87' lang='lat' dir='ltr'>est</span> <span class='ocrx_word' id='word_1_253' title='bbox 480 2743 519 2770; x_wconf 89' lang='lat' dir='ltr'>de</span> <span class='ocrx_word' id='word_1_254' title='bbox 540 2742 684 2769; x_wconf 78' lang='lat' dir='ltr'>Summa</span> <span class='ocrx_word' id='word_1_255' title='bbox 711 2743 892 2769; x_wconf 81' lang='lat' dir='ltr'>doctrinae</span> <span class='ocrx_word' id='word_1_256' title='bbox 916 2742 1149 2775; x_wconf 68' lang='lat' dir='ltr'>christianae,</span> <span class='ocrx_word' id='word_1_257' title='bbox 1173 2743 1212 2770; x_wconf 89' lang='lat' dir='ltr'>de</span> <span class='ocrx_word' id='word_1_258' title='bbox 1240 2752 1306 2779; x_wconf 86' lang='lat' dir='ltr'>qua</span> <span class='ocrx_word' id='word_1_259' title='bbox 1324 2745 1400 2772; x_wconf 88' lang='lat' dir='ltr'>vide</span> <span class='ocrx_word' id='word_1_260' title='bbox 1424 2745 1708 2780; x_wconf 69' lang='lat' dir='ltr'>BRAUNSBERGER,</span> <span class='ocrx_word' id='word_1_261' title='bbox 1723 2748 1809 2776; x_wconf 85' lang='lat' dir='ltr'>Ent-</span> 
     </span>
     <span class='ocr_line' id='line_1_35' title="bbox 173 2789 1809 2831; baseline 0.004 -14"><span class='ocrx_word' id='word_1_262' title='bbox 173 2791 325 2824; x_wconf 80' lang='lat' dir='ltr'>stehung</span> <span class='ocrx_word' id='word_1_263' title='bbox 340 2791 413 2818; x_wconf 87' lang='lat' dir='ltr'>und</span> <span class='ocrx_word' id='word_1_264' title='bbox 428 2793 521 2818; x_wconf 81' lang='lat' dir='ltr'>erste</span> <span class='ocrx_word' id='word_1_265' title='bbox 536 2790 780 2823; x_wconf 76' lang='lat' dir='ltr'>Entwe&#39;cklung</span> <span class='ocrx_word' id='word_1_266' title='bbox 793 2791 857 2817; x_wconf 83' lang='lat' dir='ltr'>der</span> <span class='ocrx_word' id='word_1_267' title='bbox 870 2789 1113 2818; x_wconf 75' lang='lat' dir='ltr'>Cateclzismen</span> <span class='ocrx_word' id='word_1_268' title='bbox 1127 2792 1189 2818; x_wconf 79' lang='lat' dir='ltr'>des</span> <span class='ocrx_word' id='word_1_269' title='bbox 1199 2792 1334 2825; x_wconf 78' lang='lat' dir='ltr'>seligen</span> <span class='ocrx_word' id='word_1_270' title='bbox 1348 2792 1477 2820; x_wconf 81' lang='lat' dir='ltr'>Petrus</span> <span class='ocrx_word' id='word_1_271' title='bbox 1490 2794 1666 2827; x_wconf 77' lang='lat' dir='ltr'>canisius,</span> <span class='ocrx_word' id='word_1_272' title='bbox 1678 2801 1711 2823; x_wconf 84' lang='lat' dir='ltr'>et</span> <span class='ocrx_word' id='word_1_273' title='bbox 1723 2797 1809 2831; x_wconf 86' lang='lat' dir='ltr'>ejus-</span> 
     </span>
     <span class='ocr_line' id='line_1_36' title="bbox 176 2837 1521 2875; baseline 0.003 -10"><span class='ocrx_word' id='word_1_274' title='bbox 176 2837 251 2865; x_wconf 87' lang='lat' dir='ltr'>dem</span> <span class='ocrx_word' id='word_1_275' title='bbox 266 2838 538 2865; x_wconf 70' lang='lat' dir='ltr'>BRAUNSBERGER</span> <span class='ocrx_word' id='word_1_276' title='bbox 557 2838 692 2865; x_wconf 78' lang='lat' dir='ltr'>Canisii</span> <span class='ocrx_word' id='word_1_277' title='bbox 706 2838 894 2872; x_wconf 81' lang='lat' dir='ltr'>Epistulae</span> <span class='ocrx_word' id='word_1_278' title='bbox 907 2840 939 2865; x_wconf 80' lang='lat' dir='ltr'>et</span> <span class='ocrx_word' id='word_1_279' title='bbox 952 2839 1076 2870; x_wconf 62' lang='lat' dir='ltr'>Aeta,t</span> <span class='ocrx_word' id='word_1_280' title='bbox 1108 2846 1130 2873; x_wconf 88' lang='lat'>1,</span> <span class='ocrx_word' id='word_1_281' title='bbox 1146 2841 1350 2874; x_wconf 79' lang='lat' dir='ltr'>praesertim</span> <span class='ocrx_word' id='word_1_282' title='bbox 1365 2848 1443 2875; x_wconf 86' lang='lat' dir='ltr'>pag.</span> <span class='ocrx_word' id='word_1_283' title='bbox 1458 2842 1521 2869; x_wconf 84' lang='lat'>522.</span> 
     </span>
    </p>

    <p class='ocr_par' dir='ltr' id='par_1_12' title="bbox 175 2885 1807 3018">
     <span class='ocr_line' id='line_1_37' title="bbox 229 2885 1806 2922; baseline 0.004 -10"><span class='ocrx_word' id='word_1_284' title='bbox 229 2885 243 2904; x_wconf 79' lang='lat'><strong>2</strong></span> <span class='ocrx_word' id='word_1_285' title='bbox 279 2885 414 2914; x_wconf 86' lang='lat' dir='ltr'>Attrita</span> <span class='ocrx_word' id='word_1_286' title='bbox 429 2890 480 2913; x_wconf 87' lang='lat' dir='ltr'>est</span> <span class='ocrx_word' id='word_1_287' title='bbox 496 2886 550 2912; x_wconf 91' lang='lat' dir='ltr'>hic</span> <span class='ocrx_word' id='word_1_288' title='bbox 565 2886 687 2912; x_wconf 81' lang='lat' dir='ltr'>charta</span> <span class='ocrx_word' id='word_1_289' title='bbox 702 2893 762 2912; x_wconf 84' lang='lat' dir='ltr'>nec</span> <span class='ocrx_word' id='word_1_290' title='bbox 779 2886 917 2919; x_wconf 85' lang='lat' dir='ltr'>proinde</span> <span class='ocrx_word' id='word_1_291' title='bbox 933 2887 1017 2914; x_wconf 83' lang='lat' dir='ltr'>certi</span> <span class='ocrx_word' id='word_1_292' title='bbox 1030 2894 1144 2914; x_wconf 81' lang='lat' dir='ltr'>sumus</span> <span class='ocrx_word' id='word_1_293' title='bbox 1160 2887 1238 2921; x_wconf 89' lang='lat' dir='ltr'>quid</span> <span class='ocrx_word' id='word_1_294' title='bbox 1251 2888 1295 2915; x_wconf 90' lang='lat' dir='ltr'>sit</span> <span class='ocrx_word' id='word_1_295' title='bbox 1310 2888 1485 2922; x_wconf 82' lang='lat' dir='ltr'>scriptum.</span> <span class='ocrx_word' id='word_1_296' title='bbox 1501 2889 1677 2917; x_wconf 60' lang='lat' dir='ltr'>Powwcus</span> <span class='ocrx_word' id='word_1_297' title='bbox 1692 2894 1806 2918; x_wconf 86' lang='lat' dir='ltr'>autem</span> 
     </span>
     <span class='ocr_line' id='line_1_38' title="bbox 175 2932 1807 2972; baseline 0.004 -13"><span class='ocrx_word' id='word_1_298' title='bbox 175 2932 209 2959; x_wconf 88' lang='lat' dir='ltr'>in</span> <span class='ocrx_word' id='word_1_299' title='bbox 226 2932 402 2965; x_wconf 79' lang='lat' dir='ltr'>Chronico,</span> <span class='ocrx_word' id='word_1_300' title='bbox 416 2933 437 2960; x_wconf 91' lang='lat'>1.</span> <span class='ocrx_word' id='word_1_301' title='bbox 453 2940 494 2965; x_wconf 91' lang='lat' dir='ltr'>c.,</span> <span class='ocrx_word' id='word_1_302' title='bbox 509 2932 744 2960; x_wconf 84' lang='lat' dir='ltr'>difficultatem</span> <span class='ocrx_word' id='word_1_303' title='bbox 766 2933 876 2965; x_wconf 80' lang='lat' dir='ltr'>elusit,</span> <span class='ocrx_word' id='word_1_304' title='bbox 899 2933 948 2961; x_wconf 82' lang='lat' dir='ltr'>ita</span> <span class='ocrx_word' id='word_1_305' title='bbox 969 2934 1128 2962; x_wconf 82' lang='lat' dir='ltr'>scribens:</span> <span class='ocrx_word' id='word_1_306' title='bbox 1145 2933 1202 2961; x_wconf 69' lang='lat' dir='ltr'>“ln</span> <span class='ocrx_word' id='word_1_307' title='bbox 1227 2936 1374 2969; x_wconf 85' lang='lat' dir='ltr'>quadam</span> <span class='ocrx_word' id='word_1_308' title='bbox 1400 2941 1515 2964; x_wconf 86' lang='lat' dir='ltr'>autem</span> <span class='ocrx_word' id='word_1_309' title='bbox 1539 2939 1807 2972; x_wconf 76' lang='lat' dir='ltr'>congregatione</span> 
     </span>
     <span class='ocr_line' id='line_1_39' title="bbox 176 2979 1481 3018; baseline 0.003 -12"><span class='ocrx_word' id='word_1_310' title='bbox 176 2986 374 3013; x_wconf 87' lang='lat' dir='ltr'>pauperum,</span> <span class='ocrx_word' id='word_1_311' title='bbox 390 2979 445 3006; x_wconf 88' lang='lat' dir='ltr'>ubi</span> <span class='ocrx_word' id='word_1_312' title='bbox 461 2984 596 3007; x_wconf 88' lang='lat' dir='ltr'>centum</span> <span class='ocrx_word' id='word_1_313' title='bbox 611 2984 643 3007; x_wconf 90' lang='lat' dir='ltr'>et</span> <span class='ocrx_word' id='word_1_314' title='bbox 659 2980 804 3014; x_wconf 82' lang='lat' dir='ltr'>amplius</span> <span class='ocrx_word' id='word_1_315' title='bbox 819 2985 927 3014; x_wconf 86' lang='lat' dir='ltr'>erant,</span> <span class='ocrx_word' id='word_1_316' title='bbox 943 2983 1133 3015; x_wconf 76' lang='lat' dir='ltr'>exponebat</span> <span class='ocrx_word' id='word_1_317' title='bbox 1151 2982 1185 3009; x_wconf 82' lang='grc' dir='ltr'>Ρ.</span> <span class='ocrx_word' id='word_1_318' title='bbox 1203 2982 1435 3010; x_wconf 74' lang='lat' dir='ltr'>Gaudanus....</span> <span class='ocrx_word' id='word_1_319' title='bbox 1447 3004 1481 3018; x_wconf 60' lang='lat'>..„</span> 
     </span>
    </p>
   </div>
  </div>
 </body>
</html>
