2047 3179
843 156 926 193 AN.
958 155 1049 194 1555
1687 159 1759 197 673

130 262 212 295 tan
232 255 366 295 biuos
386 267 418 306 y
437 254 647 295 efficazes
668 254 858 295 (1655605
880 254 936 294 (16
957 254 1002 293 la
1023 254 1158 294 salud
1188 267 1218 306 y
1238 254 1442 294 remedio
1465 255 1520 294 de
1542 266 1621 295 sus
1652 267 1757 295 oue-

129 324 217 377 jas,
240 338 271 377 y
291 331 372 366 tan
393 331 557 366 sancta
578 325 762 366 afficion
782 328 808 364 a
830 325 898 365 105
921 330 1137 365 nuestros
1155 357 1162 376 ‚
1182 328 1209 365 εἰ
1240 325 1381 376 quien
1397 324 1538 376 juzga
1560 337 1645 377 por
1667 337 1757 366 me-

133 395 236 436 dios
256 408 367 448 muy
388 396 608 437 eomodos
629 407 745 448 para
764 396 866 436 ello.
890 395 944 436 El
965 394 1117 436 Sefior
1142 396 1184 436 16
1205 395 1262 436 (16
1292 407 1350 436 en
1369 396 1479 436 todo
1511 407 1566 436 su
1594 397 1760 447 gracia

134 478 250 517 para
272 478 360 519 que
382 467 575 519 prosiga
596 479 653 507 en
673 468 742 507 105
770 477 949 507 nueuos
981 467 1246 518 propositos
1275 472 1357 507 tan
1386 472 1576 507 sanctos
1602 478 1691 518 que
1719 468 1763 507 61

139 536 289 578 Sefior
310 550 368 578 en
389 549 442 578 su
465 539 587 578 alma
608 550 635 578 a
655 538 893 590 plantado,
917 551 948 590 y
970 541 997 578 έῑ
1019 539 1082 578 mi
1102 551 1134 590 y
1155 541 1182 578 εἱ
1203 538 1312 579 todo
1335 539 1376 578 61
1396 538 1568 579 mundo
1588 549 1676 578 nos
1705 539 1762 578 (16

131 611 162 648 a
184 608 329 648 sentis
349 621 380 660 y
401 609 597 660 cumplir
618 621 672 650 su
692 609 991 649 sanctissima
1013 609 1254 650 voluntad.
1274 609 1441 651 Amen.

216 677 287 719 De
308 679 487 720 Murcia
506 680 557 720 27
579 679 634 720 de
655 678 910 721 Setiembre
936 680 1051 721 1555.

351 749 420 790 De
442 750 487 790 V
493 783 501 792 .
526 750 574 791 Ρ.
599 752 922 802 indignissimo
946 751 1102 791 sieruo
1123 762 1181 791 en
1203 750 1402 802 Christo,

1320 892 1551 937 R1PALDA.

219 1104 572 1156 Superscrcptzb
607 1105 657 1144 in
691 1105 845 1145 altera
859 1105 1068 1157 pagina:
1102 1111 1132 1157 †
1156 1106 1306 1159 Jesus.
1346 1106 1406 1147 Al
1439 1118 1552 1159 muy
1585 1106 1687 1147 R.d0
1713 1119 1771 1148 en

135 1175 325 1215 *Christo
348 1174 497 1215 Padre
519 1176 561 1215 61
582 1175 630 1215 Ρ.
654 1176 790 1216 Mtro.
810 1176 992 1227 Ignatio
1018 1176 1074 1217 (16
1095 1176 1288 1228 Loyola‚
1308 1176 1548 1229 Preposito
1566 1177 1770 1218 General

135 1246 196 1285 (16
217 1246 261 1285 la
282 1245 542 1297 Compafiia
566 1247 620 1286 (16
641 1246 791 1299 Jews,
816 1246 981 1288 Roma.

219 1315 330 1356 Alia
360 1328 526 1356 manu:
563 1317 663 1357 1555
692 1317 717 1357 ¹.
756 1317 951 1358 Murcia.
984 1318 1054 1358 De
1093 1317 1290 1370 Ripalda
1320 1319 1370 1359 27
1406 1319 1461 1359 de
1495 1318 1768 1361 Setiembre.

137 1385 245 1426 R.da
272 1390 299 1426 a
319 1386 372 1427 30
393 1387 448 1427 (16
473 1387 620 1428 Abril.
644 1393 672 1437 †

1694 1562 1766 1574 ‘'C—

194 1569 205 1590 ¹
245 1570 344 1598 Prius
357 1571 520 1606 scriptum
535 1575 609 1598 erat
627 1571 703 1606 1556,
720 1572 807 1599 forte
822 1573 900 1606 quia
916 1572 1059 1600 Romam
1075 1580 1114 1600 eo
1131 1580 1218 1600 anno
1234 1577 1451 1608 pervenerat5
1475 1574 1534 1601 sed
1556 1575 1772 1604 emendatum

141 1621 194 1644 est
211 1621 245 1645 et
261 1622 367 1646 reete.

300 3019 355 3058 Τ.
374 3031 431 3058 ul.
1557 3041 1606 3076 43
