2047 3179
261 158 332 195 593
782 160 1008 197 LITTERAE
1026 172 1384 205 QUADRmESTREs
1419 202 1421 204 ,

522 528 805 556 Praecedentium
821 530 989 563 Alphonsi
1005 530 1141 557 Lozano
1158 531 1352 559 litterarum
1367 533 1475 559 latina
1492 533 1605 560 versio
1622 533 1644 558 ⁴·.

1062 774 1103 814 A

1035 934 1132 1013 ulis

338 1112 504 1153 Gratia
528 1120 571 1153 et
594 1125 687 1165 pax
708 1113 899 1154 Domini
920 1115 1069 1154 nostri
1091 1113 1203 1167 Jesu
1224 1114 1399 1156 Christi
1419 1123 1645 1169 perpetuo
1661 1118 1897 1169 praesidio

257 1184 515 1224 nobiscum.
541 1184 709 1225 Amen.

337 1254 456 1296 Cum
477 1255 565 1296 sim
586 1256 863 1308 scripturus,
887 1256 988 1297 Rfst
1015 1256 1083 1307 P.,
1107 1269 1229 1309 quae
1250 1259 1382 1298 lucra
1399 1259 1616 1310 proximo
1634 1260 1894 1311 quadrime-

253 1326 338 1366 stri
368 1326 616 1367 Valentiae
646 1328 798 1368 nostri
827 1328 874 1368 in
905 1328 1094 1369 Christo
1129 1328 1297 1369 fecisse
1331 1329 1566 1381 videntur,
1605 1342 1697 1382 qua
1732 1337 1896 1382 potero

253 1398 501 1449 breuitate,
535 1399 756 1439 exordiar
783 1411 811 1439 a
841 1400 991 1440 nostri
1018 1400 1179 1452 templi
1209 1401 1480 1452 structione,
1506 1402 1552 1441 in
1574 1414 1664 1454 quo
1694 1403 1897 1453 (fauente

253 1468 370 1520 Deo)
394 1470 706 1510 celebrabitur
737 1482 927 1511 sacrum
954 1472 1173 1523 proximo
1200 1471 1321 1512 festo
1349 1471 1624 1513 Natiuitatis
1651 1485 1896 1515 sacrosan-

250 1546 356 1581 ctae
379 1539 596 1593 Virginis
617 1541 813 1592 Mariae,
839 1543 971 1583 cuius
992 1543 1118 1583 fores
1140 1544 1367 1595 patebunt
1398 1545 1595 1596 cunctis,
1620 1552 1717 1586 tam
1737 1547 1894 1587 mulie-

248 1612 394 1664 ribus?
422 1624 564 1664 quam
586 1613 719 1654 viris:
742 1625 860 1665 quos
882 1614 1013 1654 iuxta
1042 1626 1204 1655 eorum
1233 1615 1517 1657 desiderium
1538 1617 1703 1657 eodem
1730 1617 1804 1658 die
1824 1629 1892 1658 sa-

249 1685 506 1724 cramentis
527 1685 956 1736 corroborabimus,
990 1692 1272 1738 caeteraque
1302 1687 1562 1728 ministeria
1589 1689 1740 1729 nostri
1768 1689 1893 1729 insti-

248 1755 336 1796 tuti
358 1755 584 1807 perfacile
606 1757 967 1808 praestabimus:
993 1758 1116 1809 quod
1143 1758 1332 1810 quidem
1353 1766 1657 1811 expectamus
1678 1761 1892 1801 omnibus

247 1826 347 1867 fore
371 1827 712 1878 gratissimum,
736 1834 833 1868 tum
855 1829 1044 1880 nostris,
1069 1830 1148 1881 qui
1179 1829 1369 1870 liberius
1397 1842 1482 1871 sua
1504 1843 1700 1871 munera
1721 1832 1892 1872 submi-

244 1898 528 1950 nistrabunt,
560 1904 659 1940 tum
680 1900 767 1950 his,
793 1900 871 1952 qui
893 1912 979 1940 nos
1006 1900 1220 1952 diligunt.
1251 1901 1288 1941 F
1292 1902 1391 1942 axit
1414 1901 1542 1942 Deus
1573 1903 1776 1955 optimus
1797 1915 1891 1944 ma-

245 1970 399 2010 ximus
422 1971 579 2011 omnia
601 1971 736 2012 nobis
757 1972 1016 2012 secundum
1036 1984 1167 2024 spem
1189 1974 1457 2014 succedere.

324 2041 679 2094 Impedimenta‚
713 2055 833 2095 quae
862 2043 1175 2095 prohibebant
1211 2044 1461 2096 quominus
1490 2054 1652 2086 nostra
1689 2047 1890 2086 ecclesia

244 2111 564 2163 perficeretur,
604 2113 770 2153 Patres
807 2114 1092 2166 reipublicae
1129 2115 1362 2166 (omnibus
1395 2116 1671 2167 perspectis)
1704 2116 1890 2157 auferre

244 2184 543 2235 mandarunt,
581 2186 860 2237 plenamque
899 2187 1171 2227 facultatem
1207 2187 1485 2227 aedificandi
1519 2188 1654 2228 nobis
1690 2188 1891 2240 benigne

244 2255 521 2296 tribuerunt.
548 2256 719 2297 Noster
741 2257 1009 2309 praefectus
1029 2257 1227 2309 Proregi
1249 2259 1316 2298 rei
1335 2265 1500 2309 gestae
1518 2270 1712 2299 causam
1729 2271 1888 2300 narra-

244 2327 324 2377 uit,
351 2327 429 2379 qui
448 2328 492 2368 in
515 2328 730 2368 omnibus
751 2329 1088 2369 humanissime
1110 2341 1213 2370 sese
1235 2336 1452 2380 paratum
1474 2330 1653 2381 obtulit,
1676 2335 1890 2371 nostrum

242 2399 487 2450 negotium
516 2400 768 2452 diligenter
796 2402 998 2441 curauit:
1031 2402 1174 2441 semel
1199 2413 1402 2453 namque
1430 2409 1570 2453 atque
1597 2402 1767 2443 iterum
1798 2401 1889 2443 huc

243 2471 460 2517 accessit,
487 2477 530 2511 et
551 2471 598 2512 id
619 2472 743 2524 quod
764 2473 1083 2524 cupiebamus,
1107 2473 1244 2513 facile
1265 2481 1333 2513 est
1356 2480 1687 2525 consequutus:
1711 2485 1803 2526 quo
1824 2474 1888 2514 fa-

242 2549 335 2591 ct0‚
360 2542 483 2582 idem
512 2543 692 2583 Prorex
723 2555 858 2584 suam
888 2545 1066 2592 (coram
1094 2544 1324 2594 omnibus)
1353 2555 1468 2595 erga
1495 2556 1581 2585 nos
1609 2545 1887 2585 benevolen-

240 2613 356 2653 tiam
379 2614 683 2666 significauit,
707 2615 840 2655 iussit
863 2615 986 2655 enim
1008 2615 1110 2656 dari
1133 2615 1192 2656 ad
1213 2616 1374 2667 templi
1390 2616 1676 2656 erectionem
1690 2628 1785 2656 non
1797 2628 1889 2657 me-

243 2683 453 2724 diocrem
474 2686 822 2726 eleemosinam.

325 2755 455 2796 Haec
478 2763 600 2808 sunt,
625 2756 680 2798 R.
705 2757 772 2808 P„
797 2769 916 2809 quae
939 2758 999 2798 ad
1019 2759 1244 2810 templum
1264 2764 1478 2798 nostrum
1506 2765 1735 2811 spectant.
1769 2759 1887 2801 Tum

300 2941 308 2959 ¹
351 2941 601 2976 Apographum
622 2943 720 2970 unico
742 2943 774 2970 in
799 2942 889 2975 10150,
912 2951 942 2970 n.
968 2943 1029 2973 406.
1046 2944 1089 2970 ab
1105 2951 1143 2970 eo
1166 2948 1360 2977 exaratum,
1377 2944 1430 2978 qui
1455 2944 1486 2971 in
1502 2944 1720 2979 praecedenti
1743 2944 1888 2980 hispano

248 2990 406 3022 exemplo
423 2990 749 3024 superscriptionem
763 2991 937 3025 apposuit.
