<?xml version="1.0" encoding="UTF-8"?>
<!DOCTYPE html PUBLIC "-//W3C//DTD XHTML 1.0 Transitional//EN"
    "http://www.w3.org/TR/xhtml1/DTD/xhtml1-transitional.dtd">
<html xmlns="http://www.w3.org/1999/xhtml" xml:lang="en" lang="en">
 <head>
  <title>
</title>
<meta http-equiv="Content-Type" content="text/html;charset=utf-8" />
  <meta name='ocr-system' content='tesseract 3.04.00' />
  <meta name='ocr-capabilities' content='ocr_page ocr_carea ocr_par ocr_line ocrx_word'/>
</head>
<body>
  <div class='ocr_page' id='page_1' title='image "./litteraequadrime15lain_0157.png"; bbox 0 0 2047 3179; ppageno 0'>
   <div class='ocr_carea' id='block_1_1' title="bbox 974 132 1886 172">
    <p class='ocr_par' dir='ltr' id='par_1_1' title="bbox 974 132 1886 172">
     <span class='ocr_line' id='line_1_1' title="bbox 974 132 1886 172; baseline 0.003 -3"><span class='ocrx_word' id='word_1_1' title='bbox 974 132 1060 170; x_wconf 85' lang='grc' dir='ltr'><strong>ΑΝ.</strong></span> <span class='ocrx_word' id='word_1_2' title='bbox 1091 132 1181 170; x_wconf 72' lang='lat'>1554</span> <span class='ocrx_word' id='word_1_3' title='bbox 1825 138 1886 172; x_wconf 67' lang='lat'><strong>151</strong></span> 
     </span>
    </p>
   </div>
   <div class='ocr_carea' id='block_1_2' title="bbox 224 227 1893 2984">
    <p class='ocr_par' dir='ltr' id='par_1_2' title="bbox 224 227 1893 2984">
     <span class='ocr_line' id='line_1_2' title="bbox 252 227 1893 280; baseline 0.002 -12"><span class='ocrx_word' id='word_1_4' title='bbox 252 227 604 280; x_wconf 70' lang='lat' dir='ltr'><strong>Assumptionis</strong></span> <span class='ocrx_word' id='word_1_5' title='bbox 638 228 689 269; x_wconf 82' lang='grc' dir='ltr'><strong>Β.</strong></span> <span class='ocrx_word' id='word_1_6' title='bbox 713 229 927 280; x_wconf 87' lang='lat' dir='ltr'><strong>Virginis</strong></span> <span class='ocrx_word' id='word_1_7' title='bbox 958 229 1077 269; x_wconf 88' lang='lat' dir='ltr'><strong>festo</strong></span> <span class='ocrx_word' id='word_1_8' title='bbox 1106 229 1430 280; x_wconf 83' lang='lat' dir='ltr'><strong>praedicatum</strong></span> <span class='ocrx_word' id='word_1_9' title='bbox 1466 236 1534 269; x_wconf 88' lang='lat' dir='ltr'><strong>est</strong></span> <span class='ocrx_word' id='word_1_10' title='bbox 1570 230 1615 269; x_wconf 88' lang='lat' dir='ltr'><strong>in</strong></span> <span class='ocrx_word' id='word_1_11' title='bbox 1653 230 1740 270; x_wconf 84' lang='lat' dir='ltr'><strong>hac</strong></span> <span class='ocrx_word' id='word_1_12' title='bbox 1781 233 1893 271; x_wconf 77' lang='lat' dir='ltr'><strong>urbe</strong></span> 
     </span>
     <span class='ocr_line' id='line_1_3' title="bbox 253 299 1893 352; baseline 0.002 -14"><span class='ocrx_word' id='word_1_13' title='bbox 253 311 346 339; x_wconf 82' lang='lat' dir='ltr'><strong>non</strong></span> <span class='ocrx_word' id='word_1_14' title='bbox 366 299 520 340; x_wconf 90' lang='lat' dir='ltr'><strong>minus</strong></span> <span class='ocrx_word' id='word_1_15' title='bbox 548 311 687 352; x_wconf 90' lang='lat' dir='ltr'><strong>quam</strong></span> <span class='ocrx_word' id='word_1_16' title='bbox 709 300 779 340; x_wconf 92' lang='lat' dir='ltr'><strong>bis</strong></span> <span class='ocrx_word' id='word_1_17' title='bbox 810 300 933 339; x_wconf 91' lang='lat' dir='ltr'><strong>mille</strong></span> <span class='ocrx_word' id='word_1_18' title='bbox 959 299 1173 339; x_wconf 88' lang='lat' dir='ltr'><strong>homines</strong></span> <span class='ocrx_word' id='word_1_19' title='bbox 1195 299 1522 340; x_wconf 76' lang='lat' dir='ltr'>Eucharistiae</span> <span class='ocrx_word' id='word_1_20' title='bbox 1545 309 1893 342; x_wconf 83' lang='lat' dir='ltr'><strong>sacramentum</strong></span> 
     </span>
     <span class='ocr_line' id='line_1_4' title="bbox 253 369 1891 422; baseline 0.003 -14"><span class='ocrx_word' id='word_1_21' title='bbox 253 370 523 421; x_wconf 84' lang='lat' dir='ltr'><strong>sumpsisse.</strong></span> <span class='ocrx_word' id='word_1_22' title='bbox 547 371 753 422; x_wconf 79' lang='lat' dir='ltr'><strong>Sumpsit</strong></span> <span class='ocrx_word' id='word_1_23' title='bbox 780 376 823 411; x_wconf 92' lang='lat' dir='ltr'><strong>et</strong></span> <span class='ocrx_word' id='word_1_24' title='bbox 858 369 1035 410; x_wconf 84' lang='lat' dir='ltr'><strong>Prorex</strong></span> <span class='ocrx_word' id='word_1_25' title='bbox 1066 382 1121 410; x_wconf 90' lang='lat' dir='ltr'><strong>ea</strong></span> <span class='ocrx_word' id='word_1_26' title='bbox 1151 370 1239 420; x_wconf 84' lang='lat' dir='ltr'><strong>die,</strong></span> <span class='ocrx_word' id='word_1_27' title='bbox 1273 370 1350 421; x_wconf 87' lang='lat' dir='ltr'><strong>qui</strong></span> <span class='ocrx_word' id='word_1_28' title='bbox 1372 370 1512 410; x_wconf 89' lang='lat' dir='ltr'><strong>etiam</strong></span> <span class='ocrx_word' id='word_1_29' title='bbox 1539 370 1639 410; x_wconf 71' lang='lat' dir='ltr'><strong>Rdo</strong></span> <span class='ocrx_word' id='word_1_30' title='bbox 1662 371 1709 410; x_wconf 84' lang='lat' dir='ltr'><strong>P.</strong></span> <span class='ocrx_word' id='word_1_31' title='bbox 1748 371 1891 412; x_wconf 83' lang='lat' dir='ltr'><strong>Anto-</strong></span> 
     </span>
     <span class='ocr_line' id='line_1_5' title="bbox 249 441 1889 494; baseline 0.001 -13"><span class='ocrx_word' id='word_1_32' title='bbox 249 441 328 481; x_wconf 88' lang='lat' dir='ltr'><strong>nio</strong></span> <span class='ocrx_word' id='word_1_33' title='bbox 350 441 490 491; x_wconf 86' lang='lat' dir='ltr'><strong>Vink,</strong></span> <span class='ocrx_word' id='word_1_34' title='bbox 514 449 763 494; x_wconf 87' lang='lat' dir='ltr'><strong>propterea</strong></span> <span class='ocrx_word' id='word_1_35' title='bbox 785 442 907 493; x_wconf 92' lang='lat' dir='ltr'><strong>quod</strong></span> <span class='ocrx_word' id='word_1_36' title='bbox 937 441 991 482; x_wconf 80' lang='lat' dir='ltr'><strong>R,</strong></span> <span class='ocrx_word' id='word_1_37' title='bbox 1025 441 1075 481; x_wconf 88' lang='grc' dir='ltr'><strong>Ρ.</strong></span> <span class='ocrx_word' id='word_1_38' title='bbox 1098 441 1400 493; x_wconf 85' lang='lat' dir='ltr'><strong>Praepositus</strong></span> <span class='ocrx_word' id='word_1_39' title='bbox 1436 442 1612 491; x_wconf 87' lang='lat' dir='ltr'><strong>aberat,</strong></span> <span class='ocrx_word' id='word_1_40' title='bbox 1646 443 1889 483; x_wconf 85' lang='lat' dir='ltr'><strong>confessus</strong></span> 
     </span>
     <span class='ocr_line' id='line_1_6' title="bbox 252 512 1889 565; baseline 0.001 -14"><span class='ocrx_word' id='word_1_41' title='bbox 252 518 336 552; x_wconf 86' lang='lat' dir='ltr'><strong>est.</strong></span> <span class='ocrx_word' id='word_1_42' title='bbox 359 512 684 554; x_wconf 84' lang='lat' dir='ltr'><strong>Ferdinandus</strong></span> <span class='ocrx_word' id='word_1_43' title='bbox 706 525 905 565; x_wconf 90' lang='lat' dir='ltr'><strong>quoque,</strong></span> <span class='ocrx_word' id='word_1_44' title='bbox 924 513 1024 553; x_wconf 82' lang='lat' dir='ltr'><strong>eius</strong></span> <span class='ocrx_word' id='word_1_45' title='bbox 1043 512 1204 563; x_wconf 84' lang='lat' dir='ltr'><strong>frater,</strong></span> <span class='ocrx_word' id='word_1_46' title='bbox 1225 512 1474 553; x_wconf 88' lang='lat' dir='ltr'><strong>confitendi</strong></span> <span class='ocrx_word' id='word_1_47' title='bbox 1496 514 1889 554; x_wconf 79' lang='lat' dir='ltr'><strong>communicandi-</strong></span> 
     </span>
     <span class='ocr_line' id='line_1_7' title="bbox 251 571 1890 636; baseline 0.002 -15"><span class='ocrx_word' id='word_1_48' title='bbox 251 594 339 633; x_wconf 78' lang='lat' dir='ltr'><strong>que</strong></span> <span class='ocrx_word' id='word_1_49' title='bbox 362 595 503 623; x_wconf 87' lang='lat' dir='ltr'><strong>causa</strong></span> <span class='ocrx_word' id='word_1_50' title='bbox 525 583 584 623; x_wconf 88' lang='lat' dir='ltr'><strong>ad</strong></span> <span class='ocrx_word' id='word_1_51' title='bbox 607 585 854 635; x_wconf 77' lang='lat' dir='ltr'>collegium</span> <span class='ocrx_word' id='word_1_52' title='bbox 882 590 1095 624; x_wconf 90' lang='lat' dir='ltr'><strong>nostrum</strong></span> <span class='ocrx_word' id='word_1_53' title='bbox 1123 584 1287 624; x_wconf 89' lang='lat' dir='ltr'><strong>eadem</strong></span> <span class='ocrx_word' id='word_1_54' title='bbox 1314 595 1363 623; x_wconf 88' lang='lat' dir='ltr'><strong>se</strong></span> <span class='ocrx_word' id='word_1_55' title='bbox 1392 584 1464 624; x_wconf 91' lang='lat' dir='ltr'><strong>die</strong></span> <span class='ocrx_word' id='word_1_56' title='bbox 1497 571 1704 624; x_wconf 73' lang='lat' dir='ltr'><strong>contulit.</strong></span> <span class='ocrx_word' id='word_1_57' title='bbox 1730 584 1890 636; x_wconf 81' lang='lat' dir='ltr'><strong>Neque</strong></span> 
     </span>
     <span class='ocr_line' id='line_1_8' title="bbox 250 655 1888 707; baseline 0.001 -14"><span class='ocrx_word' id='word_1_58' title='bbox 250 665 362 693; x_wconf 89' lang='lat' dir='ltr'><strong>uero</strong></span> <span class='ocrx_word' id='word_1_59' title='bbox 383 665 532 704; x_wconf 89' lang='lat' dir='ltr'><strong>parua</strong></span> <span class='ocrx_word' id='word_1_60' title='bbox 563 655 609 695; x_wconf 94' lang='lat' dir='ltr'><strong>in</strong></span> <span class='ocrx_word' id='word_1_61' title='bbox 630 655 863 707; x_wconf 87' lang='lat' dir='ltr'><strong>plerisque</strong></span> <span class='ocrx_word' id='word_1_62' title='bbox 885 666 1061 705; x_wconf 88' lang='lat' dir='ltr'><strong>eorum,</strong></span> <span class='ocrx_word' id='word_1_63' title='bbox 1085 655 1161 706; x_wconf 86' lang='lat' dir='ltr'><strong>qui</strong></span> <span class='ocrx_word' id='word_1_64' title='bbox 1184 655 1358 694; x_wconf 90' lang='lat' dir='ltr'><strong>nostris</strong></span> <span class='ocrx_word' id='word_1_65' title='bbox 1381 655 1676 705; x_wconf 85' lang='lat' dir='ltr'><strong>confitentur,</strong></span> <span class='ocrx_word' id='word_1_66' title='bbox 1701 656 1888 696; x_wconf 90' lang='lat' dir='ltr'><strong>deuotio</strong></span> 
     </span>
     <span class='ocr_line' id='line_1_9' title="bbox 249 725 1889 777; baseline 0.002 -13"><span class='ocrx_word' id='word_1_67' title='bbox 249 725 469 765; x_wconf 87' lang='lat' dir='ltr'><strong>cernitur.</strong></span> <span class='ocrx_word' id='word_1_68' title='bbox 493 725 627 766; x_wconf 90' lang='lat' dir='ltr'><strong>Hanc</strong></span> <span class='ocrx_word' id='word_1_69' title='bbox 648 727 770 766; x_wconf 91' lang='lat' dir='ltr'><strong>enim</strong></span> <span class='ocrx_word' id='word_1_70' title='bbox 792 732 835 766; x_wconf 91' lang='lat' dir='ltr'><strong>et</strong></span> <span class='ocrx_word' id='word_1_71' title='bbox 858 726 1146 777; x_wconf 84' lang='lat' dir='ltr'><strong>lachrymae,</strong></span> <span class='ocrx_word' id='word_1_72' title='bbox 1178 732 1221 765; x_wconf 94' lang='lat' dir='ltr'><strong>et</strong></span> <span class='ocrx_word' id='word_1_73' title='bbox 1244 726 1444 776; x_wconf 87' lang='lat' dir='ltr'><strong>habitus,</strong></span> <span class='ocrx_word' id='word_1_74' title='bbox 1469 733 1513 765; x_wconf 89' lang='lat' dir='ltr'><strong>et</strong></span> <span class='ocrx_word' id='word_1_75' title='bbox 1543 727 1772 777; x_wconf 77' lang='lat' dir='ltr'><strong>imprimis</strong></span> <span class='ocrx_word' id='word_1_76' title='bbox 1795 736 1889 767; x_wconf 89' lang='lat' dir='ltr'><strong>mu·</strong></span> 
     </span>
     <span class='ocr_line' id='line_1_10' title="bbox 247 795 1886 848; baseline 0.002 -14"><span class='ocrx_word' id='word_1_77' title='bbox 247 796 331 835; x_wconf 85' lang='lat' dir='ltr'><strong>tati</strong></span> <span class='ocrx_word' id='word_1_78' title='bbox 355 807 524 846; x_wconf 89' lang='lat' dir='ltr'><strong>mores,</strong></span> <span class='ocrx_word' id='word_1_79' title='bbox 549 797 812 837; x_wconf 89' lang='lat' dir='ltr'><strong>ostendunt.</strong></span> <span class='ocrx_word' id='word_1_80' title='bbox 836 795 955 836; x_wconf 90' lang='lat' dir='ltr'><strong>Nam</strong></span> <span class='ocrx_word' id='word_1_81' title='bbox 977 803 1084 836; x_wconf 88' lang='lat' dir='ltr'><strong>sunt</strong></span> <span class='ocrx_word' id='word_1_82' title='bbox 1107 797 1273 848; x_wconf 88' lang='lat' dir='ltr'><strong>quibus</strong></span> <span class='ocrx_word' id='word_1_83' title='bbox 1302 809 1327 836; x_wconf 87' lang='lat' dir='ltr'><strong>a</strong></span> <span class='ocrx_word' id='word_1_84' title='bbox 1350 797 1557 848; x_wconf 88' lang='lat' dir='ltr'><strong>peccatis</strong></span> <span class='ocrx_word' id='word_1_85' title='bbox 1581 797 1652 845; x_wconf 86' lang='lat' dir='ltr'><strong>(de</strong></span> <span class='ocrx_word' id='word_1_86' title='bbox 1683 799 1886 838; x_wconf 87' lang='lat' dir='ltr'><strong>mortali-</strong></span> 
     </span>
     <span class='ocr_line' id='line_1_11' title="bbox 249 866 1887 920; baseline 0.003 -16"><span class='ocrx_word' id='word_1_87' title='bbox 249 866 333 905; x_wconf 83' lang='lat' dir='ltr'><strong>bus</strong></span> <span class='ocrx_word' id='word_1_88' title='bbox 366 867 545 918; x_wconf 88' lang='lat' dir='ltr'><strong>loquor)</strong></span> <span class='ocrx_word' id='word_1_89' title='bbox 575 868 848 908; x_wconf 76' lang='lat' dir='ltr'><strong>discessisse</strong></span> <span class='ocrx_word' id='word_1_90' title='bbox 877 879 970 907; x_wconf 93' lang='lat' dir='ltr'><strong>non</strong></span> <span class='ocrx_word' id='word_1_91' title='bbox 998 875 1068 907; x_wconf 90' lang='lat' dir='ltr'><strong>est</strong></span> <span class='ocrx_word' id='word_1_92' title='bbox 1100 868 1231 915; x_wconf 84' lang='lat' dir='ltr'><strong>satis;</strong></span> <span class='ocrx_word' id='word_1_93' title='bbox 1267 868 1326 908; x_wconf 91' lang='lat' dir='ltr'><strong>ad</strong></span> <span class='ocrx_word' id='word_1_94' title='bbox 1363 868 1708 919; x_wconf 86' lang='lat' dir='ltr'><strong>assequendum</strong></span> <span class='ocrx_word' id='word_1_95' title='bbox 1743 869 1887 920; x_wconf 83' lang='lat' dir='ltr'><strong>perfe-</strong></span> 
     </span>
     <span class='ocr_line' id='line_1_12' title="bbox 248 937 1888 990; baseline 0.002 -14"><span class='ocrx_word' id='word_1_96' title='bbox 248 937 417 977; x_wconf 74' lang='lat' dir='ltr'><strong>ctionis</strong></span> <span class='ocrx_word' id='word_1_97' title='bbox 447 939 644 990; x_wconf 87' lang='lat' dir='ltr'><strong>apicem,</strong></span> <span class='ocrx_word' id='word_1_98' title='bbox 676 951 769 979; x_wconf 92' lang='lat' dir='ltr'><strong>non</strong></span> <span class='ocrx_word' id='word_1_99' title='bbox 795 938 985 990; x_wconf 88' lang='lat' dir='ltr'><strong>segnius</strong></span> <span class='ocrx_word' id='word_1_100' title='bbox 1007 950 1148 989; x_wconf 82' lang='lat' dir='ltr'><strong>quam</strong></span> <span class='ocrx_word' id='word_1_101' title='bbox 1170 939 1247 989; x_wconf 83' lang='lat' dir='ltr'><strong>qui</strong></span> <span class='ocrx_word' id='word_1_102' title='bbox 1278 939 1323 978; x_wconf 93' lang='lat' dir='ltr'><strong>in</strong></span> <span class='ocrx_word' id='word_1_103' title='bbox 1354 939 1652 979; x_wconf 86' lang='lat' dir='ltr'><strong>monasteriis</strong></span> <span class='ocrx_word' id='word_1_104' title='bbox 1682 940 1888 990; x_wconf 77' lang='lat' dir='ltr'><strong>perfecte</strong></span> 
     </span>
     <span class='ocr_line' id='line_1_13' title="bbox 246 1008 1885 1062; baseline 0.002 -14"><span class='ocrx_word' id='word_1_105' title='bbox 246 1008 426 1056; x_wconf 91' lang='lat' dir='ltr'><strong>uiuunt,</strong></span> <span class='ocrx_word' id='word_1_106' title='bbox 451 1010 676 1060; x_wconf 86' lang='lat' dir='ltr'><strong>aspirant,</strong></span> <span class='ocrx_word' id='word_1_107' title='bbox 700 1016 749 1050; x_wconf 93' lang='lat' dir='ltr'><strong>ut</strong></span> <span class='ocrx_word' id='word_1_108' title='bbox 770 1021 860 1062; x_wconf 86' lang='lat' dir='ltr'><strong>qua</strong></span> <span class='ocrx_word' id='word_1_109' title='bbox 882 1021 932 1050; x_wconf 90' lang='lat' dir='ltr'><strong>re</strong></span> <span class='ocrx_word' id='word_1_110' title='bbox 953 1021 1002 1049; x_wconf 90' lang='lat' dir='ltr'><strong>se</strong></span> <span class='ocrx_word' id='word_1_111' title='bbox 1020 1009 1120 1049; x_wconf 92' lang='lat' dir='ltr'><strong>Deo</strong></span> <span class='ocrx_word' id='word_1_112' title='bbox 1138 1010 1346 1049; x_wconf 88' lang='lat' dir='ltr'><strong>cariores</strong></span> <span class='ocrx_word' id='word_1_113' title='bbox 1363 1009 1462 1050; x_wconf 86' lang='lat' dir='ltr'><strong>fore</strong></span> <span class='ocrx_word' id='word_1_114' title='bbox 1480 1010 1758 1061; x_wconf 77' lang='lat' dir='ltr'><strong>intelligant,</strong></span> <span class='ocrx_word' id='word_1_115' title='bbox 1782 1023 1885 1052; x_wconf 89' lang='lat' dir='ltr'><strong>eam</strong></span> 
     </span>
     <span class='ocr_line' id='line_1_14' title="bbox 246 1079 1885 1132; baseline 0.002 -14"><span class='ocrx_word' id='word_1_116' title='bbox 246 1079 504 1130; x_wconf 87' lang='lat' dir='ltr'><strong>perficiant,</strong></span> <span class='ocrx_word' id='word_1_117' title='bbox 535 1081 647 1120; x_wconf 91' lang='lat' dir='ltr'><strong>uelit</strong></span> <span class='ocrx_word' id='word_1_118' title='bbox 674 1081 788 1121; x_wconf 90' lang='lat' dir='ltr'><strong>nolit</strong></span> <span class='ocrx_word' id='word_1_119' title='bbox 815 1080 1015 1120; x_wconf 87' lang='lat' dir='ltr'><strong>mundus</strong></span> <span class='ocrx_word' id='word_1_120' title='bbox 1044 1087 1124 1120; x_wconf 90' lang='lat' dir='ltr'><strong>aut</strong></span> <span class='ocrx_word' id='word_1_121' title='bbox 1159 1092 1287 1120; x_wconf 90' lang='lat' dir='ltr'><strong>caro.</strong></span> <span class='ocrx_word' id='word_1_122' title='bbox 1319 1080 1436 1129; x_wconf 91' lang='lat' dir='ltr'><strong>Hoc,</strong></span> <span class='ocrx_word' id='word_1_123' title='bbox 1461 1081 1569 1132; x_wconf 88' lang='lat' dir='ltr'><strong>quia</strong></span> <span class='ocrx_word' id='word_1_124' title='bbox 1592 1093 1684 1121; x_wconf 90' lang='lat' dir='ltr'><strong>non</strong></span> <span class='ocrx_word' id='word_1_125' title='bbox 1715 1082 1771 1122; x_wconf 92' lang='lat' dir='ltr'><strong>de</strong></span> <span class='ocrx_word' id='word_1_126' title='bbox 1793 1094 1885 1122; x_wconf 92' lang='lat' dir='ltr'><strong>uno</strong></span> 
     </span>
     <span class='ocr_line' id='line_1_15' title="bbox 246 1151 1879 1202; baseline 0.002 -12"><span class='ocrx_word' id='word_1_127' title='bbox 246 1157 325 1190; x_wconf 90' lang='lat' dir='ltr'><strong>aut</strong></span> <span class='ocrx_word' id='word_1_128' title='bbox 354 1151 501 1191; x_wconf 87' lang='lat' dir='ltr'><strong>altero</strong></span> <span class='ocrx_word' id='word_1_129' title='bbox 528 1163 691 1192; x_wconf 88' lang='lat' dir='ltr'><strong>uerum</strong></span> <span class='ocrx_word' id='word_1_130' title='bbox 723 1158 806 1200; x_wconf 90' lang='lat' dir='ltr'><strong>est,</strong></span> <span class='ocrx_word' id='word_1_131' title='bbox 837 1164 930 1192; x_wconf 88' lang='lat' dir='ltr'><strong>non</strong></span> <span class='ocrx_word' id='word_1_132' title='bbox 952 1158 1080 1192; x_wconf 87' lang='lat' dir='ltr'><strong>tento</strong></span> <span class='ocrx_word' id='word_1_133' title='bbox 1111 1152 1355 1202; x_wconf 76' lang='lat' dir='ltr'><strong>sigillatim</strong></span> <span class='ocrx_word' id='word_1_134' title='bbox 1377 1152 1547 1192; x_wconf 87' lang='lat' dir='ltr'><strong>dicere.</strong></span> <span class='ocrx_word' id='word_1_135' title='bbox 1572 1152 1687 1193; x_wconf 83' lang='lat' dir='ltr'><strong>[llud</strong></span> <span class='ocrx_word' id='word_1_136' title='bbox 1709 1153 1879 1194; x_wconf 88' lang='lat' dir='ltr'><strong>habeto</strong></span> 
     </span>
     <span class='ocr_line' id='line_1_16' title="bbox 245 1221 1885 1274; baseline 0.002 -13"><span class='ocrx_word' id='word_1_137' title='bbox 245 1221 300 1261; x_wconf 85' lang='lat' dir='ltr'><strong>R.</strong></span> <span class='ocrx_word' id='word_1_138' title='bbox 338 1221 387 1261; x_wconf 83' lang='lat' dir='ltr'><strong>P.</strong></span> <span class='ocrx_word' id='word_1_139' title='bbox 424 1223 471 1262; x_wconf 90' lang='lat' dir='ltr'><strong>in</strong></span> <span class='ocrx_word' id='word_1_140' title='bbox 504 1223 773 1263; x_wconf 88' lang='lat' dir='ltr'><strong>uniuersum</strong></span> <span class='ocrx_word' id='word_1_141' title='bbox 800 1235 893 1263; x_wconf 90' lang='lat' dir='ltr'><strong>non</strong></span> <span class='ocrx_word' id='word_1_142' title='bbox 923 1235 1099 1274; x_wconf 87' lang='lat' dir='ltr'><strong>paucos</strong></span> <span class='ocrx_word' id='word_1_143' title='bbox 1129 1235 1248 1271; x_wconf 86' lang='lat' dir='ltr'><strong>esse,</strong></span> <span class='ocrx_word' id='word_1_144' title='bbox 1287 1229 1331 1263; x_wconf 92' lang='lat' dir='ltr'><strong>et</strong></span> <span class='ocrx_word' id='word_1_145' title='bbox 1366 1235 1447 1263; x_wconf 89' lang='lat' dir='ltr'><strong>eos</strong></span> <span class='ocrx_word' id='word_1_146' title='bbox 1479 1224 1761 1264; x_wconf 88' lang='lat' dir='ltr'><strong>conditionis</strong></span> <span class='ocrx_word' id='word_1_147' title='bbox 1791 1237 1885 1265; x_wconf 92' lang='lat' dir='ltr'><strong>non</strong></span> 
     </span>
     <span class='ocr_line' id='line_1_17' title="bbox 245 1292 1884 1346; baseline 0.002 -13"><span class='ocrx_word' id='word_1_148' title='bbox 245 1292 446 1344; x_wconf 86' lang='lat' dir='ltr'><strong>infimae,</strong></span> <span class='ocrx_word' id='word_1_149' title='bbox 470 1294 651 1345; x_wconf 88' lang='lat' dir='ltr'><strong>quibus,</strong></span> <span class='ocrx_word' id='word_1_150' title='bbox 676 1295 715 1334; x_wconf 94' lang='lat' dir='ltr'><strong>si</strong></span> <span class='ocrx_word' id='word_1_151' title='bbox 736 1294 844 1345; x_wconf 87' lang='lat' dir='ltr'><strong>quid</strong></span> <span class='ocrx_word' id='word_1_152' title='bbox 866 1294 1051 1334; x_wconf 87' lang='lat' dir='ltr'><strong>aduersi</strong></span> <span class='ocrx_word' id='word_1_153' title='bbox 1075 1294 1315 1345; x_wconf 87' lang='lat' dir='ltr'><strong>acciderit,</strong></span> <span class='ocrx_word' id='word_1_154' title='bbox 1342 1295 1381 1334; x_wconf 90' lang='lat' dir='ltr'><strong>si</strong></span> <span class='ocrx_word' id='word_1_155' title='bbox 1402 1302 1623 1346; x_wconf 88' lang='lat' dir='ltr'><strong>aegrotos</strong></span> <span class='ocrx_word' id='word_1_156' title='bbox 1654 1307 1757 1336; x_wconf 90' lang='lat' dir='ltr'><strong>esse</strong></span> <span class='ocrx_word' id='word_1_157' title='bbox 1778 1307 1884 1336; x_wconf 89' lang='lat' dir='ltr'><strong>con-</strong></span> 
     </span>
     <span class='ocr_line' id='line_1_18' title="bbox 245 1364 1883 1415; baseline 0.002 -11"><span class='ocrx_word' id='word_1_158' title='bbox 245 1364 417 1415; x_wconf 89' lang='lat' dir='ltr'><strong>tigerit,</strong></span> <span class='ocrx_word' id='word_1_159' title='bbox 448 1365 615 1405; x_wconf 84' lang='lat' dir='ltr'><strong>maiori</strong></span> <span class='ocrx_word' id='word_1_160' title='bbox 643 1377 692 1405; x_wconf 89' lang='lat' dir='ltr'><strong>se</strong></span> <span class='ocrx_word' id='word_1_161' title='bbox 722 1366 866 1405; x_wconf 87' lang='lat' dir='ltr'><strong>animi</strong></span> <span class='ocrx_word' id='word_1_162' title='bbox 893 1365 1174 1405; x_wconf 75' lang='lat' dir='ltr'><strong>liberalitate</strong></span> <span class='ocrx_word' id='word_1_163' title='bbox 1205 1373 1249 1405; x_wconf 90' lang='lat' dir='ltr'><strong>et</strong></span> <span class='ocrx_word' id='word_1_164' title='bbox 1285 1365 1521 1406; x_wconf 72' lang='lat' dir='ltr'><strong>hilaritate</strong></span> <span class='ocrx_word' id='word_1_165' title='bbox 1554 1366 1655 1406; x_wconf 82' lang='lat' dir='ltr'><strong>Deo</strong></span> <span class='ocrx_word' id='word_1_166' title='bbox 1683 1366 1883 1408; x_wconf 89' lang='lat' dir='ltr'><strong>offerant</strong></span> 
     </span>
     <span class='ocr_line' id='line_1_19' title="bbox 243 1435 1884 1490; baseline 0.002 -15"><span class='ocrx_word' id='word_1_167' title='bbox 243 1447 382 1487; x_wconf 88' lang='lat' dir='ltr'><strong>quam</strong></span> <span class='ocrx_word' id='word_1_168' title='bbox 411 1435 566 1476; x_wconf 84' lang='lat' dir='ltr'><strong>dicere</strong></span> <span class='ocrx_word' id='word_1_169' title='bbox 593 1436 782 1487; x_wconf 89' lang='lat' dir='ltr'><strong>possim.</strong></span> <span class='ocrx_word' id='word_1_170' title='bbox 810 1436 912 1487; x_wconf 84' lang='lat' dir='ltr'><strong>Quo</strong></span> <span class='ocrx_word' id='word_1_171' title='bbox 935 1436 1088 1477; x_wconf 90' lang='lat' dir='ltr'><strong>minus</strong></span> <span class='ocrx_word' id='word_1_172' title='bbox 1112 1436 1314 1477; x_wconf 85' lang='lat' dir='ltr'><strong>fortasse</strong></span> <span class='ocrx_word' id='word_1_173' title='bbox 1345 1437 1458 1477; x_wconf 91' lang='lat' dir='ltr'><strong>illud</strong></span> <span class='ocrx_word' id='word_1_174' title='bbox 1480 1438 1728 1489; x_wconf 89' lang='lat' dir='ltr'><strong>uidebitur,</strong></span> <span class='ocrx_word' id='word_1_175' title='bbox 1760 1439 1884 1490; x_wconf 88' lang='lat' dir='ltr'><strong>quod</strong></span> 
     </span>
     <span class='ocr_line' id='line_1_20' title="bbox 242 1507 1883 1559; baseline 0.002 -13"><span class='ocrx_word' id='word_1_176' title='bbox 242 1513 401 1547; x_wconf 87' lang='lat' dir='ltr'><strong>tamen</strong></span> <span class='ocrx_word' id='word_1_177' title='bbox 429 1513 498 1547; x_wconf 91' lang='lat' dir='ltr'><strong>est</strong></span> <span class='ocrx_word' id='word_1_178' title='bbox 525 1507 772 1547; x_wconf 83' lang='lat' dir='ltr'><strong>Messanae</strong></span> <span class='ocrx_word' id='word_1_179' title='bbox 800 1519 1039 1559; x_wconf 86' lang='lat' dir='ltr'><strong>magnum,</strong></span> <span class='ocrx_word' id='word_1_180' title='bbox 1070 1508 1248 1548; x_wconf 88' lang='lat' dir='ltr'><strong>nobiles</strong></span> <span class='ocrx_word' id='word_1_181' title='bbox 1280 1515 1520 1548; x_wconf 88' lang='lat' dir='ltr'><strong>matronas</strong></span> <span class='ocrx_word' id='word_1_182' title='bbox 1547 1509 1639 1549; x_wconf 89' lang='lat' dir='ltr'><strong>iam</strong></span> <span class='ocrx_word' id='word_1_183' title='bbox 1662 1509 1883 1550; x_wconf 85' lang='lat' dir='ltr'><strong>didicisse</strong></span> 
     </span>
     <span class='ocr_line' id='line_1_21' title="bbox 241 1579 1884 1632; baseline 0.002 -15"><span class='ocrx_word' id='word_1_184' title='bbox 241 1589 435 1617; x_wconf 91' lang='lat' dir='ltr'><strong>suorum</strong></span> <span class='ocrx_word' id='word_1_185' title='bbox 469 1584 666 1618; x_wconf 89' lang='lat' dir='ltr'><strong>mortem</strong></span> <span class='ocrx_word' id='word_1_186' title='bbox 701 1579 941 1620; x_wconf 87' lang='lat' dir='ltr'><strong>moderate</strong></span> <span class='ocrx_word' id='word_1_187' title='bbox 975 1579 1112 1629; x_wconf 88' lang='lat' dir='ltr'><strong>ferre,</strong></span> <span class='ocrx_word' id='word_1_188' title='bbox 1150 1591 1298 1630; x_wconf 88' lang='lat' dir='ltr'><strong>eaque</strong></span> <span class='ocrx_word' id='word_1_189' title='bbox 1329 1579 1485 1620; x_wconf 85' lang='lat' dir='ltr'><strong>facere</strong></span> <span class='ocrx_word' id='word_1_190' title='bbox 1518 1581 1726 1631; x_wconf 90' lang='lat' dir='ltr'><strong>desiisse,</strong></span> <span class='ocrx_word' id='word_1_191' title='bbox 1764 1593 1884 1632; x_wconf 89' lang='lat' dir='ltr'><strong>quae</strong></span> 
     </span>
     <span class='ocr_line' id='line_1_22' title="bbox 241 1649 1877 1702; baseline 0.002 -14"><span class='ocrx_word' id='word_1_192' title='bbox 241 1649 372 1688; x_wconf 89' lang='lat' dir='ltr'><strong>urbis</strong></span> <span class='ocrx_word' id='word_1_193' title='bbox 403 1649 540 1689; x_wconf 90' lang='lat' dir='ltr'><strong>huius</strong></span> <span class='ocrx_word' id='word_1_194' title='bbox 571 1661 715 1697; x_wconf 89' lang='lat' dir='ltr'><strong>more,</strong></span> <span class='ocrx_word' id='word_1_195' title='bbox 747 1655 796 1690; x_wconf 87' lang='lat' dir='ltr'><strong>ut</strong></span> <span class='ocrx_word' id='word_1_196' title='bbox 827 1650 1084 1700; x_wconf 88' lang='lat' dir='ltr'><strong>tritissimo,</strong></span> <span class='ocrx_word' id='word_1_197' title='bbox 1123 1651 1185 1690; x_wconf 88' lang='lat' dir='ltr'><strong>ita</strong></span> <span class='ocrx_word' id='word_1_198' title='bbox 1217 1658 1261 1690; x_wconf 90' lang='lat' dir='ltr'><strong>et</strong></span> <span class='ocrx_word' id='word_1_199' title='bbox 1290 1651 1577 1702; x_wconf 87' lang='lat' dir='ltr'><strong>turpissimo,</strong></span> <span class='ocrx_word' id='word_1_200' title='bbox 1603 1658 1739 1692; x_wconf 86' lang='lat' dir='ltr'><strong>antea</strong></span> <span class='ocrx_word' id='word_1_201' title='bbox 1763 1654 1877 1692; x_wconf 90' lang='lat' dir='ltr'><strong>sole-</strong></span> 
     </span>
     <span class='ocr_line' id='line_1_23' title="bbox 241 1720 1880 1774; baseline 0.002 -15"><span class='ocrx_word' id='word_1_202' title='bbox 241 1720 367 1770; x_wconf 87' lang='lat' dir='ltr'><strong>bant,</strong></span> <span class='ocrx_word' id='word_1_203' title='bbox 392 1732 499 1760; x_wconf 93' lang='lat' dir='ltr'><strong>cum</strong></span> <span class='ocrx_word' id='word_1_204' title='bbox 520 1721 622 1772; x_wconf 90' lang='lat' dir='ltr'><strong>quis</strong></span> <span class='ocrx_word' id='word_1_205' title='bbox 653 1732 815 1761; x_wconf 91' lang='lat' dir='ltr'><strong>eorum</strong></span> <span class='ocrx_word' id='word_1_206' title='bbox 837 1721 1131 1762; x_wconf 88' lang='lat' dir='ltr'><strong>decessisset.</strong></span> <span class='ocrx_word' id='word_1_207' title='bbox 1163 1722 1220 1762; x_wconf 88' lang='lat' dir='ltr'><strong>Et</strong></span> <span class='ocrx_word' id='word_1_208' title='bbox 1243 1733 1528 1773; x_wconf 85' lang='lat' dir='ltr'><strong>quamquam</strong></span> <span class='ocrx_word' id='word_1_209' title='bbox 1556 1734 1880 1774; x_wconf 83' lang='lat' dir='ltr'><strong>properamus,</strong></span> 
     </span>
     <span class='ocr_line' id='line_1_24' title="bbox 241 1792 1883 1844; baseline 0.002 -13"><span class='ocrx_word' id='word_1_210' title='bbox 241 1792 351 1832; x_wconf 86' lang='lat' dir='ltr'><strong>audi</strong></span> <span class='ocrx_word' id='word_1_211' title='bbox 370 1797 542 1842; x_wconf 82' lang='lat' dir='ltr'><strong>tamen,</strong></span> <span class='ocrx_word' id='word_1_212' title='bbox 567 1792 605 1832; x_wconf 92' lang='lat' dir='ltr'><strong>si</strong></span> <span class='ocrx_word' id='word_1_213' title='bbox 626 1793 793 1844; x_wconf 83' lang='lat' dir='ltr'><strong>placet,</strong></span> <span class='ocrx_word' id='word_1_214' title='bbox 813 1793 949 1833; x_wconf 87' lang='lat' dir='ltr'><strong>unius</strong></span> <span class='ocrx_word' id='word_1_215' title='bbox 966 1794 1268 1833; x_wconf 87' lang='lat' dir='ltr'><strong>mulierculae</strong></span> <span class='ocrx_word' id='word_1_216' title='bbox 1286 1794 1615 1834; x_wconf 84' lang='lat' dir='ltr'><strong>constantiam.</strong></span> <span class='ocrx_word' id='word_1_217' title='bbox 1635 1794 1749 1835; x_wconf 88' lang='lat' dir='ltr'><strong>Erat</strong></span> <span class='ocrx_word' id='word_1_218' title='bbox 1766 1795 1883 1835; x_wconf 89' lang='lat' dir='ltr'><strong>haec</strong></span> 
     </span>
     <span class='ocr_line' id='line_1_25' title="bbox 240 1863 1882 1917; baseline 0.001 -15"><span class='ocrx_word' id='word_1_219' title='bbox 240 1863 286 1902; x_wconf 88' lang='lat' dir='ltr'><strong>in</strong></span> <span class='ocrx_word' id='word_1_220' title='bbox 308 1864 421 1903; x_wconf 89' lang='lat' dir='ltr'><strong>urbe</strong></span> <span class='ocrx_word' id='word_1_221' title='bbox 443 1876 536 1903; x_wconf 88' lang='lat' dir='ltr'><strong>non</strong></span> <span class='ocrx_word' id='word_1_222' title='bbox 558 1864 736 1915; x_wconf 89' lang='lat' dir='ltr'><strong>ignota,</strong></span> <span class='ocrx_word' id='word_1_223' title='bbox 762 1876 896 1916; x_wconf 87' lang='lat' dir='ltr'><strong>quae,</strong></span> <span class='ocrx_word' id='word_1_224' title='bbox 921 1871 1117 1916; x_wconf 86' lang='lat' dir='ltr'><strong>accepta</strong></span> <span class='ocrx_word' id='word_1_225' title='bbox 1135 1865 1220 1906; x_wconf 91' lang='lat' dir='ltr'><strong>sub</strong></span> <span class='ocrx_word' id='word_1_226' title='bbox 1242 1877 1491 1917; x_wconf 87' lang='lat' dir='ltr'><strong>uesperum</strong></span> <span class='ocrx_word' id='word_1_227' title='bbox 1510 1865 1753 1906; x_wconf 88' lang='lat' dir='ltr'><strong>cuiusdam</strong></span> <span class='ocrx_word' id='word_1_228' title='bbox 1782 1867 1882 1906; x_wconf 86' lang='lat' dir='ltr'><strong>sab-</strong></span> 
     </span>
     <span class='ocr_line' id='line_1_26' title="bbox 239 1935 1883 1989; baseline 0.002 -15"><span class='ocrx_word' id='word_1_229' title='bbox 239 1935 335 1975; x_wconf 91' lang='lat' dir='ltr'><strong>bati</strong></span> <span class='ocrx_word' id='word_1_230' title='bbox 355 1935 445 1975; x_wconf 88' lang='lat' dir='ltr'><strong>uiri</strong></span> <span class='ocrx_word' id='word_1_231' title='bbox 465 1936 536 1975; x_wconf 89' lang='lat' dir='ltr'><strong>sui</strong></span> <span class='ocrx_word' id='word_1_232' title='bbox 557 1941 720 1985; x_wconf 89' lang='lat' dir='ltr'><strong>morte,</strong></span> <span class='ocrx_word' id='word_1_233' title='bbox 745 1948 881 1987; x_wconf 90' lang='lat' dir='ltr'><strong>quem</strong></span> <span class='ocrx_word' id='word_1_234' title='bbox 903 1936 949 1976; x_wconf 91' lang='lat' dir='ltr'><strong>in</strong></span> <span class='ocrx_word' id='word_1_235' title='bbox 968 1937 1155 1977; x_wconf 89' lang='lat' dir='ltr'><strong>Christo</strong></span> <span class='ocrx_word' id='word_1_236' title='bbox 1179 1937 1401 1988; x_wconf 84' lang='lat' dir='ltr'><strong>diligebat</strong></span> <span class='ocrx_word' id='word_1_237' title='bbox 1426 1940 1543 1985; x_wconf 77' lang='lat' dir='ltr'><strong>(erat</strong></span> <span class='ocrx_word' id='word_1_238' title='bbox 1566 1938 1689 1978; x_wconf 85' lang='lat' dir='ltr'><strong>enim</strong></span> <span class='ocrx_word' id='word_1_239' title='bbox 1718 1945 1762 1978; x_wconf 93' lang='lat' dir='ltr'><strong>et</strong></span> <span class='ocrx_word' id='word_1_240' title='bbox 1784 1938 1883 1989; x_wconf 77' lang='lat' dir='ltr'><strong>ipse</strong></span> 
     </span>
     <span class='ocr_line' id='line_1_27' title="bbox 239 2007 1882 2060; baseline 0.002 -14"><span class='ocrx_word' id='word_1_241' title='bbox 239 2007 358 2057; x_wconf 81' lang='lat' dir='ltr'><strong>pius,</strong></span> <span class='ocrx_word' id='word_1_242' title='bbox 396 2013 495 2046; x_wconf 91' lang='lat' dir='ltr'><strong>tum</strong></span> <span class='ocrx_word' id='word_1_243' title='bbox 528 2007 753 2058; x_wconf 87' lang='lat' dir='ltr'><strong>temporis</strong></span> <span class='ocrx_word' id='word_1_244' title='bbox 788 2014 945 2048; x_wconf 87' lang='lat' dir='ltr'><strong>autem</strong></span> <span class='ocrx_word' id='word_1_245' title='bbox 980 2008 1216 2059; x_wconf 86' lang='lat' dir='ltr'><strong>profectus</strong></span> <span class='ocrx_word' id='word_1_246' title='bbox 1250 2020 1447 2059; x_wconf 79' lang='lat' dir='ltr'><strong>peregre</strong></span> <span class='ocrx_word' id='word_1_247' title='bbox 1482 2009 1667 2059; x_wconf 86' lang='lat' dir='ltr'><strong>fuerat),</strong></span> <span class='ocrx_word' id='word_1_248' title='bbox 1691 2016 1882 2060; x_wconf 86' lang='lat' dir='ltr'><strong>repente</strong></span> 
     </span>
     <span class='ocr_line' id='line_1_28' title="bbox 239 2076 1881 2130; baseline 0.002 -14"><span class='ocrx_word' id='word_1_249' title='bbox 239 2076 296 2116; x_wconf 84' lang='lat' dir='ltr'><strong>D.</strong></span> <span class='ocrx_word' id='word_1_250' title='bbox 316 2077 558 2118; x_wconf 86' lang='lat' dir='ltr'><strong>Francisci</strong></span> <span class='ocrx_word' id='word_1_251' title='bbox 574 2077 784 2118; x_wconf 90' lang='lat' dir='ltr'><strong>habitum</strong></span> <span class='ocrx_word' id='word_1_252' title='bbox 801 2079 963 2129; x_wconf 86' lang='lat' dir='ltr'><strong>induit,</strong></span> <span class='ocrx_word' id='word_1_253' title='bbox 981 2091 1035 2119; x_wconf 88' lang='lat' dir='ltr'><strong>ac</strong></span> <span class='ocrx_word' id='word_1_254' title='bbox 1053 2080 1213 2119; x_wconf 91' lang='lat' dir='ltr'><strong>mundi</strong></span> <span class='ocrx_word' id='word_1_255' title='bbox 1230 2080 1639 2130; x_wconf 83' lang='lat' dir='ltr'><strong>superstitionibus</strong></span> <span class='ocrx_word' id='word_1_256' title='bbox 1657 2080 1772 2120; x_wconf 89' lang='lat' dir='ltr'><strong>nihil</strong></span> <span class='ocrx_word' id='word_1_257' title='bbox 1788 2093 1881 2120; x_wconf 90' lang='lat' dir='ltr'><strong>mo-</strong></span> 
     </span>
     <span class='ocr_line' id='line_1_29' title="bbox 238 2149 1879 2202; baseline 0.002 -14"><span class='ocrx_word' id='word_1_258' title='bbox 238 2155 363 2198; x_wconf 84' lang='lat' dir='ltr'><strong>rata,</strong></span> <span class='ocrx_word' id='word_1_259' title='bbox 394 2160 448 2189; x_wconf 89' lang='lat' dir='ltr'><strong>ea</strong></span> <span class='ocrx_word' id='word_1_260' title='bbox 477 2149 732 2198; x_wconf 88' lang='lat' dir='ltr'><strong>dominica,</strong></span> <span class='ocrx_word' id='word_1_261' title='bbox 764 2161 882 2201; x_wconf 89' lang='lat' dir='ltr'><strong>quae</strong></span> <span class='ocrx_word' id='word_1_262' title='bbox 911 2150 1023 2190; x_wconf 89' lang='lat' dir='ltr'><strong>illud</strong></span> <span class='ocrx_word' id='word_1_263' title='bbox 1051 2150 1297 2190; x_wconf 86' lang='lat' dir='ltr'><strong>sabbatum</strong></span> <span class='ocrx_word' id='word_1_264' title='bbox 1329 2151 1540 2202; x_wconf 78' lang='lat' dir='ltr'><strong>proxime</strong></span> <span class='ocrx_word' id='word_1_265' title='bbox 1562 2158 1759 2202; x_wconf 85' lang='lat' dir='ltr'><strong>sequuta</strong></span> <span class='ocrx_word' id='word_1_266' title='bbox 1795 2158 1879 2201; x_wconf 88' lang='lat' dir='ltr'><strong>est,</strong></span> 
     </span>
     <span class='ocr_line' id='line_1_30' title="bbox 237 2220 1882 2273; baseline 0.002 -14"><span class='ocrx_word' id='word_1_267' title='bbox 237 2221 366 2260; x_wconf 91' lang='lat' dir='ltr'><strong>uenit</strong></span> <span class='ocrx_word' id='word_1_268' title='bbox 386 2220 432 2260; x_wconf 91' lang='lat' dir='ltr'><strong>in</strong></span> <span class='ocrx_word' id='word_1_269' title='bbox 452 2221 675 2271; x_wconf 88' lang='lat' dir='ltr'><strong>templum</strong></span> <span class='ocrx_word' id='word_1_270' title='bbox 696 2228 925 2271; x_wconf 86' lang='lat' dir='ltr'><strong>nostrum,</strong></span> <span class='ocrx_word' id='word_1_271' title='bbox 951 2222 1074 2273; x_wconf 89' lang='lat' dir='ltr'><strong>quod</strong></span> <span class='ocrx_word' id='word_1_272' title='bbox 1096 2222 1237 2262; x_wconf 88' lang='lat' dir='ltr'><strong>etiam</strong></span> <span class='ocrx_word' id='word_1_273' title='bbox 1257 2222 1530 2273; x_wconf 86' lang='lat' dir='ltr'><strong>longissime</strong></span> <span class='ocrx_word' id='word_1_274' title='bbox 1547 2223 1604 2262; x_wconf 85' lang='lat' dir='ltr'><strong>ab</strong></span> <span class='ocrx_word' id='word_1_275' title='bbox 1623 2223 1721 2262; x_wconf 93' lang='lat' dir='ltr'><strong>eius</strong></span> <span class='ocrx_word' id='word_1_276' title='bbox 1743 2223 1882 2263; x_wconf 88' lang='lat' dir='ltr'><strong>domo</strong></span> 
     </span>
     <span class='ocr_line' id='line_1_31' title="bbox 238 2292 1875 2345; baseline 0.002 -14"><span class='ocrx_word' id='word_1_277' title='bbox 238 2292 384 2339; x_wconf 88' lang='lat' dir='ltr'><strong>abest,</strong></span> <span class='ocrx_word' id='word_1_278' title='bbox 416 2292 667 2342; x_wconf 80' lang='lat' dir='ltr'><strong>auditaque</strong></span> <span class='ocrx_word' id='word_1_279' title='bbox 695 2292 938 2343; x_wconf 87' lang='lat' dir='ltr'><strong>concione,</strong></span> <span class='ocrx_word' id='word_1_280' title='bbox 969 2304 1023 2333; x_wconf 88' lang='lat' dir='ltr'><strong>ac</strong></span> <span class='ocrx_word' id='word_1_281' title='bbox 1052 2294 1245 2345; x_wconf 86' lang='lat' dir='ltr'><strong>reliquis</strong></span> <span class='ocrx_word' id='word_1_282' title='bbox 1274 2305 1356 2344; x_wconf 89' lang='lat' dir='ltr'><strong>pro</strong></span> <span class='ocrx_word' id='word_1_283' title='bbox 1391 2305 1520 2333; x_wconf 90' lang='lat' dir='ltr'><strong>more</strong></span> <span class='ocrx_word' id='word_1_284' title='bbox 1549 2306 1633 2333; x_wconf 91' lang='lat' dir='ltr'><strong>suo</strong></span> <span class='ocrx_word' id='word_1_285' title='bbox 1654 2295 1875 2345; x_wconf 83' lang='lat' dir='ltr'><strong>peractis,</strong></span> 
     </span>
     <span class='ocr_line' id='line_1_32' title="bbox 238 2362 1878 2416; baseline 0.002 -14"><span class='ocrx_word' id='word_1_286' title='bbox 238 2362 426 2403; x_wconf 89' lang='lat' dir='ltr'><strong>domum</strong></span> <span class='ocrx_word' id='word_1_287' title='bbox 455 2363 607 2412; x_wconf 85' lang='lat' dir='ltr'><strong>rediit;</strong></span> <span class='ocrx_word' id='word_1_288' title='bbox 640 2375 730 2414; x_wconf 86' lang='lat' dir='ltr'><strong>quo</strong></span> <span class='ocrx_word' id='word_1_289' title='bbox 754 2375 859 2403; x_wconf 90' lang='lat' dir='ltr'><strong>cum</strong></span> <span class='ocrx_word' id='word_1_290' title='bbox 880 2364 1015 2413; x_wconf 89' lang='lat' dir='ltr'><strong>irent,</strong></span> <span class='ocrx_word' id='word_1_291' title='bbox 1053 2365 1187 2416; x_wconf 88' lang='lat' dir='ltr'><strong>quasi</strong></span> <span class='ocrx_word' id='word_1_292' title='bbox 1217 2365 1550 2405; x_wconf 88' lang='lat' dir='ltr'><strong>consolationis</strong></span> <span class='ocrx_word' id='word_1_293' title='bbox 1573 2365 1747 2416; x_wconf 86' lang='lat' dir='ltr'><strong>aliquid</strong></span> <span class='ocrx_word' id='word_1_294' title='bbox 1769 2367 1878 2406; x_wconf 86' lang='lat' dir='ltr'><strong>alla-</strong></span> 
     </span>
     <span class='ocr_line' id='line_1_33' title="bbox 236 2434 1880 2488; baseline 0.002 -15"><span class='ocrx_word' id='word_1_295' title='bbox 236 2440 386 2484; x_wconf 82' lang='lat' dir='ltr'><strong>turae,</strong></span> <span class='ocrx_word' id='word_1_296' title='bbox 412 2434 531 2474; x_wconf 87' lang='lat' dir='ltr'><strong>aliae</strong></span> <span class='ocrx_word' id='word_1_297' title='bbox 553 2435 786 2485; x_wconf 87' lang='lat' dir='ltr'><strong>mulieres,</strong></span> <span class='ocrx_word' id='word_1_298' title='bbox 815 2435 929 2475; x_wconf 87' lang='lat' dir='ltr'><strong>nihil</strong></span> <span class='ocrx_word' id='word_1_299' title='bbox 956 2435 1065 2475; x_wconf 88' lang='lat' dir='ltr'><strong>fietu</strong></span> <span class='ocrx_word' id='word_1_300' title='bbox 1087 2442 1131 2476; x_wconf 93' lang='lat' dir='ltr'><strong>et</strong></span> <span class='ocrx_word' id='word_1_301' title='bbox 1166 2437 1423 2487; x_wconf 81' lang='lat' dir='ltr'><strong>lachrymis</strong></span> <span class='ocrx_word' id='word_1_302' title='bbox 1445 2448 1562 2487; x_wconf 88' lang='lat' dir='ltr'><strong>opus</strong></span> <span class='ocrx_word' id='word_1_303' title='bbox 1584 2448 1702 2487; x_wconf 88' lang='lat' dir='ltr'><strong>esse,</strong></span> <span class='ocrx_word' id='word_1_304' title='bbox 1726 2438 1880 2488; x_wconf 84' lang='lat' dir='ltr'><strong>magis</strong></span> 
     </span>
     <span class='ocr_line' id='line_1_34' title="bbox 237 2505 1878 2558; baseline 0.002 -13"><span class='ocrx_word' id='word_1_305' title='bbox 237 2510 392 2545; x_wconf 83' lang='lat' dir='ltr'><strong>autem</strong></span> <span class='ocrx_word' id='word_1_306' title='bbox 413 2505 514 2545; x_wconf 91' lang='lat' dir='ltr'><strong>Deo</strong></span> <span class='ocrx_word' id='word_1_307' title='bbox 535 2506 715 2557; x_wconf 86' lang='lat' dir='ltr'><strong>gratias</strong></span> <span class='ocrx_word' id='word_1_308' title='bbox 738 2507 962 2557; x_wconf 85' lang='lat' dir='ltr'><strong>agendas,</strong></span> <span class='ocrx_word' id='word_1_309' title='bbox 987 2508 1116 2546; x_wconf 91' lang='lat' dir='ltr'><strong>uultu</strong></span> <span class='ocrx_word' id='word_1_310' title='bbox 1139 2507 1325 2558; x_wconf 85' lang='lat' dir='ltr'><strong>quidem</strong></span> <span class='ocrx_word' id='word_1_311' title='bbox 1344 2509 1570 2558; x_wconf 87' lang='lat' dir='ltr'><strong>modesto,</strong></span> <span class='ocrx_word' id='word_1_312' title='bbox 1590 2509 1746 2549; x_wconf 87' lang='lat' dir='ltr'><strong>animo</strong></span> <span class='ocrx_word' id='word_1_313' title='bbox 1765 2521 1878 2550; x_wconf 86' lang='lat' dir='ltr'><strong>uero</strong></span> 
     </span>
     <span class='ocr_line' id='line_1_35' title="bbox 236 2575 1879 2630; baseline 0.002 -14"><span class='ocrx_word' id='word_1_314' title='bbox 236 2576 377 2616; x_wconf 90' lang='lat' dir='ltr'><strong>etiam</strong></span> <span class='ocrx_word' id='word_1_315' title='bbox 398 2577 445 2616; x_wconf 90' lang='lat' dir='ltr'><strong>in</strong></span> <span class='ocrx_word' id='word_1_316' title='bbox 466 2575 668 2617; x_wconf 92' lang='lat' dir='ltr'><strong>Domino</strong></span> <span class='ocrx_word' id='word_1_317' title='bbox 691 2578 944 2628; x_wconf 83' lang='lat' dir='ltr'><strong>exultante,</strong></span> <span class='ocrx_word' id='word_1_318' title='bbox 970 2578 1169 2618; x_wconf 81' lang='lat' dir='ltr'><strong>dicebat.</strong></span> <span class='ocrx_word' id='word_1_319' title='bbox 1194 2577 1379 2618; x_wconf 82' lang='lat' dir='ltr'><strong>Coniux</strong></span> <span class='ocrx_word' id='word_1_320' title='bbox 1399 2590 1512 2619; x_wconf 90' lang='lat' dir='ltr'><strong>uero</strong></span> <span class='ocrx_word' id='word_1_321' title='bbox 1535 2579 1649 2630; x_wconf 89' lang='lat' dir='ltr'><strong>eius,</strong></span> <span class='ocrx_word' id='word_1_322' title='bbox 1674 2580 1751 2619; x_wconf 85' lang='lat' dir='ltr'><strong>ubi</strong></span> <span class='ocrx_word' id='word_1_323' title='bbox 1774 2592 1879 2620; x_wconf 88' lang='lat' dir='ltr'><strong>eum</strong></span> 
     </span>
     <span class='ocr_line' id='line_1_36' title="bbox 238 2647 1876 2701; baseline 0.002 -14"><span class='ocrx_word' id='word_1_324' title='bbox 238 2648 428 2688; x_wconf 90' lang='lat' dir='ltr'><strong>morbus</strong></span> <span class='ocrx_word' id='word_1_325' title='bbox 449 2647 634 2697; x_wconf 86' lang='lat' dir='ltr'><strong>inuasit,</strong></span> <span class='ocrx_word' id='word_1_326' title='bbox 662 2648 723 2688; x_wconf 91' lang='lat' dir='ltr'><strong>ibi</strong></span> <span class='ocrx_word' id='word_1_327' title='bbox 745 2649 945 2698; x_wconf 89' lang='lat' dir='ltr'><strong>uirtutis,</strong></span> <span class='ocrx_word' id='word_1_328' title='bbox 972 2661 1113 2700; x_wconf 88' lang='lat' dir='ltr'><strong>quam</strong></span> <span class='ocrx_word' id='word_1_329' title='bbox 1135 2662 1193 2689; x_wconf 78' lang='lat' dir='ltr'><strong>ex</strong></span> <span class='ocrx_word' id='word_1_330' title='bbox 1213 2649 1443 2701; x_wconf 85' lang='lat' dir='ltr'><strong>frequenti</strong></span> <span class='ocrx_word' id='word_1_331' title='bbox 1466 2658 1876 2692; x_wconf 87' lang='lat' dir='ltr'><strong>sacramentorum</strong></span> 
     </span>
     <span class='ocr_line' id='line_1_37' title="bbox 234 2719 1877 2773; baseline 0.002 -15"><span class='ocrx_word' id='word_1_332' title='bbox 234 2730 319 2758; x_wconf 89' lang='lat' dir='ltr'><strong>usu</strong></span> <span class='ocrx_word' id='word_1_333' title='bbox 357 2719 405 2758; x_wconf 90' lang='lat' dir='ltr'><strong>in</strong></span> <span class='ocrx_word' id='word_1_334' title='bbox 440 2720 647 2759; x_wconf 85' lang='lat' dir='ltr'><strong>animam</strong></span> <span class='ocrx_word' id='word_1_335' title='bbox 681 2731 814 2759; x_wconf 88' lang='lat' dir='ltr'><strong>suam</strong></span> <span class='ocrx_word' id='word_1_336' title='bbox 849 2720 1104 2770; x_wconf 88' lang='lat' dir='ltr'><strong>collegerat</strong></span> <span class='ocrx_word' id='word_1_337' title='bbox 1134 2727 1178 2760; x_wconf 91' lang='lat' dir='ltr'><strong>et</strong></span> <span class='ocrx_word' id='word_1_338' title='bbox 1206 2721 1496 2772; x_wconf 88' lang='lat' dir='ltr'><strong>condiderat,</strong></span> <span class='ocrx_word' id='word_1_339' title='bbox 1527 2734 1621 2762; x_wconf 89' lang='lat' dir='ltr'><strong>non</strong></span> <span class='ocrx_word' id='word_1_340' title='bbox 1654 2723 1877 2773; x_wconf 85' lang='lat' dir='ltr'><strong>exiguam</strong></span> 
     </span>
     <span class='ocr_line' id='line_1_38' title="bbox 224 2789 1874 2844; baseline 0.002 -15"><span class='ocrx_word' id='word_1_341' title='bbox 224 2790 420 2841; x_wconf 51' lang='lat' dir='ltr'><strong>‘reliquit</strong></span> <span class='ocrx_word' id='word_1_342' title='bbox 441 2791 730 2830; x_wconf 87' lang='lat' dir='ltr'><strong>memoriam.</strong></span> <span class='ocrx_word' id='word_1_343' title='bbox 754 2789 1029 2831; x_wconf 90' lang='lat' dir='ltr'><strong>Distributis</strong></span> <span class='ocrx_word' id='word_1_344' title='bbox 1051 2791 1188 2842; x_wconf 90' lang='lat' dir='ltr'><strong>enim,</strong></span> <span class='ocrx_word' id='word_1_345' title='bbox 1208 2803 1324 2843; x_wconf 90' lang='lat' dir='ltr'><strong>quos</strong></span> <span class='ocrx_word' id='word_1_346' title='bbox 1342 2803 1502 2833; x_wconf 91' lang='lat' dir='ltr'><strong>secum</strong></span> <span class='ocrx_word' id='word_1_347' title='bbox 1517 2793 1728 2844; x_wconf 88' lang='lat' dir='ltr'><strong>gerebat,</strong></span> <span class='ocrx_word' id='word_1_348' title='bbox 1747 2805 1874 2833; x_wconf 87' lang='lat' dir='ltr'><strong>num-</strong></span> 
     </span>
     <span class='ocr_line' id='line_1_39' title="bbox 233 2861 1872 2915; baseline 0.002 -15"><span class='ocrx_word' id='word_1_349' title='bbox 233 2861 322 2901; x_wconf 91' lang='lat' dir='ltr'><strong>mis</strong></span> <span class='ocrx_word' id='word_1_350' title='bbox 359 2861 568 2911; x_wconf 88' lang='lat' dir='ltr'><strong>(gerebat</strong></span> <span class='ocrx_word' id='word_1_351' title='bbox 603 2868 760 2901; x_wconf 88' lang='lat' dir='ltr'><strong>autem</strong></span> <span class='ocrx_word' id='word_1_352' title='bbox 794 2873 887 2901; x_wconf 92' lang='lat' dir='ltr'><strong>non</strong></span> <span class='ocrx_word' id='word_1_353' title='bbox 922 2862 1058 2902; x_wconf 90' lang='lat' dir='ltr'><strong>ualde</strong></span> <span class='ocrx_word' id='word_1_354' title='bbox 1086 2862 1295 2913; x_wconf 82' lang='lat' dir='ltr'><strong>paucos),</strong></span> <span class='ocrx_word' id='word_1_355' title='bbox 1321 2863 1419 2903; x_wconf 89' lang='lat' dir='ltr'><strong>eius</strong></span> <span class='ocrx_word' id='word_1_356' title='bbox 1450 2864 1540 2903; x_wconf 92' lang='lat' dir='ltr'><strong>loci</strong></span> <span class='ocrx_word' id='word_1_357' title='bbox 1572 2865 1872 2915; x_wconf 80' lang='lat' dir='ltr'><strong>pauperibus,</strong></span> 
     </span>
     <span class='ocr_line' id='line_1_40' title="bbox 233 2932 1876 2984; baseline 0.002 -13"><span class='ocrx_word' id='word_1_358' title='bbox 233 2943 350 2983; x_wconf 87' lang='lat' dir='ltr'><strong>quos</strong></span> <span class='ocrx_word' id='word_1_359' title='bbox 371 2932 431 2972; x_wconf 87' lang='lat' dir='ltr'><strong>ad</strong></span> <span class='ocrx_word' id='word_1_360' title='bbox 452 2943 501 2973; x_wconf 90' lang='lat' dir='ltr'><strong>se</strong></span> <span class='ocrx_word' id='word_1_361' title='bbox 523 2932 685 2972; x_wconf 88' lang='lat' dir='ltr'><strong>uocari</strong></span> <span class='ocrx_word' id='word_1_362' title='bbox 709 2933 925 2984; x_wconf 86' lang='lat' dir='ltr'><strong>iusserat,</strong></span> <span class='ocrx_word' id='word_1_363' title='bbox 957 2940 1001 2973; x_wconf 91' lang='lat' dir='ltr'><strong>et</strong></span> <span class='ocrx_word' id='word_1_364' title='bbox 1037 2934 1320 2974; x_wconf 85' lang='lat' dir='ltr'><strong>decumbens</strong></span> <span class='ocrx_word' id='word_1_365' title='bbox 1351 2941 1395 2974; x_wconf 90' lang='lat' dir='ltr'><strong>et</strong></span> <span class='ocrx_word' id='word_1_366' title='bbox 1425 2935 1642 2984; x_wconf 88' lang='lat' dir='ltr'><strong>moriens,</strong></span> <span class='ocrx_word' id='word_1_367' title='bbox 1667 2936 1713 2975; x_wconf 86' lang='lat' dir='ltr'><strong>in</strong></span> <span class='ocrx_word' id='word_1_368' title='bbox 1736 2936 1876 2975; x_wconf 86' lang='lat' dir='ltr'><strong>admi-</strong></span> 
     </span>
    </p>
   </div>
  </div>
 </body>
</html>
