2047 3179
231 169 303 206 290
747 169 975 208 LITTERAE
995 182 1354 214 QUADRIMESTRES

231 266 457 306 exercitia
479 267 554 307 hic
575 273 619 307 et
640 279 689 307 se
716 266 939 308 Societati
975 267 1226 308 dedicauit.
1250 267 1451 319 Quidam
1485 268 1760 309 adolescens
1793 269 1868 310 de-

231 349 335 378 cern
351 345 396 378 et
417 344 524 378 octo
545 350 792 390 annorum,
812 340 1051 389 cantaber,
1067 339 1468 389 sartor‚egregius
1490 340 1674 380 animae
1697 341 1867 392 purita—

230 415 276 449 te
311 416 355 450 et
385 410 699 462 simplicitate,
731 411 981 462 recipietur
1013 422 1137 450 mox.
1169 410 1380 460 Quatuor
1408 410 1487 450 alii
1509 412 1672 451 volunt
1693 413 1866 452 exerci—

231 481 295 521 tia
317 481 490 532 facere,
515 494 713 534 quorum
735 494 856 522 vnus
878 488 947 521 est
981 481 1128 521 frater
1164 480 1318 521 Patris
1346 480 1548 522 Sanctae
1570 482 1750 533 Crucis,
1775 484 1865 535 ille,

231 553 310 605 qui
331 554 440 594 huic
462 554 671 606 Collegio
693 553 888 594 donavit
910 554 1106 592 alteram
1124 552 1260 592 huius
1277 553 1443 593 domus
1460 560 1658 606 partem,
1677 554 1755 605 qui
1771 555 1868 606 qui-

231 625 338 665 dem
359 626 583 666 sacerdos
604 632 673 665 est
696 631 740 665 ct
760 624 978 676 puritatis
1000 635 1216 675 magnae.
1241 623 1400 665 Solent
1422 625 1536 665 mihi
1558 626 1644 666 soli
1664 626 1740 666 hic
1761 638 1868 666 con-

229 696 430 737 fessario
472 697 683 737 confiteri
717 695 1072 748 quinquaginta,
1111 707 1310 747 quorum
1345 708 1518 748 magna
1553 708 1665 749 pars
1700 704 1868 738 octauo

230 780 416 820 quoque
437 769 510 809 die
538 773 837 808 sacramenta
872 766 1116 818 recipiunt.
1142 766 1454 808 Confiteretur
1482 768 1594 808 mihi
1623 774 1868 820 praeterea

230 839 491 891 Collegium
514 839 830 891 quadraginta
852 838 1258 886 scholasticorum,
1284 839 1322 878 si
1357 851 1438 879 eos
1471 840 1584 880 mihi
1605 840 1765 880 liceret
1785 851 1868 891 per

229 918 414 963 tempus
445 917 490 951 et
525 910 858 962 occupationes
884 909 1002 949 alias
1030 909 1208 959 audire;
1232 922 1349 961 quos
1380 916 1536 951 autem
1570 923 1762 963 possum
1788 924 1868 953 eos

231 984 386 1033 audio,
412 989 669 1023 conaturus
699 987 913 1021 caeteros
948 981 1089 1021 etiam
1125 980 1302 1021 audire.
1332 981 1487 1022 Audio
1517 983 1576 1023 ad
1597 983 1714 1023 haec
1736 984 1869 1024 colle-

230 1066 317 1106 gas
338 1055 532 1095 alterius
554 1052 753 1104 Collegii
786 1052 898 1092 item
932 1052 1256 1100 scholasticos,
1280 1053 1357 1104 qui
1396 1054 1537 1094 etiarn
1571 1053 1871 1106 frequentant

230 1127 483 1178 collegium
511 1137 600 1177 quo
631 1123 894 1176 spiritualia
915 1129 1134 1173 tractent;
1165 1136 1224 1164 ex
1245 1136 1335 1176 qua
1370 1125 1557 1176 quidem
1584 1138 1633 1165 re
1664 1138 1759 1166 non
1780 1138 1869 1167 me-

231 1199 439 1239 diocrem
460 1197 710 1237 Vtilitatem
730 1195 901 1236 ferunt.
920 1195 1151 1236 Existimo
1170 1195 1375 1236 aduentu
1392 1195 1546 1237 Patris
1563 1197 1712 1237 nostri
1727 1197 1871 1238 Fran-

231 1270 345 1311 cisci
378 1268 386 1288 ¹
427 1270 573 1309 multo
606 1267 866 1308 feruentius
902 1266 1294 1308 commouendam
1336 1279 1438 1308 esse
1474 1267 1596 1308 hanc
1632 1268 1873 1309 ciuitatem

232 1353 373 1394 quam
394 1340 641 1392 Hispalim,
665 1350 808 1391 quam
827 1338 969 1379 etiam
991 1338 1277 1379 Corduuam.

310 1412 561 1454 Orationes
583 1416 739 1451 autem
761 1415 901 1461 atque
922 1409 1157 1450 sacrificia
1173 1415 1281 1450 tuae
1297 1409 1601 1450 Paternitatis
1616 1416 1660 1450 et
1678 1410 1871 1452 Patrum

230 1486 369 1526 simul
390 1490 530 1536 atque
566 1482 766 1524 fratrum
801 1482 940 1522 isthic
976 1481 1385 1532 commorantium,
1424 1481 1590 1533 quibus
1624 1493 1711 1522 nos
1746 1483 1874 1534 ipsos

230 1557 400 1598 obnixe
418 1554 819 1603 commendamus,
834 1553 934 1593 fore
951 1559 1172 1605 putamus
1188 1553 1303 1593 satis
1320 1564 1543 1604 magnam
1558 1559 1740 1605 partem
1757 1554 1870 1605 eius,

230 1628 353 1681 quod
375 1627 433 1667 ad
461 1626 649 1667 laudem
679 1631 723 1666 et
756 1624 959 1676 gloriam
980 1623 1069 1665 Dei
1105 1625 1268 1676 optimi
1295 1624 1489 1664 maximi
1510 1636 1771 1676 speramus,
1794 1626 1873 1677 qui

227 1699 362 1740 nobis
383 1710 517 1739 suam
539 1696 887 1738 sanctissimam
908 1696 1112 1748 gratiam
1132 1696 1296 1746 largiri
1317 1695 1550 1747 dignetur,
1574 1707 1666 1747 qua
1687 1708 1876 1749 semper

229 1783 362 1812 suam
398 1770 690 1810 voluntatem
722 1767 1064 1820 perspiciamus
1101 1758 1407 1819 eamdemque
1444 1767 1502 1807 ad
1523 1779 1731 1817 vnguem
1767 1780 1873 1808 exe·

230 1854 445 1896 quamur.

309 1914 566 1963 Granatae‚
590 1911 736 1952 Nonis
757 1909 1007 1950 Februarii
1027 1921 1152 1949 anno
1175 1909 1350 1950 Christi
1372 1910 1469 1950 nati
1494 1910 1609 1951 1555.

307 1985 436 2026 Tuae
457 1982 761 2024 paternitatis
782 1980 1136 2032 indignissimus
1157 1980 1292 2031 filius,

1306 2127 1335 2173 †
1356 2123 1606 2165 NAVARRO.
1630 2127 1659 2172 †
1697 2161 1699 2167 Α

307 2343 662 2398 superscriptio
683 2342 733 2382 in
755 2344 928 2393 quarta
944 2341 1158 2392 pagina:
1178 2302 1292 2381 HTIS.
1321 2340 1598 2381 Reuerendo
1619 2340 1870 2382 admodum

228 2420 275 2460 in
297 2419 438 2460 Chro.
462 2416 511 2456 P.
535 2426 638 2456 nro.
662 2412 893 2464 magistro
914 2412 1097 2462 Ignatio
1118 2412 1327 2464 Loyolae
1347 2410 1624 2463 Praeposito
1648 2412 1870 2453 Genera'li

224 2488 473 2532 Societatis
494 2487 620 2540 Jesu.

707 2556 900 2596 Romae.

304 2631 416 2672 Alia
437 2640 601 2670 manu:
626 2628 740 2668 1555.
762 2627 991 2667 Granata.
1012 2625 1396 2677 Quadrimestres
1414 2625 1440 2664 5
1456 2625 1718 2666 Februarii.
1744 2624 1799 2677 Q.
1818 2624 1871 2666 S.

304 2704 467 2743 Manet
491 2699 753 2750 vestigium
773 2709 906 2738 cerae
924 2698 1098 2737 rubrae
1118 2700 1162 2737 et
1182 2696 1355 2747 sigilli.

277 2863 287 2885 ¹
328 2861 444 2890 Patris
460 2859 638 2888 Francisci
661 2859 701 2886 de
717 2858 833 2893 Borja.
