2047 3179
875 135 959 172 ΑΝ.
989 135 1080 172 1555
1722 137 1790 174 321

156 240 318 285 >tempo
349 235 433 274 far’
466 234 497 274 il
523 234 671 274 simile
697 238 742 273 et
772 238 903 272 tanta
924 232 1177 272 mutatione
1204 232 1251 272 in
1280 244 1342 273 Vn
1370 234 1555 284 populo,
1579 235 1698 274 com’
1724 234 1790 274 iui

164 306 315 345 hauea
335 304 452 345 fatto
474 310 634 345 nostro
655 303 852 354 Signore
873 314 956 354 per
977 314 1133 343 mezzo
1156 303 1201 343 di
1222 303 1370 343 nostri
1391 303 1544 344 Padri.

243 374 387 416 Pochi
421 375 576 426 giorni
609 375 760 426 doppo
794 384 921 413 esser
950 373 1165 413 ritornati
1200 373 1246 414 di
1279 373 1436 414 Monte
1466 374 1613 425 Fano,
1648 375 1787 415 furno

155 447 373 487 mandati
393 447 505 487 detti
527 446 636 487 duoi
656 445 795 486 Padri
817 445 876 485 ad
895 444 1119 485 instantia
1141 444 1213 485 del
1240 445 1448 485 Piouano
1478 451 1523 485 et
1552 446 1670 485 altre
1692 458 1796 498 per-

152 530 278 558 ·sone
299 518 341 557 d’
366 518 588 558 auttorita
608 516 681 557 del
701 515 1050 566 Castelficardo,
1074 527 1157 567 per
1173 516 1485 556 annuntiarue
1508 517 1614 567 quel
1643 517 1793 557 mede-

153 588 284 629 ·simo
305 588 520 640 giubile03
544 588 662 628 doue
683 593 853 628 stetero
871 586 990 627 dieci
1023 586 1178 637 giomi
1197 598 1282 638 per
1302 587 1347 627 13
1376 587 1541 638 grand’
1572 588 1794 629 instantia

156 660 254 700 che
274 659 373 699 fece
394 660 500 710 quel
521 659 706 711 popolo,
730 657 1063 698 mandandomi
1090 668 1242 697 messo
1271 670 1298 697 a
1332 663 1468 708 posta
1502 669 1585 709 per
1611 659 1797 710 prolon-

170 731 271 781 gar'
295 730 325 770 il
345 730 543 770 termino
564 729 687 770 dato.
712 729 747 769 Il
765 728 907 769 frutto
925 728 1010 769 che
1026 727 1227 780 prodose
1241 734 1403 769 nostro
1425 727 1624 780 Signore
1651 729 1701 770 fu
1717 730 1796 782 piu

162 800 350 852 'grande
371 800 443 840 ch’
467 801 515 841 in
534 800 693 841 Monte
713 799 858 850 Fano,
877 810 959 851 per
982 800 1067 840 che
1087 800 1132 840 13
1153 806 1282 840 terra
1299 804 1324 840 e
1344 800 1424 852 piu
1438 800 1633 852 grande,
1655 807 1699 841 et
1716 813 1797 843 era

173 872 250 922 piu
271 871 577 923 trauagliata3
601 871 731 911 molti
752 870 1072 911 concubinarii
1097 870 1271 923 publici
1291 871 1504 912 lassorno
1521 883 1604 912 sue
1631 884 1797 912 concu-

172 943 277 982 bine
299 942 500 982 secondo
522 941 548 982 1’
571 941 731 983 ordine
748 941 927 993 datogli
947 940 1058 982 (13111
1078 941 1233 993 Padri;
1257 941 1296 982 51
1316 941 1473 982 fecero
1506 943 1647 983 molte
1668 944 1800 984 resti-

160 1013 351 1063 tutioni,
377 1019 421 1053 et
445 1013 565 1053 oltra
585 1025 679 1053 non
699 1012 848 1064 poche
876 1012 1246 1052 reconciliationi
1272 1018 1345 1053 tra
1366 1013 1537 1064 moglie
1564 1020 1608 1054 et
1628 1015 1800 1066 mariti,

161 1091 219 1124 -et
239 1084 438 1136 parenti,
462 1084 654 1124 insieme
676 1083 715 1124 si
734 1082 889 1124 fecero
911 1083 1077 1134 cinque
1095 1083 1200 1135 paci
1226 1083 1272 1124 di
1299 1084 1465 1135 grand’
1490 1084 1799 1136 importanza,

176 1155 292 1196 delle
313 1155 438 1206 quali
460 1154 868 1206 particolarmente
889 1155 916 1193 l'
941 1165 1031 1193 una
1054 1157 1078 1193 e
1108 1153 1262 1204 degna
1284 1154 1325 1195 d’
1358 1166 1513 1195 essere
1535 1156 1802 1196 manifesta-

176 1232 239 1266 ta.
257 1225 384 1266 Eran
406 1226 515 1266 duoi
534 1225 906 1277 gentilhuomini‚
952 1225 1088 1277 primi
1109 1226 1228 1265 della
1251 1232 1391 1276 terra,
1421 1227 1591 1267 nemici
1620 1229 1805 1268 mortali

162 1297 235 1338 ·da
256 1297 376 1338 dieci
396 1297 521 1347 anni,
544 1297 609 1347 gli
630 1296 756 1348 quali
776 1296 869 1336 mai
884 1307 978 1336 non
994 1297 1033 1336 si
1049 1302 1322 1348 puotessero
1339 1297 1589 1348 pacificare
1611 1298 1806 1349 (benche

179 1369 322 1409 molte
343 1379 541 1420 persone
576 1367 618 1408 d’
650 1367 873 1407 auttorita
907 1379 956 1407 se
990 1367 1170 1407 fossero
1206 1379 1289 1418 per
1309 1369 1375 1408 tal
1400 1368 1555 1409 effetto
1586 1369 1805 1421 sforzate)

176 1439 251 1480 fin’
273 1440 348 1479 all’
372 1438 490 1479 hora
512 1438 668 1478 elletta
684 1437 725 1477 d‘
750 1437 877 1478 iddio
895 1438 1210 1490 omnipotente
1238 1450 1319 1490 per
1342 1440 1383 1479 la
1416 1451 1661 1481 commune
1696 1441 1803 1482 alle-

176 1522 346 1562 grezza
367 1509 423 1550 de
445 1515 566 1550 tutta
586 1510 631 1550 13
652 1510 937 1550 communita
970 1515 1014 1550 et
1043 1510 1260 1561 maggior
1280 1510 1657 1552 manifestatione
1683 1512 1804 1553 della

177 1581 470 1633 Compagnia
487 1581 534 1621 in
551 1586 712 1632 queste
732 1580 899 1620 bande.
922 1580 1132 1621 Essendo
1155 1581 1368 1622 adunche
1388 1583 1488 1623 loro
1506 1582 1703 1635 disposti
1722 1595 1807 1636 per

176 1654 222 1693 la
243 1651 537 1693 confessione
558 1652 672 1692 fatta
694 1663 721 1691 a
743 1651 855 1692 detti
875 1651 1008 1703 padri
1043 1658 1087 1692 et
1117 1652 1475 1704 predichationi,
1513 1666 1562 1694 se
1593 1655 1808 1695 lassorno

168 1735 369 1765 ‘menare
388 1723 447 1764 da
468 1724 568 1763 loro
590 1723 681 1762 alla
708 1722 881 1772 chiesa,
912 1723 1223 1773 seguitandoli
1251 1724 1295 1764 la
1330 1725 1547 1776 maggior
1580 1731 1714 1776 parte
1735 1726 1810 1767 del

180 1794 372 1847 popolo;
397 1794 516 1834 doue
535 1793 652 1834 satta
674 1793 885 1833 oratione
912 1800 956 1834 et
984 1793 1203 1834 inuocato
1232 1794 1262 1834 il
1290 1793 1446 1846 Spirto
1475 1795 1635 1846 SantO,
1673 1809 1806 1838 come

171 1867 298 1907 ‘nelle
320 1866 436 1905 altre
458 1864 564 1916 paci
584 1865 619 1904 s’
644 1875 726 1904 era
746 1863 876 1915 fatto,
901 1865 1245 1916 essortandogli
1267 1866 1292 1905 l’
1313 1878 1404 1906 uno
1427 1866 1473 1907 di
1494 1867 1629 1918 padri
1650 1867 1696 1908 di
1716 1880 1809 1908 me-

179 1938 262 1978 ter’
283 1937 372 1978 fine
399 1948 425 1977 a
452 1941 581 1977 tanto
607 1935 858 1988 pernitiose
884 1936 1118 1977 nemicitie
1141 1948 1236 1987 sue,
1262 1937 1584 1979 domandorno
1605 1939 1811 1991 publica-

178 2014 334 2050 mente
367 2009 395 2048 l’
433 2019 523 2048 uno
558 2007 633 2047 all'
671 2007 790 2048 altro
827 2008 1151 2059 perdonanza,
1193 2009 1614 2060 ingenochiandosi
1647 2011 1675 2051 l'
1717 2023 1811 2052 uno

181 2079 342 2120 auanti
360 2079 388 2119 l’
413 2079 548 2129 altro,
571 2085 616 2119 et
636 2078 1058 2119 abbracchiandosi
1079 2079 1272 2120 insieme
1295 2091 1385 2120 con
1406 2081 1810 2123 amoreuolissime

182 2152 342 2203 parole
364 2156 410 2191 et
429 2149 668 2190 lietissime
702 2149 914 2200 lagrime,
951 2150 1222 2201 giubilando
1258 2157 1302 2191 et
1337 2151 1605 2203 piangendo
1627 2152 1670 2193 d’
1703 2153 1810 2194 alle-

181 2233 351 2273 grczza
371 2221 475 2262 tutt’
499 2221 530 2260 il
551 2232 795 2271 concorSO,
820 2220 925 2261 anzi
945 2226 1064 2262 tutta
1092 2222 1135 2262 la
1163 2228 1304 2273 terra,
1330 2223 1491 2263 auanti
1517 2235 1600 2275 per
1621 2225 1812 2276 caggio-

183 2305 242 2333 ne
263 2293 309 2333 di
329 2297 516 2333 costoro
550 2291 700 2332 diuisa
733 2291 781 2331 in
801 2291 920 2331 duoe
955 2299 1102 2342 parte.
1140 2292 1324 2333 Adesso
1359 2299 1491 2334 tanto
1527 2295 1678 2347 questi
1700 2295 1811 2337 duoi

186 2362 219 2404 s’
240 2374 407 2403 amano
428 2362 622 2403 insieme
644 2361 729 2402 che
756 2361 890 2413 quasi
918 2374 1012 2403 non
1045 2374 1233 2415 puonno
1257 2364 1495 2415 separarsi
1527 2364 1555 2404 l'
1589 2377 1682 2407 vno
1711 2367 1802 2407 dell

188 2436 322 2475 altro.
345 2432 433 2474 Del
454 2438 573 2473 tutto
590 2432 659 2472 sia
679 2432 960 2484 ringratiato
982 2439 1144 2474 nostro
1167 2433 1383 2485 Signore.

267 2504 343 2545 Gli
368 2510 438 2545 tre
470 2504 621 2544 Vltimi
652 2503 808 2555 giorni
837 2503 1153 2545 mandassimo
1184 2505 1245 2546 M.
1283 2504 1471 2547 Giouan
1505 2506 1814 2560 MortaigneS,

187 2575 346 2628 perch’
369 2573 620 2616 intendeua
641 2574 746 2626 quel
765 2575 948 2626 popolo,
972 2575 1004 2615 il
1023 2576 1145 2628 qual'
1170 2580 1194 2616 e
1224 2588 1310 2627 pur
1340 2577 1535 2630 grande,
1569 2590 1664 2620 non
1684 2581 1818 2621 voler

177 2645 472 2688 confessarsi
492 2645 577 2686 che
599 2645 709 2686 (13111
730 2645 894 2697 nostri;
917 2646 1035 2687 onde
1055 2647 1104 2687 fu
1125 2648 1268 2687 molto
1291 2659 1318 2687 a
1340 2649 1580 2700 proposito
1598 2650 1645 2691 di
1665 2652 1820 2703 quella

190 2724 331 2768 terra;
354 2717 393 2757 si
414 2716 746 2757 comunicorno
779 2716 906 2756 circa
938 2715 1018 2757 900
1046 2718 1199 2758 anime
1227 2718 1334 2758 delli
1361 2720 1507 2760 nostri
1534 2719 1690 2773 Padri,
1715 2728 1760 2763 et
1779 2724 1822 2764 si

181 2789 315 2829 ’13550
335 2788 414 2840 piu
433 2793 567 2840 parte
597 2786 687 2827 dell
707 2788 879 2839 populo
901 2787 1109 2839 disposto
1132 2801 1159 2829 a
1188 2789 1502 2831 comunicarsi
1536 2791 1647 2843 ogni
1667 2794 1825 2845 prima>

192 2859 469 2900 domenicha
491 2858 563 2898 del
584 2870 724 2898 mese.
748 2857 822 2899 Gli
844 2858 919 2898 dia
940 2858 1110 2899 Nostro
1133 2859 1332 2911 Signore
1354 2872 1437 2912 per
1458 2863 1823 2905 sua-misericor-

184 2931 270 2971 -dia
291 2928 656 2981 perseuerantia.
679 2928 714 2969 Il
744 2929 830 2968 che
850 2929 930 2980 gia
950 2941 1062 2981 pare
1088 2930 1127 2970 si
1149 2930 1289 2981 degni
1310 2931 1423 2982 fare,
1446 2933 1618 2984 perche
1635 2935 1689 2974 'ab
1706 2936 1827 2987 prin-

339 3006 387 3040 T.
419 3017 477 3040 111.
1663 3022 1701 3046 21
