2047 3179
860 151 942 187 AN.
976 150 1067 188 1555
1706 155 1772 193 681

791 599 1143 654 CDXXXIV

220 823 476 871 Alphonsus
498 825 758 864 Hernandez

269 889 389 926 Patri
407 889 576 936 Ignatio
598 891 650 928 de
666 891 850 939 Loyola.

318 954 486 1001 Genua,
513 955 557 992 10
575 955 778 994 Octobris
803 957 893 995 1555
912 958 936 993 ¹.

922 1111 1019 1189 ulis

230 1302 504 1344 Reuerende
527 1305 573 1344 in
596 1305 783 1346 Christo
814 1306 969 1348 Pater.

230 1373 330 1414 Pax
352 1374 540 1415 Christi.

233 1443 464 1495 Quoniam
485 1447 693 1497 pluribus
710 1448 867 1488 uerbis
883 1449 1071 1490 minime
1090 1450 1355 1502 delectaris,
1374 1452 1451 1492 ubi
1469 1453 1667 1493 materia
1683 1453 1780 1493 bre-

150 1515 221 1555 uis
248 1514 458 1565 offertur,
492 1517 743 1558 admodum
771 1519 1061 1561 obseruande
1091 1521 1138 1561 in
1167 1521 1352 1562 Christo
1381 1521 1535 1572 Pater,
1567 1523 1781 1563 dabimus

151 1597 345 1636 operam
366 1592 416 1627 ut
437 1587 642 1628 breuiter
663 1600 733 1640 ea,
758 1601 875 1641 quae
895 1590 967 1631 his
988 1592 1199 1643 proxime
1221 1593 1392 1644 elapsis
1408 1593 1433 1632 4
1454 1594 1691 1634 mensibus
1708 1595 1783 1634 hic

152 1657 280 1698 facta
301 1664 423 1709 sunt,
452 1660 843 1711 perstringamus.
866 1661 987 1702 Nam
1016 1663 1105 1703 hoc
1127 1663 1249 1704 idem
1272 1665 1520 1715 angustiae
1542 1666 1780 1717 temporis,

152 1728 319 1779 quibus
340 1740 442 1769 sum
464 1729 758 1781 interclusus,
784 1744 809 1771 a
827 1744 900 1772 me
921 1735 1158 1784 postulare
1180 1735 1412 1786 uidentur;
1436 1736 1516 1775 uix
1537 1736 1660 1776 enim
1680 1748 1782 1788 pos-

152 1810 255 1839 sum
278 1799 452 1850 aliquid
473 1802 696 1852 temporis
723 1802 795 1842 his
823 1803 968 1844 literis
996 1805 1249 1845 exarandis
1279 1806 1594 1857 suppeditare,
1624 1812 1692 1847 tot
1719 1807 1783 1847 di-

152 1870 358 1921 stringor
394 1872 796 1923 occupationibus:
834 1880 1006 1924 tamen,
1043 1887 1149 1916 cum
1184 1877 1482 1917 sanctissima
1521 1877 1782 1918 obedientia

152 1941 264 1981 mihi
287 1950 393 1982 ante
416 1944 575 1982 oculos
603 1951 892 1995 uersaretur,
923 1947 1065 1986 malui
1086 1947 1174 1987 hoc
1210 1959 1327 1988 onus
1355 1948 1533 1999 subire,
1556 1960 1697 2000 quam
1727 1949 1783 1989 ab

155 2013 234 2052 illa
256 2018 579 2054 transuersum
601 2014 742 2066 (quod
764 2016 907 2067 aiunt)
929 2017 1125 2069 digitum
1146 2019 1399 2059 discedere.

233 2082 389 2135 Atque
420 2091 470 2124 ut
501 2097 527 2124 a
556 2085 942 2138 confessionibUS,
972 2100 1090 2139 quae
1118 2089 1205 2140 piis
1232 2090 1497 2130 hominibus
1526 2097 1570 2130 et
1601 2091 1783 2141 angelis

153 2153 243 2194 Dei
261 2155 485 2205 gaudium
508 2155 827 2208 laetitiamque
845 2157 1012 2199 afferre
1029 2161 1192 2209 solent,
1212 2160 1395 2200 initium
1414 2172 1610 2211 sumam,
1630 2161 1677 2201 in
1694 2161 1781 2202 his-

154 2235 208 2264 ce
245 2225 471 2265 bellorum
507 2227 781 2267 tumultibus
815 2234 859 2268 et
892 2229 1169 2270 barbaricae
1205 2231 1371 2271 classis
1411 2239 1535 2271 metu
1577 2232 1785 2284 plerique

155 2295 357 2335 confessi
379 2302 500 2346 sunt,
526 2297 681 2337 oblata
702 2300 980 2349 praesertim
998 2302 1245 2341 occasione
1262 2301 1601 2353 sacrijubilaei;
1624 2308 1784 2355 totque

154 2365 214 2405 ad
241 2377 326 2406 nos
356 2374 604 2414 uenerunt,
635 2374 683 2407 ut
710 2369 791 2409 uix
819 2370 979 2410 liceret
1013 2370 1125 2411 Κῶς
1156 2371 1372 2412 Patribus
1400 2373 1573 2412 nostris
1600 2372 1782 2413 feriatis

155 2436 297 2476 etiam
319 2436 481 2476 diebus
503 2449 530 2477 a
551 2439 723 2489 templo
745 2440 925 2480 abesse.
949 2441 1089 2482 Dedit
1110 2443 1227 2482 haec
1249 2454 1323 2483 res
1345 2443 1552 2483 merendi
1575 2444 1780 2484 occasio<

154 2518 276 2546 nem.
301 2506 421 2546 Nam
443 2508 600 2559 aliqui,
624 2509 702 2560 qui
722 2521 815 2550 non
837 2519 1180 2552 consueuerant
1201 2513 1291 2553 nisi
1313 2515 1456 2554 semel
1487 2515 1533 2554 in
1555 2526 1677 2555 anno
1699 2515 1783 2555 cri-

153 2577 280 2616 mina
296 2588 381 2617 sua
399 2578 631 2629 detegere,
651 2592 678 2619 a
695 2581 867 2621 nostris
884 2583 1096 2633 patribus
1116 2583 1293 2624 inducti
1314 2584 1602 2636 frequentius
1614 2597 1664 2625 se
1682 2585 1784 2626 Deo

151 2648 458 2688 reconciliare
489 2650 652 2701 solent;
688 2651 762 2691 cui
789 2663 880 2703 quo
914 2653 1102 2704 dignius
1128 2655 1347 2706 deinceps
1368 2656 1627 2696 adhaerere
1648 2662 1692 2696 et
1714 2668 1783 2696 sa-

152 2730 282 2758 cram
298 2719 644 2760 Eucharistiam
660 2721 959 2774 frequentare
977 2732 1182 2775 possent,
1199 2726 1419 2777 quicquid
1436 2727 1641 2777 sceleris,
1660 2727 1784 2779 quod

210 2901 218 2919 ¹
262 2901 509 2936 Autographae
525 2903 558 2930 in
573 2904 653 2931 solio
668 2905 806 2938 duplici,
818 2913 873 2933 nn.
890 2907 942 2933 192
956 2912 988 2934 et
1006 2907 1167 2935 193.-Est
1184 2912 1215 2935 et
1232 2910 1467 2944 apographum
1480 2912 1671 2945 exemplum
1686 2912 1787 2939 omni-

157 2955 199 2974 no
216 2948 325 2975 simile
342 2950 371 2976 in
391 2949 469 2976 solio
485 2951 564 2977 item
582 2951 716 2984 duplici,
733 2960 762 2979 n*
784 2954 841 2980 101.
