2047 3179
175 156 248 194 326
693 159 920 198 LITTERAE
947 171 1306 204 QUADRIMESTRES

176 253 290 293 vtile
311 252 415 294 dell'
440 255 594 295 anime
615 262 790 298 nostre:
815 269 842 297 a
864 268 946 298 sue
968 257 1169 297 orationi
1191 256 1237 297 di
1258 262 1377 297 tutto
1399 256 1430 296 il
1451 267 1592 296 cuore
1613 254 1721 296 tutti
1752 255 1816 295 al-

176 330 251 364 tra
271 325 401 365 volta
425 326 467 366 ci
489 328 918 369 raecomandiamO.

259 393 349 435 Del
370 395 579 448 Collegio
600 404 762 439 nostro
783 399 1088 449 Laurettano,
1114 411 1140 438 a
1161 398 1227 450 gli
1246 397 1271 438 3
1294 397 1336 437 d'
1361 397 1525 449 Aprile
1549 396 1667 438 1555.

258 465 349 518 Qui
370 467 518 508 siamo
541 469 708 520 cinque
729 470 987 510 sacerdotti
1008 475 1053 509 et
1074 469 1273 509 duodeci
1291 468 1465 509 fratelli
1485 468 1625 520 layci.

504 539 564 579 Di
585 540 645 580 V.
670 540 724 580 R.
749 540 796 580 P.
823 540 1028 591 indegno
1051 540 1098 580 in
1119 539 1308 581 Christo
1330 539 1522 591 figliolo‚

1086 682 1314 723 OLIUERIO
1349 682 1602 723 MANAREo.

258 895 612 947 Superscm‘ptt'o
634 895 684 935 in
703 899 846 936 sexta
862 896 1070 947 pagina:
1091 895 1152 936 Al
1173 897 1315 936 molto
1336 894 1498 936 R.<¹01n
1520 894 1709 935 Christo
1732 894 1818 935 Pa-

174 966 257 1007 dre
279 967 310 1007 il
331 967 378 1007 P.
404 967 490 1007 M.⁰
510 967 692 1018 [gnatio
714 967 771 1008 de
792 967 972 1020 Loyola
1000 967 1245 1019 Preposito
1277 967 1509 1008 Generale
1538 965 1658 1007 della
1680 964 1816 1007 Com-

173 1038 352 1090 pagnia
374 1038 430 1079 de
450 1038 576 1091 Jesu,
601 1039 647 1078 in
667 1038 831 1080 Roma.

256 1109 366 1150 Alia
388 1121 548 1151 manu.
582 1109 697 1150 1555.
721 1110 908 1151 Loreto.
935 1110 1085 1163 Quad.
1110 1110 1155 1151 di
1176 1110 1365 1161 Loreto‚
1389 1109 1414 1150 3
1435 1109 1482 1150 di
1503 1109 1680 1162 Aprile.

256 1181 436 1221 Eadem
451 1181 502 1221 in
513 1186 580 1233 pa
584 1181 706 1232 gina
722 1185 907 1222 octava.
927 1182 999 1222 Ex
1015 1181 1225 1233 Collegio
1242 1180 1494 1222 Lauretan'
1511 1181 1536 1220 6
1553 1180 1661 1233 (sic)
1675 1179 1816 1233 Apri-

173 1252 230 1292 lis
257 1252 374 1293 1555.

256 1324 321 1364 Et
342 1324 455 1365 alia.
480 1325 654 1366 Loreto
674 1326 741 1366 55.

838 1753 1175 1808 COGLXIV

239 1980 286 2017 P.
310 1980 512 2027 Raphael
531 1981 666 2018 Riera

286 2045 409 2084 Patri
427 2046 599 2094 Ignatio
620 2047 673 2085 de
690 2047 875 2096 Loyola.

332 2111 543 2160 Laureto,
565 2113 588 2150 6
608 2113 776 2161 Aprilis
798 2114 891 2152 1555
909 2114 935 2153 ¹.

828 2252 960 2305 jhus.
985 2252 1151 2294 Maria.

246 2395 412 2436 Gratia
431 2401 476 2436 et
496 2407 591 2448 pax
614 2394 805 2436 Domini
827 2397 977 2437 nostri
998 2396 1109 2449 Jesu
1133 2397 1322 2449 Christi,
1348 2403 1436 2438 etc.

247 2467 480 2508 Exactum
502 2467 598 2508 iam
619 2474 823 2520 quatuor
844 2468 1076 2508 mensium
1098 2469 1318 2521 spatium,
1341 2481 1400 2509 ex
1421 2480 1513 2521 quo
1537 2469 1584 2509 in
1606 2469 1728 2509 hanc
1752 2468 1815 2509 al-

167 2551 293 2580 mam
322 2539 513 2579 domum
542 2539 823 2591 appulimus,
860 2539 961 2580 R.<¹e
986 2539 1031 2580 in
1062 2539 1254 2580 Christo
1285 2539 1439 2591 Pater,
1472 2551 1558 2581 nos
1588 2545 1745 2580 monet
1766 2545 1816 2579 ut

164 2609 322 2650 debito
346 2610 595 2662 fungentes
624 2610 920 2651 obedientiae
948 2623 1156 2662 munere,
1187 2611 1244 2652 de
1270 2617 1368 2652 toto
1399 2622 1625 2652 successu
1659 2622 1815 2651 rerum

165 2687 440 2722 nostrarum
462 2681 601 2722 Κάλω
616 2681 667 2721 Ρ.
690 2681 742 2722 T.
769 2682 1024 2723 certiorem
1040 2682 1285 2723 faciamus.
1305 2682 1462 2723 Primo
1481 2682 1626 2734 igitur
1644 2681 1699 2722 de
1723 2680 1814 2722 foe-

165 2752 244 2793 lici
265 2763 490 2793 successu
512 2752 707 2801 itineris,
731 2753 794 2793 2.0
816 2753 873 2794 de
895 2760 1022 2794 statu
1044 2754 1411 2806 praeteritarum
1429 2759 1473 2794 et
1492 2752 1818 2805 praesentium

222 2886 231 2906 ¹
272 2886 532 2922 Autographae.
550 2888 697 2923 quinque
710 2892 910 2916 constantes
924 2889 1024 2923 foliis,
1035 2897 1090 2916 nn.
1105 2888 1403 2917 101-105.-Eadem
1415 2889 1487 2916 fere
1502 2888 1557 2916 hie
1571 2891 1761 2916 narrantur
1774 2895 1815 2915 ae

167 2934 202 2961 in
216 2935 502 2968 praecedentibus
518 2935 553 2963 P.
568 2934 712 2963 Oliverii
728 2935 894 2967 Manarei.
909 2937 927 2964 3
945 2937 1077 2971 Aprilis
1098 2937 1199 2964 datis.
1222 2936 1294 2964 Eas
1315 2941 1431 2964 tamen
1452 2936 1507 2964 hic
1529 2943 1670 2964 numero
1685 2939 1719 2964 et
1740 2936 1816 2963 loco

164 2981 350 3010 distinctas
365 2983 530 3017 ponimus,
547 2983 627 3018 quia
643 2984 685 3011 ab
702 2984 770 3011 alio
786 2984 1003 3019 subscriptae
1020 2988 1098 3012 sunt
1113 2990 1147 3012 et
1162 2985 1195 3012 in
1209 2984 1329 3018 paucis
1344 2985 1387 3012 ab
1403 2983 1471 3012 illis
1487 2984 1666 3012 differunt.
