2047 3179
263 130 334 167 680
781 129 1010 167 LITTERAE
1030 138 1390 173 QUADRIMESTRES

346 226 701 278 Superscrz'ptz'o
724 225 772 265 ίιι
794 230 969 278 quarta
980 225 1196 278 pagina:
1217 227 1244 273 †
1264 224 1367 265 R.d0
1392 224 1439 264 in
1455 223 1643 264 Christo
1661 224 1790 264 Patri
1807 223 1901 265 Ma·

263 298 414 350 gistro
436 298 622 338 domino
644 305 806 338 nostro
829 300 855 347 ¹,
883 297 1066 348 Ignatio
1088 296 1144 336 de
1166 296 1366 348 Loyola,
1390 294 1667 347 Praeposito
1688 295 1902 346 generali

265 369 517 411 Societatis
536 369 663 422 Jesu,
687 368 882 410 Romae.

343 441 456 481 Alia
477 452 640 481 mama:
665 440 780 481 1555.
806 440 1019 481 Genoua.
1049 439 1442 491 Quadrimestres.
1470 436 1518 477 10
1539 437 1772 478 Octobris.

481 938 763 965 Praecedentium
779 938 948 972 Alphonsi
964 938 1168 966 Hernandez
1182 938 1379 965 litterarum
1396 937 1515 965 italica
1531 936 1645 964 versio
1660 936 1683 963 ἓ.

1013 1084 1145 1190 ]11115.

343 1299 445 1341 R.d0
471 1300 518 1340 in
541 1299 727 1341 Christo
744 1299 910 1340 Padre.

345 1371 445 1412 Pax
465 1370 540 1412 X.i
568 1377 656 1412 etc.

345 1442 511 1483 Percio
533 1443 620 1483 che
641 1443 733 1482 alla
756 1441 810 1482 R.
834 1441 895 1483 V.
919 1453 1013 1482 non
1034 1442 1232 1494 piaceno
1254 1440 1427 1492 longhe
1448 1440 1628 1491 parole,
1652 1439 1839 1491 quando
1861 1439 1906 1478 13

265 1526 377 1555 cosa
411 1526 460 1555 se
488 1526 580 1566 puo
614 1514 712 1554 dire
742 1514 789 1554 in
820 1513 984 1564 poche,
1017 1524 1351 1565 procureremo
1380 1511 1681 1552 breuemente
1703 1509 1907 1550 narrarli

269 1586 421 1638 quello
443 1585 529 1626 che
550 1585 598 1625 in
619 1585 770 1637 questi
792 1590 979 1637 quattro
1000 1585 1118 1625 mesi
1138 1584 1318 1636 passati
1339 1584 1375 1624 s'
1396 1587 1420 1624 6
1437 1585 1517 1635 qui
1532 1582 1665 1633 fatto,
1686 1587 1729 1622 et
1745 1582 1789 1621 la
1806 1581 1906 1621 bre·

265 1658 363 1698 uita
385 1657 457 1698 del
479 1663 636 1709 tempo
668 1662 834 1709 questo
864 1656 1120 1696 medesimo
1150 1655 1376 1705 richiede,
1407 1653 1648 1695 conciosia
1678 1664 1789 1693 cosa
1821 1652 1907 1692 che

267 1740 419 1781 apena
441 1729 505 1769 mi
526 1728 639 1769 resti
660 1735 815 1780 tempo
838 1739 921 1779 per
951 1727 1159 1768 scriuere
1180 1732 1346 1779 questa
1376 1737 1459 1778 per
1489 1726 1531 1765 le
1553 1725 1686 1765 molti
1707 1735 1907 1775 occupa-

266 1801 404 1853 tioni,
426 1801 773 1841 nientedimeno
795 1800 1061 1840 essendomi
1082 1805 1306 1851 proposta
1327 1797 1354 1838 1’
1376 1797 1656 1847 obedientia,
1674 1796 1811 1836 elessi
1827 1795 1906 1848 piu

263 1878 388 1913 tosto
410 1873 611 1924 pigliare
634 1878 798 1925 questo
820 1872 1030 1912 incarico
1054 1871 1140 1911 che
1161 1876 1292 1911 tanto
1314 1882 1340 1910 o
1363 1875 1538 1922 quanto
1561 1868 1667 1908 dall’
1693 1866 1907 1908 obedien-

267 1944 334 1985 tia
354 1944 563 1985 suiarmi.

347 2015 685 2057 Cominciando
708 2015 925 2066 adunque
948 2014 1069 2054 dalle
1090 2012 1391 2063 confessioni,
1415 2013 1456 2052 16
1479 2011 1605 2061 quali
1627 2010 1840 2062 sogliono
1863 2015 1910 2049 et

271 2087 338 2139 gli
358 2087 569 2128 huomini
591 2087 649 2127 da
670 2087 788 2127 bene
810 2092 854 2126 et
876 2086 907 2126 li
929 2085 1081 2137 spiriti
1101 2084 1263 2125 celesti
1278 2084 1378 2125 fare
1397 2084 1672 2134 rallegrare,
1692 2083 1739 2122 in
1757 2079 1911 2132 questi

266 2158 446 2198 rumori
469 2158 589 2198 della
610 2169 783 2209 guerra
806 2164 849 2197 et
871 2156 1055 2197 tumulti
1077 2156 1123 2196 di
1143 2154 1347 2206 barbari,
1379 2154 1572 2206 parechi
1599 2164 1683 2204 per
1709 2152 1909 2203 cagione

268 2229 388 2270 dello
410 2241 549 2270 sacro
571 2229 776 2280 giubileo
798 2240 847 2268 se
869 2240 985 2268 sono
1013 2226 1267 2268 confessati
1298 2231 1343 2266 et
1374 2225 1491 2266 tanti
1521 2237 1579 2264 ne
1611 2235 1818 2264 uennero
1848 2223 1908 2263 da

267 2301 348 2341 noi
370 2301 456 2341 che
479 2312 629 2352 apena
653 2306 889 2352 poteuano
911 2299 942 2339 li
962 2297 1055 2339 R.d1
1076 2298 1227 2338 nostri
1242 2296 1397 2347 Padri,
1417 2297 1489 2336 ne'
1510 2295 1667 2347 giorni
1685 2294 1834 2334 anche
1851 2293 1908 2333 (16

266 2373 432 2413 lauoro
455 2371 658 2424 partirse
680 2371 804 2411 dalla
825 2371 999 2411 chiesa.
1023 2369 1189 2410 Percio
1213 2369 1300 2410 che
1321 2369 1395 2408 nel
1416 2378 1530 2407 uero
1552 2366 1708 2418 quelli,
1732 2365 1763 2405 li
1780 2365 1909 2416 quali

269 2455 365 2483 non
386 2443 425 2483 si
447 2443 671 2483 soleuano
693 2443 965 2483 confessare
986 2441 1066 2493 piu
1096 2440 1139 2480 d'
1170 2451 1263 2480 una
1299 2440 1426 2479 uolta
1460 2439 1489 2478 l'
1527 2449 1665 2488 anno,
1704 2436 1833 2476 tirati
1862 2435 1912 2475 di

270 2514 421 2555 nostri
442 2513 599 2565 Padri‚
622 2514 702 2566 piu
725 2525 887 2565 spesso
908 2513 947 2552 si
969 2511 1266 2561 confessano,
1291 2511 1322 2550 il
1343 2509 1444 2560 che,
1474 2509 1608 2549 accio
1636 2508 1715 2560 piu
1745 2518 1907 2559 spesso

269 2586 308 2626 si
329 2597 471 2637 possa
494 2585 666 2637 meglio
688 2585 789 2625 fare
811 2590 855 2625 et
876 2584 1176 2635 frequentare
1198 2583 1241 2622 13
1263 2581 1607 2630 communione,
1633 2579 1739 2619 tutti
1766 2579 1780 2618 i
1806 2589 1910 2630 pec—

272 2658 380 2708 cati,
406 2657 532 2709 quali
555 2656 613 2697 da
637 2658 737 2696 loro
760 2655 1065 2695 fanciullezza
1088 2652 1382 2703 commisero,
1416 2652 1509 2692 han
1532 2650 1815 2699 confessam,
1846 2649 1912 2688 tal

273 2729 359 2768 che
381 2740 469 2768 con
495 2728 692 2779 ragione
715 2728 753 2767 si
771 2738 862 2778 puo
882 2727 925 2766 la
943 2724 1238 2766 confessione
1256 2723 1356 2764 dire
1371 2734 1480 2763 esca
1499 2721 1616 2762 delle
1633 2721 1786 2761 buone
1805 2731 1911 2771 ope·

325 2863 332 2882 ¹
378 2863 484 2890 Voces
500 2864 562 2891 has
577 2864 719 2890 domino
735 2864 854 2890 nostro
869 2860 1077 2889 cancellavit
1093 2860 1235 2894 antiqua
1250 2866 1381 2887 manus.

322 2910 335 2928 ‘2
373 2910 651 2945 Autographum,
667 2914 703 2938 ut
719 2910 864 2942 videtur,
881 2908 1074 2942 exemplum
1089 2907 1122 2934 in
1136 2906 1214 2934 folio
1230 2905 1368 2940 duplici,
1385 2912 1439 2933 nn.
1456 2905 1506 2932 189
1525 2908 1559 2932 et
1577 2903 1637 2939 190,
1653 2910 1773 2931 manus
1794 2906 1910 2930 autem

269 2959 366 2985 nobis
379 2959 508 2992 ignota.
