2047 3179
243 182 315 219 388
758 185 985 222 LITTERAE
1012 197 1372 229 QUADRIMESTRES

878 638 917 691 C
926 637 1250 692 CCLXXI]

305 866 503 905 Erardus
524 868 819 911 Avantianus,
843 867 1119 913 Leodiensis‚

354 932 473 970 Patri
493 932 665 979 Ignatio
685 932 738 969 de
760 933 947 980 Loyola.

399 998 586 1043 Vienna,
607 997 653 1034 27
671 997 840 1045 Aprilis
858 998 950 1036 1555
970 999 994 1034 ¹.

311 1135 478 1177 Gratia
511 1142 553 1176 et
589 1148 682 1188 pax
717 1136 775 1176 D.
808 1136 862 1177 N.
894 1137 1006 1190 Jesu
1036 1137 1209 1178 Christi
1241 1138 1474 1178 custodiat
1504 1139 1650 1179 corda
1687 1146 1867 1181 nostra.

230 1208 397 1248 Amen.

308 1279 466 1320 Monet
493 1291 566 1320 me
587 1280 814 1331 temporis
834 1281 1097 1332 praesentis
1126 1281 1261 1332 ratio,
1293 1281 1432 1322 Pater
1461 1282 1714 1323 admodum
1736 1283 1865 1332 R.de‚

226 1357 276 1391 vt
297 1351 502 1391 breuiter
524 1351 755 1402 attingam
782 1363 901 1403 quae
929 1363 1012 1403 per
1040 1358 1240 1403 quatuor
1260 1363 1385 1393 nunc
1406 1353 1503 1393 fere
1532 1354 1717 1406 elapsos
1740 1367 1864 1395 men-

224 1434 300 1462 ses
321 1421 553 1462 Dominus
573 1422 646 1463 his
667 1422 714 1462 in
735 1423 850 1463 locis
880 1434 963 1474 per
985 1423 1178 1464 minima
1205 1422 1456 1464 Societatis
1485 1431 1675 1466 nostrae
1696 1426 1864 1467 instru-

225 1500 382 1534 menta
405 1494 593 1545 operari
614 1494 837 1545 dignatus
860 1501 943 1534 est.

304 1565 375 1605 Ac
404 1566 606 1617 primum
636 1566 838 1618 quidem,
875 1565 999 1618 quod
1031 1566 1090 1606 ad
1119 1566 1390 1607 scholarum
1418 1574 1688 1609 nostrarum
1724 1570 1862 1610 ratio-

223 1649 331 1677 nem
365 1643 562 1688 spectat,
601 1638 779 1687 eodem,
818 1649 908 1689 quo
943 1637 1195 1689 postremis
1235 1637 1658 1689 quadrimestribus
1697 1641 1864 1682 litteris

222 1707 282 1748 V.
306 1708 355 1748 P.
382 1708 577 1759 accepit,
604 1709 865 1760 procedunt
887 1709 1040 1758 modo,
1066 1709 1285 1749 nimirum
1303 1721 1408 1750 curn
1426 1721 1521 1750 non
1542 1711 1714 1762 exigua
1737 1714 1862 1753 etlit-

221 1786 429 1820 terarum
455 1786 499 1820 et
521 1780 708 1831 pietatis
730 1780 1016 1820 accessione.
1041 1779 1334 1820 Assuescunt
1352 1781 1476 1821 enim
1494 1783 1626 1833 pueri
1645 1790 1688 1823 et
1708 1784 1859 1824 adole-

221 1857 406 1891 scentes
429 1850 640 1891 confiteri
663 1852 863 1902 saepius,
890 1858 933 1891 et
964 1850 1087 1902 quod
1117 1859 1225 1891 ante
1257 1853 1495 1903 grauatim
1525 1865 1579 1893 ac
1602 1855 1729 1895 velut
1756 1867 1860 1896 coa-

219 1922 283 1962 cti
303 1922 554 1973 faciebant,
579 1934 701 1962 nunc
730 1929 835 1974 post
863 1922 1205 1973 experientiam
1235 1923 1454 1964 alacriter
1487 1931 1532 1964 et
1561 1926 1778 1967 certatim
1800 1928 1859 1968 ad

217 1993 514 2034 sacerdotem
555 1993 819 2034 confessuri
859 2000 1129 2045 properant.
1177 1993 1386 2045 Quorum
1428 1996 1637 2047 plerique
1678 1998 1855 2038 confes-

217 2065 364 2105 sionis
400 2065 572 2106 virtute
600 2072 697 2105 tum
724 2077 899 2117 prauas
930 2076 1111 2106 morum
1148 2066 1525 2117 consuetudines,
1560 2074 1659 2108 tum
1689 2069 1858 2121 impios

215 2149 271 2177 ac
311 2137 575 2177 haereticos
614 2148 817 2186 erroreS‚
854 2137 1028 2177 sensim
1061 2137 1320 2189 deponunt,
1358 2149 1475 2189 quos
1505 2139 1636 2179 multi
1672 2141 1747 2180 vel
1779 2153 1856 2192 pa-

214 2215 398 2249 rentum
430 2210 713 2260 corruptela,
743 2210 818 2249 vel
846 2216 1208 2261 praeceptorum
1238 2209 1585 2250 haereticorum
1606 2222 1756 2262 praua
1777 2213 1853 2253 do-

211 2280 378 2330 ctrina,
404 2281 676 2321 hauserant.
698 2280 824 2320 Inter
844 2280 929 2320 hos
950 2292 1045 2320 non
1065 2280 1204 2332 pauci
1227 2280 1367 2332 (quod
1388 2280 1676 2322 horrendum
1697 2285 1851 2335 magis

211 2351 311 2402 cst),
350 2359 598 2402 parentum
632 2352 857 2392 instantia
893 2352 1007 2392 victi
1037 2359 1176 2403 atque
1212 2352 1455 2403 compulsi,
1485 2352 1762 2404 jurauerant
1803 2367 1853 2395 se

209 2434 449 2474 nunquam
485 2434 669 2463 errores
706 2422 973 2463 huiusmodi
1009 2423 1292 2474 deserturos3
1334 2423 1431 2463 fere
1472 2430 1628 2464 tamen
1669 2436 1846 2476 omnes,

210 2494 535 2534 confessorum
569 2494 816 2534 sedulitate
851 2494 1081 2545 persuasi,
1120 2493 1222 2534 Deo
1259 2494 1439 2534 scilicet
1475 2495 1629 2546 magis
1666 2497 1854 2537 obedire

208 2571 423 2616 oportere
439 2577 581 2617 quam
598 2565 879 2614 hominibus,
900 2565 1024 2617 quod
1041 2572 1216 2606 temere
1231 2564 1498 2617 juramento
1516 2567 1849 2618 promiserant,

209 2635 333 2675 haud
350 2637 588 2687 grauatim
607 2637 914 2677 resciderunt.
937 2636 1063 2677 Inter
1078 2636 1179 2687 hos,
1199 2637 1278 2688 qui
1295 2636 1511 2677 rudiores
1530 2637 1576 2677 in
1593 2638 1739 2678 latino
1756 2650 1848 2679 ser-

206 2718 344 2747 mone
366 2714 471 2747 sunt
495 2708 833 2748 catechismum
853 2708 1180 2759 germanicum
1201 2708 1259 2748 ab
1282 2720 1375 2748 vno
1397 2714 1611 2749 nostrum
1634 2710 1845 2762 audiunt,

205 2790 344 2829 quem
362 2779 440 2829 qui
461 2785 567 2819 sunt
586 2778 737 2819 forma
764 2784 778 2803 ‘²
799 2786 842 2819 et
863 2779 1052 2830 ingenio
1074 2779 1460 2831 praestantiores,
1485 2786 1590 2831 post
1611 2781 1843 2831 germani-

205 2860 311 2888 cam
333 2849 378 2889 in
401 2851 573 2901 templo
596 2856 757 2890 nostro
781 2850 990 2890 habitam
1012 2851 1301 2900 concionem,
1326 2851 1471 2890 multo
1503 2856 1748 2902 spectante
1770 2863 1847 2903 po-

261 2962 269 2980 ¹
310 2961 560 2995 Antea-ramme
576 2961 701 2995 duplici
718 2962 808 2995 folio.
826 2970 880 2989 nn.
896 2961 948 2989 263
963 2969 997 2989 et
1013 2962 1074 2989 264.

257 3009 271 3027 ²
309 3008 360 3036 Ita
381 3008 541 3041 Erardus;
558 3009 614 3035 sed
632 3010 737 3037 verbo
752 3009 948 3044 hoc-forma
964 3010 1169 3043 cancellato,
1182 3009 1423 3044 superscripsit
1442 3009 1609 3036 Polaticus
1623 3010 1755 3042 gratia.
