2047 3179
254 168 325 207 482
781 171 1002 208 LITTERAE
1021 181 1382 214 QUADRIMESTRES

335 266 605 307 Conuersae
635 267 821 307 interim
853 268 1082 308 moniales
1110 280 1159 308 se
1190 268 1237 308 in
1264 267 1515 309 Societatis
1546 275 1739 309 nostrae
1762 271 1894 322 spiri-

254 338 458 378 tualibus
479 339 731 389 exercitiis,
756 339 945 379 admota
980 339 1175 379 Patrum
1196 350 1354 390 opera,
1379 349 1619 391 exercent,
1650 352 1894 392 magnum-

253 420 342 461 que
364 420 670 461 progressum
690 410 881 450 faciunt.
917 410 1033 451 Cum
1059 410 1339 461 quibusdam
1367 422 1426 450 ex
1447 410 1515 450 eis
1537 412 1893 461 aegrotantibus

252 481 423 521 medici
461 482 637 521 nullam
672 482 957 532 sponderent
1001 482 1221 532 salutem,
1259 481 1348 521 nisi
1398 494 1456 522 ex
1490 481 1778 523 habitatione
1814 484 1891 523 illa

252 550 590 602 egrederentur
634 551 929 591 exhilarandi
975 551 1118 591 animi
1157 552 1311 602 gratia
1357 563 1464 592 cum
1508 555 1889 605 consanguineiS,

250 623 381 674 ipsae
402 635 494 662 uno
517 635 596 663 ore
619 623 890 663 mortalium
903 623 1051 663 vitam
1069 622 1221 663 Deum
1240 635 1382 674 penes
1399 635 1516 673 esse,
1534 636 1729 676 eamque
1747 624 1891 675 (dum-

250 694 389 734 modo
423 694 657 745 expediat)
690 694 1000 745 elargiturum
1030 694 1112 744 eis,
1142 701 1386 734 aestuante
1414 695 1579 746 spiritu
1601 701 1892 736 contestatae

250 772 371 805 sunt.
397 764 552 816 Atque
576 765 808 816 praesidio
830 765 975 805 diuini
996 765 1201 805 numinis
1229 765 1452 815 munitae,
1488 777 1574 817 pro
1595 767 1740 807 nihilo
1763 767 1890 807 habi-

248 837 309 876 tis
330 836 489 876 mundi
511 837 935 886 commoditatibus,
975 837 1403 877 animaduertentes
1426 837 1623 877 arduum
1644 849 1761 888 esse,
1783 850 1888 878 cum

249 908 425 959 regulis
449 908 826 959 draconibusque
860 909 1132 960 habitando,
1169 920 1270 948 sese
1301 909 1511 959 integras
1547 920 1740 949 seruare
1761 909 1891 950 Chri-

248 986 335 1029 sto,
373 978 662 1018 medicorum
700 979 947 1019 consilium
976 980 1309 1030 exploserunt,
1347 980 1667 1032 commorique
1703 981 1749 1020 in
1786 982 1889 1022 reli-

247 1050 386 1101 gione
408 1051 565 1100 potius
581 1051 702 1090 inter
719 1063 830 1091 suas
846 1051 893 1090 in
910 1051 1096 1091 Christo
1114 1062 1301 1091 sorores
1320 1052 1584 1091 maluerunt
1601 1057 1886 1092 statuerunt-

247 1133 350 1173 que,
375 1122 421 1161 in
443 1122 743 1174 maximaque
765 1133 923 1162 rerum
945 1122 1212 1162 diuinarum
1243 1122 1526 1173 cognitione,
1551 1123 1623 1162 sui
1644 1123 1791 1174 ipsius
1814 1123 1888 1163 de-

246 1193 487 1244 spectione
523 1199 567 1233 et
602 1193 858 1245 spiritualis
893 1194 1054 1245 gaudii
1089 1193 1371 1245 perfusione,
1401 1193 1553 1234 morbi
1586 1193 1889 1236 afflictionem

245 1275 396 1316 aequo
419 1265 576 1304 animo
597 1265 853 1316 perferunt.

324 1335 557 1376 Paschate
580 1337 792 1387 proxime
815 1337 1008 1388 delapso
1029 1349 1123 1377 non
1142 1337 1367 1388 exiguum
1389 1335 1709 1377 confitentium
1731 1350 1887 1379 nume—

244 1419 346 1447 rum
383 1408 443 1448 ad
470 1407 727 1448 Dominum
756 1408 1041 1460 Episcopum
1068 1408 1415 1460 Dominumque
1445 1407 1773 1459 Inquisitorem
1804 1409 1887 1451 Pa—

242 1485 337 1519 tres
368 1479 517 1519 nostri
546 1480 741 1519 missum
771 1485 1012 1530 curarunt,
1051 1487 1100 1519 ut
1128 1479 1356 1531 quosdam
1384 1479 1524 1519 fidem
1556 1479 1885 1531 impugnantes

241 1551 581 1591 denunciarent
617 1551 958 1602 deferrentque.
998 1551 1086 1591 Hic
1122 1563 1324 1603 namque
1358 1552 1658 1602 promulgata
1693 1552 1779 1592 fuit
1810 1564 1886 1593 ex—

240 1623 606 1663 communicatio
642 1623 688 1662 in
732 1623 856 1673 illos,
901 1623 1003 1675 qui,
1048 1623 1285 1663 hominem
1329 1623 1516 1663 haeresi
1550 1623 1886 1664 adhaerentem

240 1694 457 1744 scientes,
478 1706 571 1734 non
588 1694 747 1734 statim
765 1700 1032 1745 retegerent
1054 1694 1271 1746 apudque
1288 1693 1490 1745 judicem
1516 1693 1767 1734 deferrent.
1792 1694 1883 1735 Sed

240 1765 330 1805 heu
354 1765 623 1805 mortalium
645 1766 973 1805 temeritatem!
998 1765 1313 1805 execrandam
1338 1766 1680 1815 arrogantiam!
1704 1773 1816 1817 quot
1838 1773 1883 1806 et

239 1848 356 1888 quos
386 1837 580 1876 humani
607 1836 796 1888 generis
824 1837 1056 1887 pessimus
1086 1836 1235 1876 hostis
1263 1837 1310 1876 in
1345 1836 1468 1877 hanc
1504 1838 1884 1878 excommunica-

238 1908 413 1948 tionem
443 1909 612 1948 misere
640 1908 938 1959 prolabentes
960 1907 1134 1947 inuasit
1165 1919 1221 1947 ac
1243 1907 1526 1948 deuastauit!
1560 1907 1648 1959 Qui
1670 1921 1881 1948 nonnun-

237 1992 394 2031 quam,
424 1986 694 2019 nostrorum
723 1979 915 2019 Patrum
938 1979 1345 2019 adhortationibus
1363 1985 1680 2030 occurrentes,
1699 1991 1748 2020 se
1765 1981 1876 2020 mal-

237 2052 278 2091 le
313 2050 595 2091 Sanctorum
630 2050 830 2090 ecclesia
869 2050 1068 2101 viduari,
1102 2061 1241 2101 quam
1269 2050 1511 2090 hominum
1538 2051 1693 2101 gratia
1722 2050 1882 2091 orbari

237 2121 538 2174 respondent.
565 2121 809 2162 Orandum
830 2133 915 2173 pro
938 2122 1004 2161 eis
1027 2127 1115 2161 etc.

317 2193 543 2244 Mutinae,
569 2193 612 2233 V
634 2192 737 2233 idus
759 2193 871 2233 Maii
897 2193 1012 2233 1555.

317 2263 407 2304 Per
429 2264 578 2305 nostri
600 2263 654 2304 R.
678 2263 728 2303 Ρ.
749 2264 1144 2305 commissionem.

315 2335 445 2376 Tuae
469 2335 762 2376 obedientiae
785 2335 1143 2386 indignissimus
1164 2335 1302 2386 filius,

1181 2477 1392 2531 JOANNEs
1423 2476 1662 2518 IGNATIUS.
