2047 3179
910 160 990 196 Ax.
1018 160 1106 196 1555
1753 165 1825 202 495

178 256 411 295 collocata
433 264 501 295 est
524 256 648 307 apud
671 257 914 296 honestam
946 256 1150 302 viduam,
1189 263 1375 296 ceterae
1411 258 1502 297 alio
1539 261 1818 310 commigra-

181 332 303 366 runt.
327 326 414 366 Hic
437 338 557 366 nunc
580 328 731 378 pergit
753 327 1021 377 frequenter
1042 325 1257 366 confiteri
1278 333 1322 366 et
1346 327 1491 368 vitam
1509 339 1651 379 agere
1676 330 1817 370 hone-

180 402 318 437 stam.
340 396 513 437 Multae
529 409 711 448 quoque
729 398 941 448 integrae
963 396 1180 446 familiae,
1201 397 1409 437 eiusdem
1426 397 1576 438 Patris
1589 401 1803 441 concioni

178 467 266 507 bus
288 475 565 515 commotae,
588 468 876 520 frequentius
893 467 1041 507 eidem
1060 467 1354 518 confitentur,
1379 476 1423 508 et
1441 469 1499 509 ad
1518 471 1665 517 vitam
1687 472 1820 522 spiri-

179 538 355 577 tualem
386 538 688 578 vehementer
715 538 950 578 anhelant.
983 536 1120 577 Pater
1147 537 1416 578 Anthonius
1447 539 1455 557 ¹
1480 540 1665 580 interim
1693 547 1818 581 totus

179 614 249 647 est
270 608 315 648 in
335 608 578 648 audiendis
598 609 969 649 confessionibus
987 614 1031 647 et
1048 607 1296 648 visitandis
1314 608 1632 660 hospitalibus
1649 619 1691 651 et
1712 624 1819 652 con—

178 679 386 719 solandis
404 679 613 729 infirmis,
634 687 730 719 tum
748 680 792 719 in
810 679 1005 730 priuatis
1024 678 1253 729 domibuS,
1273 685 1372 719 tum
1388 680 1529 720 etiam
1546 681 1593 720 in
1610 682 1814 733 hospita-

178 749 310 799 libus,
344 750 420 789 vbi
451 751 570 790 inter
604 758 817 790 caeteros
844 751 1006 790 italum
1027 749 1277 801 quemdam
1298 751 1592 792 sacerdotem
1614 753 1808 804 inusnit,

175 820 253 870 qui
273 821 421 860 tribus
445 822 578 860 annis
600 822 667 861 sic
691 822 736 861 in
759 821 921 861 militia
938 821 1086 860 vitam
1104 828 1280 871 egerat,
1302 828 1351 860 vt
1370 834 1426 861 ne
1442 823 1694 873 vestigium
1714 826 1810 875 qui—

177 891 281 931 dem
303 892 554 932 sacerdotii
578 893 625 932 in
648 905 700 932 eo
730 899 1002 944 appareret:
1034 892 1109 931 hic
1146 892 1348 942 tandem,
1387 894 1598 943 generali
1634 895 1813 935 conses-

177 961 306 1001 sione
328 969 536 1013 peracta,
561 963 627 1002 sic
664 963 955 1014 propositum
992 962 1205 1011 mutauit,
1244 969 1292 1001 vt
1328 971 1580 1004 consecuta
1611 966 1812 1006 sanitate

172 1033 381 1084 coeperit
399 1045 563 1084 preces
591 1034 806 1074 horarias
828 1035 983 1084 legere
1014 1039 1058 1073 et
1088 1033 1382 1072 sacerdotem
1402 1045 1451 1073 se
1474 1036 1738 1087 ostendere,
1771 1046 1815 1077 et

174 1103 422 1154 pristinam
444 1104 591 1144 vitam
612 1104 867 1144 detestatus
885 1116 938 1144 eo
958 1104 1113 1144 animo
1132 1104 1179 1143 in
1196 1104 1398 1155 patriam
1422 1105 1572 1158 rediit,
1594 1113 1644 1146 Vt
1662 1108 1810 1148 Vitam

175 1174 328 1215 ordini
350 1186 434 1214 suo
458 1175 747 1215 conformem
767 1187 914 1226 agere
934 1179 948 1199 ²
970 1175 1267 1215 commodius
1287 1181 1460 1226 posset.

255 1245 484 1297 Occupati
502 1246 672 1286 suimus
688 1248 955 1298 frequenter
977 1257 1082 1286 cum
1105 1246 1289 1286 officiali
1310 1248 1594 1297 tornacensi,
1620 1256 1812 1290 nostrae

173 1315 423 1357 Societatis
441 1325 651 1358 amatore
668 1324 713 1357 et
729 1325 1080 1369 propugnatore
1094 1324 1299 1367 strenuo,
1316 1318 1361 1357 in
1376 1319 1701 1360 examinandis
1718 1322 1811 1371 plu-

171 1388 300 1428 rimis
325 1388 508 1428 haeresi
531 1390 772 1440 suspectis.
799 1388 924 1428 Misit
946 1400 1128 1440 quoque
1158 1388 1216 1428 ad
1239 1400 1324 1428 nos
1353 1387 1653 1430 Gubernator
1674 1392 1812 1432 huius

169 1459 374 1499 ciuitatis
413 1458 425 1476 ⁵
467 1460 608 1499 libros
649 1461 875 1510 plurimos
915 1467 1162 1511 suspectos
1201 1460 1543 1500 examinandos
1579 1462 1624 1501 in
1665 1474 1809 1503 causa

169 1531 329 1581 magni
345 1532 582 1579 momenti,
609 1543 698 1582 quo
722 1538 882 1581 aperte
904 1532 1113 1571 declarat
1136 1543 1185 1570 se
1206 1530 1457 1581 plurimum
1487 1532 1620 1572 nobis
1648 1533 1806 1585 fidere,

169 1607 212 1641 et
235 1601 280 1641 in
303 1603 406 1641 aliis
428 1609 524 1642 tam
546 1603 642 1653 ipse
665 1614 806 1653 quam
831 1602 1010 1641 nobiles
1046 1608 1089 1641 et
1125 1602 1431 1652 magistratus
1467 1615 1609 1654 opera
1645 1611 1808 1644 nostra

167 1671 362 1712 libenter
384 1679 426 1712 et
456 1672 724 1724 frequenter
756 1679 962 1713 Vtuntur.
1000 1673 1094 1713 Imo
1126 1673 1443 1712 nobilissimae
1478 1681 1522 1713 et
1550 1675 1805 1726 precipuae

165 1742 369 1783 familiae
394 1743 530 1783 huius
553 1744 756 1783 ciuitatis
778 1744 917 1783 alicui
940 1750 1153 1783 nostrum
1182 1742 1196 1760 ⁴
1224 1744 1491 1795 frequenter
1520 1745 1803 1786 confitentur

166 1821 210 1853 et
233 1826 470 1865 nunquam
507 1815 673 1853 absunt
696 1827 721 1853 a
758 1814 933 1853 nostris
966 1815 1272 1854 concionibus
1302 1827 1358 1854 ac
1380 1817 1574 1855 multum
1597 1828 1682 1856 nos
1709 1818 1806 1857 dili-

165 1892 282 1935 gunt
304 1894 348 1925 et
377 1893 667 1925 reuerentur.

245 1956 574 1996 Cont'essiones
614 1964 711 1995 toto
754 1956 845 1996 hoc
894 1955 1228 2007 quadrimestri
1267 1964 1362 1996 tam
1406 1969 1491 1997 nos
1536 1958 1805 2000 detinebant

163 2039 323 2067 omnes
345 2036 616 2078 occupatos,
641 2036 690 2067 vt
714 2027 949 2067 interdum
987 2027 1066 2067 vix
1100 2028 1336 2078 respirare
1366 2028 1561 2079 licuerit,
1586 2041 1692 2070 cum
1714 2043 1806 2071 non

160 2098 312 2138 solum
334 2111 391 2138 ex
415 2099 503 2138 hac
526 2099 715 2138 ciuitate
734 2099 815 2138 sed
836 2099 978 2138 etiam
1002 2110 1060 2138 ex
1092 2098 1229 2149 pagis
1258 2099 1606 2140 circumuicinis
1633 2112 1805 2152 grega—

160 2169 243 2208 tim
277 2170 462 2220 plurimi
498 2170 557 2209 ad
592 2181 677 2208 nos
707 2169 929 2209 continuo
973 2171 1236 2219 conuolent,
1263 2170 1344 2209 sed
1365 2171 1569 2210 maxime
1589 2173 1805 2222 proxima

159 2241 543 2291 quadragesima:
584 2252 693 2280 nam
725 2240 772 2279 P.
815 2240 1070 2291 Quintinus
1109 2253 1135 2280 a
1172 2251 1354 2280 summo
1390 2252 1526 2280 mane
1561 2253 1709 2294 Vsque
1745 2245 1805 2284 ad

160 2321 407 2361 vesperam
431 2311 542 2350 nibil
564 2310 689 2350 aliud
711 2311 898 2361 agebat.
923 2310 1015 2351 Sed
1038 2312 1125 2350 hoc
1148 2323 1240 2350 non
1259 2311 1423 2350 tacebo
1442 2312 1565 2362 quod
1581 2313 1704 2353 idem
1720 2314 1800 2354 Pa-

158 2388 230 2421 ter
264 2383 348 2420 sub
384 2382 564 2422 initium
601 2383 998 2433 quadragesimae
1036 2383 1348 2433 vndequaque
1385 2384 1642 2424 accersitos
1675 2385 1732 2425 ad
1754 2397 1803 2426 se

159 2463 389 2503 pauperes
411 2459 454 2492 et
477 2452 717 2492 mendicos
747 2464 801 2492 ac
833 2453 1144 2503 vagabundos
1179 2464 1498 2505 quoscumque
1527 2457 1802 2507 compulerit

154 2510 502 2574 quodammodo
526 2523 752 2574 confiteri,
779 2535 896 2575 quos
921 2524 985 2564 ita
1008 2524 1216 2564 abiectos
1243 2531 1288 2563 et
1317 2526 1501 2565 laceros
1530 2531 1660 2566 tanta
1692 2528 1798 2568 cha-

157 2593 296 2633 ritate
317 2601 361 2633 et
382 2594 672 2634 humanitate
692 2595 1060 2645 amplectebatur
1088 2602 1133 2634 et
1163 2595 1394 2645 monebat,
1428 2603 1478 2636 vt
1508 2598 1800 2649 conspicien-

153 2669 225 2704 tes
247 2664 428 2715 aliquos
449 2677 562 2716 prae
584 2665 896 2705 admiratione
917 2672 961 2705 et
982 2664 1155 2716 gaudio
1181 2666 1467 2717 lachrymari
1497 2671 1794 2720 conspexeri-

217 2824 226 2843 ¹
266 2824 302 2851 P.
321 2825 491 2852 Antonius
504 2825 661 2852 Bouclet.

213 2872 227 2890 Ξ
264 2872 404 2899 ducere.
422 2872 602 2899 Polancus.

214 2918 227 2936 ³
269 2918 353 2946 Vide
369 2927 484 2954 supra,
500 2928 578 2954 pag.
592 2920 653 2952 25³0,
668 2925 782 2947 annot.
797 2920 823 2948 3.

214 2966 228 2985 4
269 2966 367 2993 Prius
381 2967 569 3001 scripserat
586 2966 658 3000 ipse
674 2965 845 2994 oliverius
860 2967 1014 3000 aliquem
1032 2975 1165 3000 nrum„
1177 2968 1236 2995 sed
1252 2968 1342 2995 linea
1357 2969 1563 3003 superducta
1585 2971 1725 3000 delevit.
