2047 3179
904 140 988 176 AN.
1021 139 1110 176 1555
1748 138 1814 176 281

179 245 228 279 et
250 244 451 279 mentem
473 238 707 289 colligere,
731 247 871 289 quam
891 235 1036 276 ferme
1055 236 1147 275 iam
1163 234 1525 286 desponderant.
1549 234 1815 275 Restitutio-

180 322 267 350 nes
288 309 401 350 fiunt
421 320 515 349 non
536 319 702 360 parum
722 307 908 347 multae.
929 305 1031 357 Qua
1052 306 1099 346 in
1119 317 1169 345 re
1190 304 1236 345 id
1259 317 1402 346 vnum
1424 305 1578 345 visum
1599 304 1684 345 fuit
1701 306 1816 345 rela-

184 387 233 421 tu
255 380 462 431 dignum,
487 379 612 430 quod
632 377 794 431 paucis
816 376 986 417 abhinc
1011 375 1188 426 diebus,
1213 374 1401 427 quidam
1423 386 1718 415 nummorum
1740 376 1816 416 tri-

176 450 312 501 ginta
334 450 476 490 millia
499 449 718 490 creditori
738 447 963 500 persoluit
984 447 1104 487 citra
1129 446 1519 496 controuersiam,
1546 457 1636 497 quo
1661 446 1815 486 debito

180 521 320 561 annis
347 521 544 572 amplius
570 521 731 561 decem
756 529 995 570 nunquam
1023 529 1072 557 se
1101 517 1384 557 redemerat:
1414 528 1499 556 nec
1530 517 1817 557 absoluimus

185 592 418 632 hominem
439 591 586 632 donec
608 590 732 643 apud
753 588 1032 631 creditorem
1054 588 1191 628 fidem
1207 599 1339 628 suam
1362 587 1592 628 liberauit.
1613 588 1656 628 Is
1677 587 1815 628 modo

182 674 277 702 vna
311 674 418 703 cum
451 661 632 702 duobus
663 661 820 702 liberis
852 659 992 711 (quod
1020 660 1067 699 in
1103 659 1304 710 gloriam
1333 658 1422 699 Dei
1450 658 1601 709 cedat)
1634 658 1815 699 decimo

176 733 343 785 -quinto
361 744 543 784 quoque
561 733 632 773 die
651 731 709 772 ad
731 730 1074 772 confessionem
1091 729 1336 770 accedunt.
1361 729 1436 769 Ad
1458 730 1580 770 hanc
1596 735 1816 781 parentes

179 804 300 844 filios
320 803 645 852 adhortantur,
670 802 795 855 quod
816 813 922 842 cum
943 801 1066 841 bona
1087 801 1243 852 gratia
1265 801 1532 852 impetrant,
1556 807 1654 841 tum
1675 800 1816 840 etiam

179 874 261 914 filii
278 880 497 926 parentes
514 875 656 926 ipsos.
676 873 748 914 Ex
764 873 836 914 his
853 878 960 913 sunt
977 871 1200 922 nonnulli,
1227 871 1319 923 qui,
1340 877 1592 923 antequam
1609 871 1815 912 cubitum

182 951 305 997 eant,
325 952 375 986 vt
392 945 471 985 filii
489 945 686 996 genibus
702 944 836 985 flexis
853 950 960 984 ante
978 944 1150 983 lectum
1167 943 1368 983 orationi
1384 948 1571 993 vacent,
1595 942 1813 983 efficiunt.

179 1016 434 1068 Coniugati
456 1017 632 1068 aliquot
652 1015 863 1056 nonnihil
883 1014 1107 1066 temporis
1134 1013 1404 1065 impertiunt
1432 1013 1648 1054 orationi,
1673 1013 1816 1054 Scho-

186 1087 340 1127 lastici
360 1087 521 1137 etiam,
550 1099 645 1127 vna
676 1097 782 1127 cum
810 1085 933 1136 aliis,
959 1096 1075 1137 quos
1102 1085 1150 1125 in
1177 1085 1354 1125 eisdem
1383 1084 1576 1126 aedibus
1604 1084 1817 1126 habitare

180 1157 434 1209 contingit,
471 1164 515 1197 et
551 1169 687 1197 mane
722 1163 767 1197 et
800 1156 986 1208 vesperi
1022 1155 1233 1206 singulas
1268 1156 1410 1196 horas
1445 1155 1558 1196 dant
1593 1156 1810 1205 orationi,

183 1242 208 1270 e
230 1229 398 1281 quibus
419 1228 629 1268 nonnulli
648 1228 809 1280 flagris
844 1228 1019 1279 aliquot
1053 1233 1123 1267 ter
1158 1238 1240 1278 per
1274 1226 1617 1267 hebdomadam
1646 1238 1819 1278 corpus

184 1300 437 1352 castigant,
461 1300 524 1339 ita
541 1306 698 1340 tamen
718 1305 768 1339 vt
790 1298 1048 1340 valetudini
1069 1299 1316 1338 consulant
1338 1305 1383 1338 et
1404 1298 1664 1339 studiorum
1690 1299 1813 1339 labo-

182 1372 313 1412 ribus
334 1371 514 1423 possint
535 1370 823 1411 satisfacere.
847 1370 1025 1411 Rumor
1046 1371 1156 1410 item
1173 1369 1403 1410 increbuit
1418 1369 1626 1410 futurum
1642 1376 1692 1410 vt
1709 1382 1815 1410 con-

179 1443 411 1484 cubinarii
431 1455 523 1482 non
544 1448 640 1482 tam
660 1442 1060 1482 inueterascerent
1081 1441 1127 1481 in
1149 1440 1473 1482 sordidissimo
1494 1441 1625 1492 vitio,
1650 1442 1688 1482 si
1710 1453 1815 1492 poe-

178 1513 435 1554 nitentiarii
463 1513 701 1554 auditores
732 1513 811 1553 alii
839 1513 885 1553 in
906 1512 1174 1553 huiusmodi
1203 1513 1475 1553 resecandis
1503 1513 1630 1553 vitiis
1660 1511 1812 1553 Socie-

179 1585 290 1625 tatis
310 1596 525 1625 normam
545 1591 866 1636 sequerentur.
889 1584 995 1637 Jam
1012 1584 1050 1624 si
1072 1584 1149 1635 qui
1170 1584 1444 1624 iuramentis
1467 1583 1641 1624 assueti
1677 1584 1816 1636 (quod

179 1656 345 1696 Vitium
364 1662 491 1707 patet
513 1655 755 1706 latissime)
791 1655 983 1707 cupiunt
1019 1655 1208 1695 abolere
1242 1661 1340 1695 tam
1370 1655 1682 1695 inueteratam
1710 1667 1813 1695 con-

179 1727 489 1775 suetudinem,
528 1733 577 1767 vt
611 1726 892 1767 Societatem
928 1726 1098 1767 adeant
1134 1725 1460 1777 admonentur,
1498 1726 1652 1778 fitque,
1686 1726 1815 1780 Jesu-

180 1798 342 1838 christi
363 1799 534 1850 gratia,
564 1806 613 1838 vt
637 1798 767 1838 breui
799 1805 1073 1837 assuescant
1094 1797 1205 1837 illud
1227 1798 1551 1848 euangelicum
1573 1797 1817 1838 addiscere

178 1870 226 1910 in
246 1870 460 1910 veritatis
484 1869 900 1909 confirmationem:
929 1869 1033 1919 Est,
1065 1880 1173 1908 non.
1201 1868 1328 1920 Quos
1350 1881 1455 1909 cum
1491 1869 1568 1908 alii
1605 1869 1813 1918 audiunt,

179 1941 337 1982 statim
358 1940 474 1981 haec
495 1951 675 1980 secum:
699 1939 760 1980 Hi
779 1939 1011 1980 Societate
1031 1941 1169 1980 valde
1191 1941 1485 1980 familiariter
1514 1947 1719 1980 Vtuntur.

258 2011 373 2052 Illud
395 2011 536 2051 etiam
557 2022 649 2050 non
665 2011 1059 2062 praetereundum
1075 2019 1160 2062 est,
1181 2019 1380 2063 quantos
1402 2011 1579 2051 faciant
1598 2011 1644 2051 in
1661 2022 1815 2062 gram-

182 2083 354 2123 matica
389 2089 655 2134 quantoque
689 2082 891 2122 maiores
925 2093 1206 2134 progressus
1240 2083 1394 2134 pueri,
1433 2083 1510 2134 qui
1544 2083 1634 2122 huc
1665 2082 1817 2122 denuo

179 2154 519 2205 grammaticae
540 2153 804 2193 rudimenta
825 2153 1026 2204 discunt,
1047 2165 1188 2205 quam
1205 2154 1283 2205 qui
1302 2154 1410 2194 alibi
1432 2153 1571 2205 (quod
1589 2154 1688 2193 sine
1707 2153 1816 2193 alio-

178 2236 284 2264 rum
304 2224 474 2264 iniuria
497 2224 673 2264 dictum
699 2224 772 2274 sit)
801 2224 960 2264 literas
988 2223 1357 2276 perdidicerunt;
1392 2231 1584 2264 curatur
1615 2224 1737 2264 enim
1767 2230 1818 2264 vt

180 2293 376 2334 fideliter
396 2294 700 2334 fundamenta
719 2294 968 2346 jaciantur,
992 2307 1082 2347 quo
1105 2295 1181 2335 fiet
1203 2301 1251 2335 vt
1274 2295 1406 2334 breui
1423 2295 1647 2346 temporis
1665 2294 1817 2346 spatio

181 2379 209 2405 a
226 2365 551 2417 grammaticis
568 2365 627 2405 ad
648 2365 910 2406 rhetoricos
932 2366 1290 2406 transferantur.

259 2436 336 2478 Ad
357 2435 643 2477 Societatem
663 2436 875 2488 aspirant
896 2437 1041 2489 multi,
1067 2449 1182 2489 quos
1212 2449 1305 2477 non
1335 2437 1471 2477 unius
1508 2444 1586 2476 aut
1623 2436 1817 2476 alterius

180 2508 272 2549 diei
307 2508 474 2548 inuitat
508 2513 553 2547 et
574 2513 730 2547 mouet
748 2507 1044 2559 desiderium,
1064 2507 1145 2548 sed
1157 2508 1294 2548 unius
1312 2507 1437 2558 anni,
1457 2507 1656 2547 duorum
1673 2507 1818 2547 etiam

179 2585 224 2619 et
244 2579 399 2619 trium.
423 2577 605 2629 Viginti
627 2589 743 2629 pene
763 2583 843 2618 aut
863 2590 916 2618 eo
945 2579 1145 2630 amplius
1181 2578 1337 2619 exacti
1373 2584 1479 2618 sunt
1501 2577 1614 2627 dies,
1647 2578 1817 2629 quibus

179 2649 504 2690 adolescentes
543 2649 634 2689 duo
667 2649 818 2689 bonae
859 2649 1029 2690 indolis
1068 2650 1260 2690 admissi
1299 2657 1426 2699 sunt,
1466 2661 1664 2701 quorum
1700 2650 1818 2688 alter

177 2720 443 2772 theologiae
464 2720 672 2760 nauabat
694 2731 886 2771 operam
907 2727 951 2760 et
972 2727 1273 2772 promouerat
1298 2732 1394 2760 non
1414 2732 1596 2772 parum,
1630 2721 1748 2759 alter
1770 2719 1817 2758 in

181 2791 344 2832 schola
361 2797 525 2832 nostra
547 2791 889 2842 grammaticae
906 2791 1217 2831 incumbebat.
1241 2791 1301 2831 Hi
1317 2791 1476 2831 statim
1493 2791 1691 2843 profecti
1709 2797 1817 2830 sunt

180 2861 557 2914 Hispalimjussu
577 2862 625 2902 Ρ.
650 2862 888 2902 Doctoris.
913 2861 1027 2903 Sunt
1049 2869 1093 2903 et
1116 2862 1194 2902 alii
1223 2863 1502 2914 complures,
1541 2862 1619 2913 qui
1656 2873 1750 2901 non
1772 2861 1818 2901 in

177 2939 446 2984 postremae
468 2933 704 2974 felicitatis
725 2935 828 2973 loco
852 2932 1075 2973 ducerent
1111 2934 1149 2973 si
1184 2932 1337 2973 aditus
1360 2939 1558 2984 pateret.
1590 2932 1713 2972 Inter
1734 2932 1818 2972 hos
