2047 3179
877 160 915 197 A
924 171 960 196 Ν.
993 159 1082 196 1555
1722 161 1793 199 563

158 260 314 300 studio
336 259 566 299 insistere.
590 257 794 308 Legibus
814 255 1121 307 praescriptis
1139 267 1300 295 omnes
1323 267 1425 296 sese
1456 256 1788 305 submiserunt,

162 331 328 382 quibus
348 329 634 381 praecipitur
656 328 739 368 sub
773 339 922 378 poena
957 326 1211 366 constituta
1232 338 1290 366 ne
1318 327 1365 366 in
1396 327 1568 367 scholis
1598 328 1786 368 omnino

162 402 328 451 iurent,
350 412 467 440 neue
489 401 595 439 illuc
616 399 817 439 inferant
836 397 1051 438 scurrilia
1072 408 1154 436 seu
1175 397 1423 437 inhonesta
1453 398 1643 449 scripta,
1675 405 1718 438 et
1740 400 1782 438 in

164 483 360 521 summa,
384 483 441 511 ne
458 471 600 510 uerbo
613 471 686 510 uel
702 469 826 510 facto
843 474 1029 519 praeter
1048 468 1340 508 honestatem
1359 468 1609 520 quicquam
1626 476 1784 519 agant.

164 543 368 584 Utuntur
395 548 549 581 autem
570 546 874 592 praeceptore
895 539 1040 579 fratre
1061 544 1221 578 nostro
1244 537 1458 590 Philippo
1484 538 1508 589 ¹,
1539 539 1598 579 ad
1626 539 1671 580 id
1694 552 1789 580 mu·

165 614 290 653 neris
323 612 459 652 ualde
495 612 722 663 apposito.
747 610 797 650 In
824 609 1087 650 confitendo
1118 615 1163 649 et
1197 621 1385 650 sacrum
1411 610 1642 650 audiendo
1664 622 1792 651 com—

166 695 353 724 munem
372 683 419 722 in
441 683 654 722 omnibus
681 688 937 733 sequuntur
957 682 1183 732 regulam.

245 754 469 805 Magnum
489 765 601 793 sane
623 754 899 804 applausum
927 758 970 792 et
998 753 1210 792 fauorem
1241 753 1399 804 populi
1426 752 1613 793 videtur
1640 754 1793 793 conci-

165 826 280 866 liare
313 825 486 864 nostris
521 824 694 864 scholis
728 824 943 864 recitatio
979 824 1223 864 doctrinae
1258 824 1558 874 christianae,
1599 836 1739 876 quam
1763 825 1794 864 ii

166 895 320 948 puelli,
344 896 421 946 qui
442 901 549 935 sunt
570 908 626 936 ex
650 895 948 935 inferioribus
974 896 1090 935 locis
1119 895 1309 935 scholae
1337 901 1544 946 nostrae,
1575 903 1795 937 exercent

166 967 436 1019 germanice
466 967 512 1006 in
541 967 713 1018 templo
748 973 909 1006 nostro
944 979 1054 1007 mox
1083 967 1212 1007 finita
1244 968 1469 1007 concione
1504 968 1792 1018 germanica.

169 1038 283 1089 Quis
303 1044 459 1078 autern
487 1037 723 1088 profectus
758 1038 976 1087 omnium,
1014 1038 1090 1089 qui
1122 1038 1293 1090 partim
1326 1049 1385 1078 ex
1420 1039 1797 1080 confessionibus

170 1109 433 1158 menstruis,
458 1110 631 1160 partim
659 1120 717 1148 ex
747 1108 997 1149 ordinariis
1024 1110 1302 1161 quibusdam
1333 1111 1613 1150 lectionibus
1641 1122 1797 1151 sacra-

170 1192 273 1221 rum
289 1191 445 1220 rerum
464 1181 722 1230 proueniat,
748 1180 884 1220 facile
905 1186 1058 1231 potest
1080 1181 1314 1221 coniicere
1336 1182 1415 1233 qui
1436 1182 1645 1233 ipsorum
1664 1194 1798 1234 prae-

171 1258 413 1302 ceptorum
443 1252 489 1292 in
519 1251 729 1292 docendo
757 1252 952 1292 attendit
984 1251 1274 1303 diligentiam
1301 1259 1345 1292 et
1374 1264 1626 1303 puerorum
1655 1254 1703 1293 in
1734 1254 1799 1294 di·

172 1323 344 1363 scendo
361 1323 619 1363 studiosam
639 1323 947 1363 alacritatem.
966 1323 1128 1363 Fidem
1157 1324 1293 1364 huius
1316 1324 1382 1364 rei
1404 1324 1529 1364 haud
1550 1325 1801 1365 obscuram

172 1394 349 1434 faciunt
372 1400 467 1433 tres
491 1393 825 1444 adolescentes,
859 1394 937 1445 qui
957 1405 1016 1434 ex
1036 1394 1243 1435 honestis
1264 1395 1536 1446 parentibus
1556 1396 1670 1446 nati,
1695 1407 1801 1436 cum

171 1465 491 1504 sublimiorem
511 1465 663 1504 locum
685 1465 731 1504 in
768 1476 984 1516 suprema
1023 1467 1173 1505 classe
1207 1466 1396 1506 scholae
1424 1473 1613 1507 nostrae
1643 1466 1800 1518 adepti

174 1542 343 1586 essent,
374 1534 597 1576 Societati
623 1542 811 1575 nostrae
833 1548 882 1576 se
912 1536 1216 1587 deuouerunt‚
1242 1542 1286 1577 et
1312 1537 1361 1577 in
1391 1537 1510 1578 festo
1546 1537 1798 1589 Deiparae,

174 1606 523 1658 Assumptionis
557 1606 790 1657 Virginis,
823 1606 1026 1657 Pragam
1061 1619 1226 1648 uersus
1271 1607 1328 1648 D.
1353 1608 1593 1649 Canisium
1618 1607 1632 1627 ἓ
1654 1609 1803 1649 secuti

170 1683 295 1728 sunt,
319 1683 368 1717 ut
389 1678 467 1717 ubi
488 1677 597 1728 (sic)
618 1677 788 1718 fratres
810 1690 867 1717 ex
888 1677 1013 1718 Urbe
1034 1677 1184 1718 Roma
1214 1685 1437 1719 uenturos
1472 1680 1725 1731 excipiant,
1758 1686 1803 1720 et

175 1749 352 1800 pariter
373 1760 480 1789 cum
500 1749 590 1788 illis
612 1748 666 1798 (si
688 1748 951 1788 obedientia
974 1749 1252 1800 permiserit)
1284 1750 1330 1790 in
1351 1762 1473 1790 nouo
1495 1751 1572 1791 illo
1594 1750 1803 1803 Collegio

178 1820 312 1860 sedes
335 1819 588 1859 obtineant.
611 1819 668 1859 Et
690 1819 1083 1870 quemadmodum
1117 1821 1233 1860 haec
1267 1827 1428 1861 nostra
1450 1822 1613 1862 schola
1635 1824 1806 1863 crescit

178 1892 302 1931 fama
324 1896 368 1931 et
388 1891 511 1931 bona
532 1890 763 1941 opinione,
788 1890 852 1930 ita
869 1890 1006 1931 facile
1027 1892 1264 1943 colligitur
1285 1899 1329 1932 et
1350 1904 1545 1933 numero
1563 1894 1804 1934 scholasti=

179 1973 341 2001 corum
364 1962 410 2002 in
432 1961 530 2001 dies
552 1961 777 2001 maiorem
797 1961 912 2012 fieri,
942 1973 1141 2013 quorum
1169 1963 1414 2003 multitudo
1450 1964 1542 2004 iam
1571 1963 1650 2004 300
1684 1971 1728 2005 et
1763 1964 1803 2015 S,

178 2033 402 2073 fratribus
422 2032 595 2072 nostris
617 2032 876 2072 iunioribus
898 2033 1121 2085 exceptis,
1147 2035 1485 2086 complectitur.

257 2104 389 2145 Nunc
410 2115 523 2144 uero
544 2103 774 2155 quaedam
794 2104 854 2144 ad
874 2105 1070 2145 alteram
1087 2112 1267 2157 partem
1286 2106 1424 2146 huius
1436 2107 1659 2157 epistolae
1671 2107 1807 2159 perti-

177 2177 335 2216 nentia
357 2175 560 2215 breuiter
582 2174 841 2226 expediam.
866 2175 1014 2215 Maior
1041 2176 1178 2217 solito
1209 2177 1366 2228 populi
1395 2177 1657 2230 frequentia
1684 2190 1808 2218 nunc

182 2247 310 2287 audit
331 2247 377 2286 in
399 2252 560 2286 nostra
583 2245 781 2286 ecclesia
802 2246 860 2286 D.
889 2246 1110 2287 Doctoris
1131 2246 1348 2288 Goudani
1370 2247 1383 2266 ³
1411 2248 1675 2288 ordinarias
1702 2260 1807 2289 con-

184 2319 356 2367 ciones,
382 2317 503 2368 quod
525 2317 659 2356 nobis
681 2317 859 2357 clarum
886 2326 955 2357 est
989 2318 1175 2368 signum
1210 2330 1290 2359 eas
1327 2325 1487 2371 optato
1509 2319 1598 2360 fine
1618 2319 1809 2360 minime

181 2389 417 2434 frustrari,
442 2387 627 2428 tametsi
648 2393 826 2428 certum
847 2388 905 2428 sit
928 2388 1035 2428 illuc
1058 2389 1218 2429 uenire
1241 2389 1470 2441 quosdam
1502 2391 1601 2430 solo
1637 2391 1808 2431 calum-

183 2459 344 2500 niandi
366 2459 534 2509 studio,
557 2459 622 2498 uti
643 2458 736 2499 iam
765 2459 1009 2511 aliquoties
1031 2460 1188 2500 docuit
1216 2461 1523 2511 quorumdam
1552 2461 1810 2502 haeretico-

184 2542 287 2572 rum
309 2530 557 2581 impatiens
591 2530 721 2570 furor
750 2541 804 2570 eo
837 2530 884 2570 in
917 2531 1021 2571 loco
1057 2531 1245 2572 ueritati
1265 2532 1422 2583 palam
1458 2532 1813 2573 obmurmuran-

186 2602 314 2642 tium.

143 2660 146 2662 ’
263 2671 438 2712 Verum
462 2673 698 2719 uniuersa,
723 2679 910 2724 praeter
937 2680 1124 2714 caetera
1159 2675 1406 2725 praeclara
1442 2674 1728 2725 testimonia,
1752 2675 1817 2714 la-

240 2833 250 2852 ¹
290 2832 397 2867 Hujus
411 2840 597 2867 cognomen
613 2833 759 2860 nondum
773 2834 924 2868 reperire
939 2834 1118 2861 valuimus.
1133 2834 1175 2862 Cf
1198 2834 1480 2870 BRAUNSBERGER‚
1496 2834 1631 2862 Canisii
1642 2835 1821 2870 epistulae

188 2882 221 2907 et
237 2881 329 2914 acta,
344 2884 366 2907 t.
383 2888 407 2913 ι,
422 2888 503 2915 pag-
522 2881 584 2908 415.

242 2925 256 2945 ²
294 2927 330 2954 P.
346 2928 488 2955 Petrum
503 2928 694 2956 Canisium.

243 2974 258 2994 ⁵
298 2975 334 3003 P.
350 2975 510 3003 Doctoris
526 2975 657 3003 Nicolai
675 2975 844 3003 Goudani.
