2047 3179
870 134 952 170 ΑΝ.
985 133 1074 169 1555
1722 128 1792 167 469

167 234 496 286 Boysirianum
527 233 532 251 ¹
564 233 732 272 missus
767 242 868 270 sum
904 235 973 278 vt,
1011 227 1197 279 paroeci
1223 226 1446 275 suffragio
1481 226 1641 274 fretus,
1679 226 1792 276 ipsis

169 305 298 345 feriis
320 304 581 344 dominicae
610 300 950 343 incarnationis
985 299 1154 339 ibidem
1184 297 1506 344 concionarer,
1537 305 1674 347 atque
1704 299 1791 336 hoc

171 377 292 416 iusto
315 376 445 416 titulo
474 381 582 414 nota
612 375 704 423 illa,
735 377 980 424 praetextu
1001 369 1172 409 aetatis
1201 368 1375 408 nomini
1397 378 1500 407 meo
1529 380 1553 406 a
1586 367 1793 406 Doctore

172 447 411 486 carmelita
435 447 605 494 inusta,
630 455 823 497 prorsus
845 443 1124 482 aboleretur.
1158 440 1334 490 Itaque,
1368 438 1556 478 Christo
1580 446 1790 487 auctore,

171 518 321 557 omnis
342 517 561 556 infamiae
581 516 849 567 periculum,
874 513 982 553 bina
1010 512 1236 551 concione
1264 510 1326 549 ibi
1355 509 1527 555 habita,
1561 508 1795 548 sublatum

172 595 257 637 est,
282 588 382 639 ipso
404 587 598 627 Vicario
620 586 832 626 manibus
855 583 1139 635 pedibusque
1161 582 1207 621 in
1236 580 1326 620 mei
1354 579 1666 631 patrocinium
1690 591 1793 630 pro-

171 665 378 709 perante,
403 658 660 698 demirante
682 657 866 696 interim
890 667 915 694 a
939 666 1010 694 me
1031 665 1088 693 ne
1110 652 1393 692 mentionem
1413 650 1598 701 quidem
1620 650 1795 689 factam

171 730 380 770 obiectae
402 728 678 768 calumniae.
704 727 763 768 Ut
785 727 905 766 enim
923 731 1028 764 acta
1050 723 1310 774 tragoedia,
1332 734 1404 761 me
1425 732 1673 772 personam
1702 732 1795 759 mu-

173 809 271 840 tam
291 806 499 851 gerente,
530 800 701 839 laetam
722 810 776 838 ac
807 803 1025 848 pacatam
1054 793 1301 834 sortiretur
1330 791 1676 842 catastrophen,
1708 791 1795 830 hoc

172 872 276 912 caui
299 883 356 911 ne
378 872 616 922 querelam
638 876 717 909 aut
739 868 1120 909 lamentationem
1153 866 1297 904 vllam
1327 864 1598 911 excitarem,
1635 862 1716 902 sed
1749 862 1796 901 in

171 942 364 982 exordio
387 942 563 992 primae
581 940 834 989 concionis,
856 951 927 979 me
945 951 971 978 a
990 937 1179 977 curione
1196 935 1391 975 solemni
1408 935 1497 973 ritu
1516 934 1723 983 missum,
1741 933 1800 972 ad

177 1012 484 1053 ecclesiastici
519 1012 724 1055 muneris
757 1010 1042 1050 functionem
1076 1006 1361 1056 obeundam,
1403 1005 1641 1056 professus
1676 1015 1793 1052 sum,

176 1084 271 1124 hac
293 1084 392 1123 sola
421 1083 638 1134 apologia
667 1087 937 1130 contentus;
970 1080 1151 1130 hacque
1180 1077 1361 1117 ratione
1393 1088 1468 1116 res
1497 1075 1646 1115 omnis
1673 1075 1796 1114 bona

180 1166 295 1205 pace
331 1154 589 1205 composita
626 1160 709 1193 est.
753 1153 925 1192 Precor
959 1151 1165 1190 diuinam
1204 1149 1483 1196 bonitatem,
1526 1155 1576 1186 vt
1616 1157 1800 1186 omnem

131 1242 135 1246 ·
175 1225 401 1266 offensam
425 1225 693 1264 auctoribus
714 1230 871 1264 tantae
894 1222 1135 1262 molestiae
1156 1220 1357 1269 benigne
1379 1219 1609 1269 ignoscat.

254 1296 501 1336 Dominica
523 1302 688 1346 quarta
712 1293 1115 1346 quadragesimae,
1141 1304 1167 1331 a
1188 1289 1395 1339 meridie,
1420 1289 1465 1329 in
1482 1300 1606 1339 pago
1627 1287 1798 1328 Nandi-

173 1379 233 1407 no
260 1366 289 1417 ²,
321 1366 603 1407 Senonensis
633 1365 881 1414 dioecesis,
916 1363 1190 1404 concionem
1225 1361 1380 1410 habui,
1405 1359 1740 1400 humanissime
1772 1370 1800 1398 a

180 1438 374 1479 Vicario
397 1449 451 1478 ac
473 1438 563 1477 loci
583 1437 749 1476 incolis
770 1441 1006 1486 exceptus.
1031 1434 1082 1474 In
1102 1432 1268 1480 reditu,
1299 1433 1445 1471 altero
1480 1438 1585 1482 post
1607 1429 1801 1469 domini-

175 1521 257 1549 cae
279 1508 609 1560 Conceptionis
625 1507 951 1547 solennitatem
972 1505 1059 1555 die,
1079 1505 1126 1544 in
1142 1514 1315 1555 pagum
1334 1502 1580 1551 celebrem,
1605 1501 1801 1551 Champ-

176 1581 339 1620 cueille
360 1579 373 1598 ⁵
394 1586 735 1630 nuncupatum,
760 1577 1019 1629 profectus,
1048 1575 1301 1615 Dominum
1322 1573 1433 1621 loci,
1467 1572 1578 1612 mihi
1608 1571 1801 1611 familia-

177 1652 290 1692 riter
321 1657 495 1701 notum,
528 1651 812 1690 salutaturus
844 1647 1043 1695 accessi;
1078 1646 1201 1697 quod
1227 1644 1459 1696 superiori
1486 1656 1608 1684 anno
1637 1643 1682 1682 in
1713 1643 1802 1682 hoc

175 1734 314 1774 pago,
339 1729 388 1763 vt
410 1729 453 1762 et
474 1723 520 1762 in
542 1722 645 1762 aliis
660 1732 831 1761 nouem
852 1721 966 1760 locis
988 1717 1347 1766 circumuicinis,
1370 1716 1676 1756 concionatus
1692 1714 1801 1754 fuis-

176 1805 289 1845 sem3
320 1794 398 1846 qui
425 1805 567 1844 quum
595 1792 731 1833 domo
768 1791 991 1832 abfuisset
1026 1791 1201 1842 aliquot
1235 1787 1568 1836 hebdomadas,
1606 1784 1803 1825 mirifico

176 1865 345 1905 affectu
367 1865 423 1904 ab
445 1870 643 1915 Vtroque
664 1862 857 1903 Vicario
880 1874 935 1901 ac
964 1861 1129 1901 nobilis
1151 1860 1272 1900 illius
1303 1869 1451 1898 vxore
1474 1863 1697 1907 exceptus
1718 1855 1798 1895 fui.

174 1935 298 1975 Inter
318 1934 656 1987 prandendum,
681 1934 756 1984 pio
775 1932 942 1972 affectu
959 1931 1276 1982 expiscantur,
1297 1929 1420 1980 quod
1437 1928 1708 1968 ecclesiaste
1727 1927 1802 1966 de-

175 2006 320 2046 stituti
342 2012 511 2053 essent,
536 2016 647 2045 num
668 2005 850 2044 animus
872 2009 994 2042 esset
1022 2003 1191 2053 populo
1226 2001 1421 2040 verbum
1453 1998 1540 2038 Dei
1570 1998 1798 2037 ministra-

175 2090 240 2118 re.
265 2077 469 2128 Operam
491 2088 643 2116 meam
678 2081 864 2126 postero
899 2074 972 2113 die
1000 2071 1333 2124 praestandam
1364 2070 1451 2110 illis
1487 2068 1668 2109 addico.
1702 2068 1803 2108 Hac

176 2149 269 2188 fida
285 2148 594 2200 promissione
611 2147 786 2195 lactati,
809 2146 1056 2186 certiorem
1074 2144 1144 2183 sui
1160 2143 1258 2182 voti
1276 2141 1546 2192 concipiunt
1569 2139 1801 2180 fiduciam.

178 2219 407 2270 Indagant
447 2229 558 2258 num
586 2219 782 2257 liberum
809 2217 920 2256 mihi
952 2223 1088 2264 esset,
1126 2215 1290 2254 saltem
1326 2213 1428 2264 ipsa
1464 2222 1600 2250 sacra
1636 2209 1803 2250 hebdo-

178 2290 317 2330 mada
338 2296 382 2329 et
404 2289 613 2329 Paschae
634 2288 916 2328 solemnibus
939 2287 1079 2335 feriis,
1104 2284 1413 2334 Euangelium
1435 2281 1522 2322 Dei
1543 2281 1656 2333 ipsis
1677 2282 1801 2321 inco-

181 2361 240 2401 lis
274 2371 550 2412 proponere.
582 2358 860 2410 Respondeo
892 2357 1154 2408 Praepositi
1198 2355 1289 2394 mei
1326 2354 1626 2402 auctoritate,
1667 2359 1805 2403 atque

181 2431 298 2472 adeo
321 2431 526 2471 curionis
547 2431 693 2482 ipsius
715 2430 907 2469 arbitrio
944 2426 1274 2478 suffragatorio
1302 2425 1486 2474 fretum,
1510 2435 1583 2463 me
1615 2423 1806 2474 spiritus

183 2510 325 2554 atque
347 2502 558 2552 corporis
580 2512 752 2541 neruos
781 2499 976 2539 salutari
1001 2499 1328 2548 indigenarum
1356 2495 1576 2545 obsequio
1605 2494 1806 2534 intensu-

179 2585 297 2623 rum,
318 2579 367 2612 vt
385 2571 653 2612 auditorum
666 2571 742 2623 pio
761 2570 946 2610 affectui
962 2581 1042 2621 per
1065 2580 1137 2608 me
1148 2567 1357 2607 satisfiat.
1373 2565 1532 2606 Animi
1549 2565 1639 2604 mei
1654 2576 1805 2616 prom-

182 2650 308 2695 ptam
327 2644 633 2692 voluntatem,
664 2642 776 2693 ipsis
798 2653 852 2681 ea
879 2642 983 2691 lege
1013 2640 1232 2690 oblatam,
1264 2638 1402 2689 paulo
1434 2643 1538 2687 post
1569 2635 1622 2676 R.
1655 2635 1809 2675 Patris

237 2848 246 2867 ¹
286 2848 371 2875 Vide
388 2848 537 2876 P0LANC1
554 2848 756 2878 Chronicon,
771 2851 794 2874 t.
810 2854 858 2880 lv,
874 2853 952 2880 pag.
968 2845 1030 2877 326,
1046 2849 1161 2872 annot.
1176 2844 1205 2871 3.

235 2896 248 2913 '²
286 2895 408 2930 Nandy
425 2895 473 2929 [?],
491 2894 784 2922 Seine·et-Marne.

235 2943 249 2962 ⁵
287 2943 504 2977 Champcueil
524 2943 569 2977 Μ,
587 2942 842 2970 Seine-et-Oise.
