2104 3189
275 123 323 160 10
794 121 1022 160 LITTERAE
1043 133 1403 167 QUADfflMESTRES

274 220 542 261 disturbare
577 219 830 260 auditores
868 219 931 260 At
964 226 1113 272 pater,
1151 221 1400 272 patefactis
1435 221 1553 261 dolis
1593 227 1637 261 et
1673 222 1921 262 conatibus

272 291 455 343 antiqui
477 292 723 343 serpentis,
748 291 874 332 iubet
895 302 977 332 eos
993 291 1236 343 quiescere
1257 299 1303 333 et
1326 292 1443 332 bene
1465 303 1656 343 sperare
1677 291 1734 333 de
1755 303 1919 344 aegro-

277 368 340 413 ta,
366 374 420 402 ac
443 373 617 414 magno
639 362 794 402 animo
812 368 856 402 et
876 362 1110 414 sapientia
1127 374 1321 403 causam
1343 363 1557 403 ueritatis
1579 364 1835 414 perorauit.

358 433 445 474 His
475 434 646 474 diuinis
674 433 837 474 officiis
857 440 902 474 et
921 434 1231 474 sacramentis
1254 434 1502 486 plurimum
1538 434 1718 475 adiuuit
1739 441 1836 475 tum
1856 436 1920 476 ui-

279 516 357 545 ros
389 512 487 546 tum
521 504 764 556 foeminas,
796 510 840 545 et
868 494 1073 545 maxime
1104 504 1222 545 filias
1248 505 1411 556 Ducis;
1442 517 1549 545 nam
1584 505 1802 546 inductae
1824 512 1921 546 tum

279 577 428 628 patris
448 577 676 627 religione
697 582 741 616 et
762 576 887 616 uitae
909 576 1142 624 castitate,
1172 583 1271 617 tum
1292 588 1450 617 rerum
1479 576 1746 617 diuinarum
1768 577 1921 629 dispu-

278 648 548 695 tationibus‚
581 648 718 688 ualde
744 647 1132 689 desiderauerunt
1153 655 1336 700 patrem
1360 649 1616 698 absentem,
1641 649 1720 699 qui
1749 649 1922 700 partim

279 719 463 760 infirma
484 719 751 760 ualetudine
773 719 1016 770 distentuS,
1041 720 1215 771 partim
1243 720 1425 760 ratione
1456 720 1768 771 quorumdam
1795 721 1920 761 habi-

279 796 342 841 ta,
366 803 446 831 eas
468 802 561 831 non
582 791 756 831 inuisit.
1893 797 1899 801 ’

359 861 465 910 Fuit
491 867 707 902 curatum
732 868 782 902 ut
804 862 850 902 in
871 862 1232 903 haeresiarchas
1260 863 1397 903 huius
1425 862 1647 912 ciuitatis,
1674 863 1751 914 qui
1774 863 1821 903 in
1841 875 1920 915 pa-

278 933 391 973 latio
426 933 589 973 uxoris
627 933 863 985 principes
896 939 1054 983 erant,
1097 934 1574 983 animaduerteretur3
1618 946 1727 974 nam
1768 934 1921 976 edicto

278 1005 505 1057 principis
527 1016 585 1044 ex
607 1005 697 1045 hac
719 1004 832 1045 urbe
854 1011 898 1045 et
919 1010 1020 1045 toto
1043 1005 1239 1056 imperio
1262 1012 1370 1046 sunt
1399 1006 1596 1057 expulsi.

359 1075 458 1127 Ope
480 1083 579 1116 tum
601 1076 747 1128 ducis,
771 1082 869 1116 tum
897 1077 1237 1117 honoratorum
1259 1077 1515 1126 hominum,
1548 1076 1636 1118 fuit
1666 1078 1800 1118 nobis
1824 1090 1915 1118 em-

281 1154 360 1199 pta
394 1148 560 1188 domus
582 1148 697 1188 satis
732 1147 1003 1198 commoda,
1036 1148 1082 1187 in
1113 1160 1204 1200 qua
1234 1154 1303 1188 est
1331 1154 1599 1188 extructum
1627 1150 1852 1200 templum
1873 1149 1921 1189 in

278 1219 547 1271 praesentia
581 1220 788 1270 amplum
821 1226 866 1259 et
911 1219 1103 1271 egregie
1145 1226 1385 1259 ornatum.
1430 1219 1620 1271 Expetit
1660 1226 1704 1260 et
1744 1220 1840 1260 dux
1871 1227 1920 1260 ut

276 1291 421 1332 etiam
453 1291 710 1331 habeamus
740 1290 964 1342 templum
998 1290 1232 1342 quoddam
1268 1291 1475 1331 uicinum
1510 1298 1672 1331 nostro
1695 1292 1918 1342 collegio,

277 1363 356 1403 ubi
384 1362 565 1414 possint
593 1362 814 1402 constitui
841 1368 1017 1414 patres,
1048 1362 1126 1413 qui
1147 1361 1285 1402 rebus
1307 1362 1476 1402 diuinis
1506 1369 1687 1403 tantum
1716 1369 1760 1403 et
1782 1364 1922 1404 saluti

278 1434 544 1474 animorum
560 1440 801 1474 uacarent.

357 1506 502 1546 Initur
525 1506 571 1546 in
593 1506 692 1546 dies
713 1506 866 1558 magis
888 1518 943 1547 ac
965 1507 1117 1558 magis
1137 1508 1293 1559 gratia
1316 1514 1360 1548 et
1382 1507 1588 1547 amicitia
1620 1519 1726 1548 cum
1757 1507 1922 1548 aulicis

276 1584 323 1618 et
352 1578 582 1618 nobilibus
603 1578 733 1628 uiris,
762 1578 842 1629 qui
863 1579 1074 1630 apprime
1095 1579 1359 1619 inseruiunt
1393 1579 1567 1619 nostris
1596 1578 1856 1619 commodis
1877 1586 1922 1620 et

281 1650 532 1689 consulunt
554 1649 714 1689 diuino
737 1649 898 1690 cultui.

357 1720 459 1760 Hac
493 1720 859 1772 quadragesima
882 1720 1044 1761 habuit
1079 1721 1354 1761 concionem
1386 1721 1524 1762 Pater
1546 1721 1593 1761 in
1623 1722 1796 1773 templo
1818 1732 1923 1761 nos-

278 1798 351 1833 tro
388 1803 540 1843 mane,
576 1792 708 1832 horis
735 1798 893 1832 autem
922 1792 1257 1843 pomeridianis
1286 1793 1332 1832 in
1361 1793 1533 1844 templo
1571 1793 1771 1844 quodam
1810 1791 1924 1832 San-

276 1864 339 1904 cti
360 1863 602 1915 Stephani,
635 1875 691 1904 ac
720 1870 917 1915 rogatus
937 1863 1023 1904 fuit
1045 1877 1071 1904 a
1089 1870 1280 1916 pastore
1308 1871 1357 1905 ut
1379 1864 1586 1916 quotidie
1621 1864 1922 1905 concionare-

277 1941 367 1986 tur,
402 1941 481 1975 aut
502 1936 669 1976 saltem
691 1935 855 1975 diebus
877 1936 1098 1976 mercurii
1119 1942 1164 1976 et
1187 1936 1390 1976 ueneris.
1423 1936 1579 1976 Etiam
1607 1936 1684 1976 alii
1704 1943 1924 1987 pastores

276 2007 437 2059 populi
471 2007 706 2059 petierunt
722 2007 994 2047 sacerdotes
1016 2007 1213 2058 aliquos,
1239 2007 1317 2058 qui
1345 2007 1740 2047 concionarentur
1773 2007 1820 2047 in
1848 2018 1923 2046 eo-

277 2091 381 2119 rum
403 2079 601 2130 templis,
626 2089 743 2130 quos
764 2090 859 2119 non
883 2078 1199 2129 obtinuerunt,
1220 2085 1471 2130 propterea
1493 2078 1617 2130 quod
1637 2078 1804 2118 messis
1826 2078 1923 2130 qui-

277 2151 382 2190 dem
412 2151 571 2199 multa,
598 2150 800 2202 operarii
829 2156 985 2190 autem
1014 2150 1167 2202 pauci.
1198 2150 1459 2190 Plurimum
1498 2161 1612 2201 ergo
1646 2150 1825 2190 adiuuit
1852 2161 1923 2189 ec-

279 2223 471 2262 clesiam
505 2221 593 2262 Dei
628 2229 726 2262 tum
757 2222 1046 2262 consolando
1069 2221 1280 2271 afflictos,
1306 2228 1403 2262 tum
1435 2223 1585 2262 bonos
1613 2221 1801 2272 tuendo,
1825 2227 1925 2261 tum

277 2306 304 2333 a
327 2294 454 2334 uitiis
475 2294 743 2334 reuocando
765 2300 810 2334 et
831 2305 1061 2345 quemque
1083 2293 1282 2345 denique
1315 2306 1341 2333 a
1377 2293 1620 2334 fraudibus
1642 2293 1811 2333 horum
1832 2293 1923 2344 epi-

276 2377 526 2406 cureorum
562 2372 604 2405 et
641 2364 1074 2416 Sardanapalorum
1119 2364 1257 2404 huius
1295 2365 1589 2416 tempestatis
1625 2364 1920 2405 deterrendo.

275 2436 498 2477 Continet
529 2442 775 2488 praeterea
808 2436 853 2476 in
881 2435 1042 2476 diuino
1071 2437 1200 2476 cultu
1221 2436 1449 2487 plurimos
1480 2437 1606 2476 uiros
1628 2441 1672 2476 et
1693 2435 1924 2475 foeminas

275 2508 502 2560 cuiusque
525 2508 716 2558 ordinis,
742 2518 916 2559 eosque
938 2507 1137 2558 singulis
1159 2506 1288 2547 feriis
1310 2508 1498 2548 instruit
1517 2507 1793 2558 euangelica
1815 2506 1922 2546 doc-

277 2580 416 2619 trina.

359 2650 541 2690 Viduas
578 2650 808 2702 quasdam
837 2656 935 2690 tum
966 2649 1179 2697 afflictas
1211 2656 1308 2690 tum
1340 2657 1533 2701 egentes
1568 2656 1612 2690 et
1647 2648 1803 2689 liberis
1836 2648 1922 2688 cir-

276 2721 532 2772 cumfusas,
559 2722 819 2762 inuiserunt
839 2728 1014 2773 patres,
1040 2729 1084 2762 et
1101 2733 1365 2762 moerorem
1382 2724 1659 2762 leuauerunt
1677 2721 1922 2761 consolan-

276 2794 352 2845 do,
386 2794 593 2845 inopiam
614 2805 726 2834 uero
749 2793 1036 2834 consulendo
1061 2793 1127 2833 rei
1149 2793 1371 2834 familiari
1389 2800 1432 2835 et
1454 2794 1593 2834 rebus
1614 2792 1741 2832 uitae
1763 2802 1921 2832 neces-

276 2865 430 2906 sariis.

358 2936 599 2988 Quaedam
622 2944 867 2978 matronae
883 2937 1063 2978 nobiles
1084 2949 1272 2988 genere,
1297 2938 1380 2978 sed
1397 2937 1540 2978 multo
1557 2934 1809 2976 nobiliores
1826 2934 1923 2986 pie-
