2047 3179
866 147 949 184 AN.
981 146 1072 183 1555
1723 147 1795 185 367

159 259 233 297 ne,
253 245 601 286 sanctissimum
611 243 937 285 Eucharistiae
950 250 1297 284 sacramentum
1314 244 1596 295 ministrare3
1612 257 1792 297 uerum,

160 323 370 368 tempore
387 317 605 357 exclusus
622 315 909 366 (imminebat
925 314 1047 354 enim
1065 314 1150 354 19.a
1166 314 1316 363 hora),
1337 322 1611 355 consuetum
1626 328 1795 357 munus

162 399 257 428 non
277 387 502 438 exercuit3
525 386 621 437 sed,
645 385 1037 437 quemadmodum
1058 385 1179 436 equi,
1210 385 1416 425 triticum
1445 388 1791 438 conculcantes,

163 471 190 499 a
211 458 408 499 stimulis
429 457 609 509 agitati,
633 456 721 497 nisi
742 457 990 508 manipulis
1025 456 1302 496 triturandis
1339 456 1441 506 (etsi
1470 468 1550 507 per
1579 457 1796 498 dominos

162 541 254 570 non
275 529 429 579 liceat)
450 528 690 579 surreptis,
714 526 927 567 rabidam
946 526 1118 566 famem
1139 527 1304 567 sedare
1327 534 1575 579 nequeunt,
1600 538 1693 568 non
1715 530 1794 569 ali-

132 604 134 607 '
163 607 233 641 ter
253 600 366 652 ipse;
391 600 469 651 qui
493 610 599 639 cum
620 599 854 639 abstinere
879 609 974 637 non
1003 598 1228 649 potuerit,
1260 598 1487 649 perbreue
1516 605 1699 650 tempus
1720 612 1796 640 ne-

162 677 304 723 gante
323 677 533 721 tempore
554 680 811 719 assumens,
850 669 1055 708 animum
1088 669 1336 709 recreauit:
1375 681 1481 709 cum
1509 670 1673 721 paucis
1695 683 1796 711 uer-

162 743 247 792 bis,
274 742 357 782 sed
387 741 640 791 altissimis,
665 739 1022 780 Sanctissimum
1042 738 1400 780 Sacramentum
1421 740 1506 780 sub
1528 741 1663 791 panis
1686 742 1796 782 ima-

161 814 269 864 gine
291 812 627 863 comprobauit.
653 810 831 862 Quibus
853 822 1016 850 censes
1039 811 1349 861 argumentis?
1370 810 1579 852 Auream
1600 819 1644 852 et
1670 814 1797 864 peni-

160 890 234 924 tus
256 883 463 924 diuinam
493 882 653 923 Sancti
676 881 902 922 Bernardi
929 882 1209 922 sententiam
1231 881 1442 932 efferens,
1474 883 1696 934 idipsum,
1722 885 1798 925 cui

160 956 364 995 intentus
386 960 501 1003 erat,
525 953 828 993 asseuerauit.
854 952 1071 993 Christus
1088 964 1289 993 nascens
1312 965 1361 993 se
1383 953 1508 994 dedit
1526 954 1571 994 in
1594 955 1793 1006 socium,

160 1036 450 1066 conuescens
467 1025 513 1064 in
534 1024 751 1074 edulium,
776 1024 981 1063 moriens
1002 1024 1049 1063 in
1070 1024 1286 1075 pretium,
1312 1036 1564 1075 resurgens
1586 1037 1635 1066 se
1657 1026 1796 1067 nobis

164 1097 289 1138 dedit
312 1097 358 1136 in
381 1096 658 1147 praemium.
683 1094 720 1135 O
743 1095 970 1135 immensa
992 1095 1228 1135 maiestas!
1253 1096 1356 1147 quis
1378 1102 1474 1136 tam
1490 1096 1679 1147 inscius,
1700 1104 1796 1139 tam

166 1167 394 1219 stupidus,
419 1167 522 1218 quis
543 1173 587 1206 et
609 1166 915 1218 intelligentia
935 1171 980 1206 et
1001 1171 1130 1206 recta
1152 1167 1294 1206 animi
1316 1167 1636 1208 moderatione
1658 1174 1797 1220 atque

166 1238 292 1279 omni
318 1239 500 1278 ratione
527 1237 775 1278 destitutus
804 1242 850 1277 te
877 1237 1130 1289 aliquando
1167 1237 1424 1278 desereret?
1454 1239 1558 1291 quis
1588 1251 1682 1279 non
1702 1251 1799 1280 am-

164 1311 448 1362 plexaretur,
487 1309 714 1360 potiretur
754 1320 809 1348 ac
843 1314 1068 1360 perpetuo
1097 1307 1347 1360 frueretur;
1383 1321 1502 1361 quae
1536 1311 1798 1362 potentiam

165 1388 310 1429 tuam,
335 1379 525 1420 infinitis
546 1379 881 1420 misericordiis
902 1379 1256 1429 redundantem,
1281 1380 1328 1419 in
1350 1380 1501 1420 seruis
1522 1381 1663 1421 etiam
1685 1382 1799 1422 indi-

168 1452 407 1504 gnissimis
427 1450 673 1491 ostendere
694 1463 788 1491 non
810 1451 1021 1491 desistis?

245 1523 481 1564 Audiuisti
501 1534 701 1574 quoque,
736 1522 832 1562 Rssle
854 1521 1007 1569 Pater,
1032 1528 1144 1574 quot
1172 1534 1227 1561 ac
1250 1524 1411 1574 quanti
1441 1523 1569 1563 hisce
1602 1524 1797 1565 sanctis-

165 1595 294 1635 simis
317 1594 478 1634 diebus
500 1594 546 1633 in
568 1593 730 1633 eodem
759 1593 938 1634 Palatio
973 1593 1019 1633 in
1051 1605 1213 1633 mensa
1248 1593 1437 1634 Domini
1458 1595 1795 1636 discubuerint:

165 1677 364 1718 quorum
397 1664 770 1705 confessionibus
805 1664 1014 1715 (Illmum.
1048 1664 1229 1705 Ducem
1261 1665 1269 1683 ¹
1299 1677 1406 1705 cum
1432 1666 1623 1717 reliquis
1654 1667 1799 1718 magi-

165 1737 388 1777 stratibus
405 1737 574 1777 milites
591 1736 948 1787 praecedentem
964 1736 1211 1787 intelliges)
1225 1738 1353 1777 solus
1365 1737 1503 1778 Pater
1521 1737 1799 1779 satisfacere

166 1820 259 1849 non
281 1814 479 1860 poterat.
503 1808 550 1848 ni
571 1820 630 1848 ex
649 1808 825 1848 nostris
853 1808 1103 1860 quemdam
1131 1808 1319 1848 Patrem
1350 1809 1436 1848 sibi
1464 1809 1643 1849 socium
1671 1810 1800 1850 adhi-

168 1880 361 1920 buisset.

246 1950 541 1991 Exercentur
564 1951 749 1991 classici
776 1951 823 1991 in
849 1963 1042 1998 munere
1069 1952 1156 1992 sibi
1184 1952 1240 1991 ab
1269 1951 1532 1991 obedientia
1560 1951 1798 2003 imposito,

167 2033 194 2062 a
215 2022 382 2073 quibus
403 2022 707 2062 instituuntur
727 2023 858 2073 pueri
874 2023 1060 2073 graecis
1081 2029 1126 2063 et
1143 2022 1299 2062 latinis
1316 2022 1476 2072 literis,
1496 2028 1594 2063 tum
1616 2034 1801 2074 quoque

169 2093 358 2145 optimis
378 2093 604 2134 moribus.

247 2164 435 2204 Interim
450 2164 585 2204 uideo
598 2163 709 2215 quid
726 2163 934 2204 derelicti
950 2164 1157 2205 fecerim:
1177 2164 1299 2216 quod
1313 2164 1560 2204 dicendum
1578 2165 1799 2216 occurrit,

168 2246 273 2276 cum
308 2235 364 2275 de
394 2235 767 2275 confessionibus
802 2235 1021 2286 agebam,
1059 2235 1463 2275 annumerandum
1502 2234 1679 2275 fuerat:
1717 2235 1800 2276 sed

166 2305 220 2346 R.
244 2306 292 2346 Ρ.
315 2305 368 2345 T.
393 2307 639 2346 molestum
659 2306 759 2346 fore
789 2317 882 2346 non
910 2306 1050 2346 credo
1079 2306 1117 2346 si
1145 2306 1235 2346 hoc
1263 2305 1309 2345 in
1337 2305 1588 2357 postremis
1612 2318 1801 2347 enarra—

165 2389 294 2418 uero:
319 2384 388 2418 est
410 2378 573 2429 procul
595 2377 733 2418 dubio
756 2389 860 2418 cum
883 2384 1251 2418 commemoratu
1267 2377 1422 2428 dignis
1441 2377 1795 2418 recensendum.

168 2447 365 2489 Sorores
385 2455 492 2489 sunt
526 2449 757 2500 geminae,
788 2449 835 2489 in
856 2449 1024 2501 quibus
1052 2449 1210 2489 diuina
1246 2448 1567 2488 misericordia
1602 2449 1801 2490 virtutes

167 2530 277 2559 suas
297 2519 645 2560 demonstrasse
666 2520 913 2560 manifesto
934 2520 1131 2560 uidetur.
1154 2519 1255 2559 Hae
1271 2519 1409 2559 huius
1430 2519 1555 2558 uitae
1575 2519 1803 2560 conditio-

166 2590 239 2630 nis
259 2598 366 2630 sunt
387 2602 535 2643 eoque
556 2602 715 2631 amore
737 2591 1027 2640 deamantur,
1053 2599 1116 2640 ut,
1138 2590 1530 2642 quemadmodum
1546 2602 1637 2630 uno
1660 2592 1802 2633 enixu

166 2661 316 2701 editas
351 2673 453 2701 esse
487 2668 687 2712 constat,
726 2663 790 2703 ita
826 2663 1052 2702 ambabus
1088 2661 1261 2712 (nescio
1298 2661 1421 2712 quid)
1458 2661 1580 2701 idem
1610 2663 1728 2702 uelle
1756 2669 1802 2703 et

166 2732 289 2772 idem
309 2733 430 2772 nolle
452 2744 553 2772 esse
575 2733 767 2773 iudices:
805 2734 952 2773 altera
988 2732 1181 2772 alterius
1204 2739 1403 2772 mortem
1441 2731 1707 2783 (dummodo
1730 2745 1801 2773 so-

164 2803 320 2843 roriae
341 2804 570 2843 voluntati
591 2803 891 2855 obsequatur)
915 2815 1007 2843 non
1029 2804 1338 2843 abominatur:
1363 2809 1406 2842 et
1424 2804 1571 2843 altera
1597 2804 1800 2855 propriis

222 2963 232 2982 ¹
273 2963 440 2991 Hercules
456 2964 495 2991 de
513 2964 607 2991 Este.
