2047 3179
188 129 235 169 78
722 128 951 165 LlTTERAE
969 136 1330 168 QUADRJMESTRES

185 227 306 268 diosi
340 226 719 278 disciplinarum,
762 230 950 276 praeter
985 234 1087 274 eos,
1131 223 1209 275 qui
1244 223 1300 263 de
1340 221 1577 262 Societate
1619 221 1826 262 nondum

186 304 343 350 erant,
373 310 524 350 neque
546 309 708 338 omnes
745 296 1065 336 sufficeremus
1095 295 1134 335 si
1157 294 1330 335 ciuium
1365 292 1543 333 sanctis
1564 292 1828 344 desyderiis

187 371 404 411 omnibus
437 369 594 410 facere
629 368 744 409 satis
779 367 1122 417 debuissemus,
1155 366 1333 406 factum
1369 371 1529 405 tamen
1563 370 1634 404 est
1667 371 1717 405 ut
1751 364 1829 404 hic

187 442 324 494 pauci
345 441 680 491 remanserint,
719 439 843 492 quod
863 439 1084 491 precibus
1115 448 1298 487 eorum,
1324 436 1403 488 qui
1432 441 1595 475 nostra
1616 447 1760 486 opera
1781 436 1829 476 in

184 513 375 564 negotio
393 512 566 553 Christi
587 512 654 551 uti
671 511 906 558 uolebant,
926 509 1091 550 Patres
1108 509 1257 549 nostri
1278 507 1499 547 resistere
1511 518 1605 546 non
1619 512 1827 558 possent,

187 596 278 636 quo
300 584 349 624 fit
370 590 419 624 ut
440 583 547 624 hinc
576 594 625 623 se
654 583 701 622 in
730 581 971 622 Baeticam
1006 580 1301 632 prouinciam
1336 578 1540 630 quinque
1562 589 1620 618 ex
1653 578 1829 618 nostris

187 656 411 696 fratribus
429 666 535 695 cum
555 654 603 694 Ρ.
629 654 687 694 D.
711 653 886 694 Torres
910 652 917 671 ¹
942 651 1239 692 contulerint.
1260 649 1443 701 Reliqui
1460 655 1637 700 autem,
1658 649 1737 701 qui
1754 649 1830 689 hic

188 732 483 777 manserunt,
516 731 850 777 praeterquam
880 723 1004 776 quod
1032 722 1282 774 diligenter
1313 731 1416 760 sese
1446 720 1494 760 in
1520 720 1670 761 literis
1698 731 1831 760 exer-

189 804 369 849 cerent,
406 796 681 838 mortificari
714 807 917 847 quoque,
952 794 1109 834 omnia
1142 792 1301 833 mundi
1335 791 1473 831 huius
1509 791 1832 843 despiciendo,

189 870 509 921 resignatione
549 873 714 908 sancta
760 866 911 907 obuiis
957 866 1080 906 ulnis
1126 863 1440 905 obedientiam
1488 863 1830 915 amplectendo,

189 941 406 993 proprias
429 940 676 992 passiones
705 944 929 979 consueta
957 938 1170 977 oratione
1198 947 1253 975 ac
1283 935 1418 975 solito
1447 934 1600 974 studio
1631 940 1680 974 ut
1701 946 1833 986 supe-

189 1024 297 1054 rare
324 1012 507 1064 possint
536 1010 838 1060 elaborando,
867 1021 991 1050 nunc
1019 1010 1093 1049 uel
1124 1008 1327 1048 maxime
1355 1017 1496 1058 opere
1530 1005 1701 1046 obnixe
1722 1018 1834 1046 con-

189 1084 401 1134 tendunt,
425 1090 675 1135 postquam
696 1081 789 1122 Rdi
811 1080 965 1121 Patris
981 1079 1164 1121 Natalis
1185 1078 1522 1120 consuetudine
1544 1089 1599 1118 ac
1621 1077 1828 1127 monitis,

191 1157 309 1196 haec
329 1163 374 1196 et
394 1155 486 1195 alia
508 1153 789 1204 huiusmodi,
822 1164 915 1192 non
938 1151 1141 1192 iucunda
1164 1150 1317 1190 minus
1338 1160 1479 1200 quam
1507 1149 1656 1199 utilia,
1680 1148 1835 1189 edocti

193 1235 333 1279 atque
355 1226 551 1268 excitati
567 1237 744 1266 sumus.

272 1298 404 1339 Haec
417 1299 574 1350 itaque
588 1308 701 1337 sane
721 1294 860 1348 [sunt]
880 1295 928 1336 Ρ.
946 1294 1063 1345 Κίῑθ,
1081 1305 1199 1346 quaze
1217 1293 1263 1333 in
1281 1292 1659 1343 praesentiarum
1676 1303 1837 1333 occur-

190 1371 370 1411 rebant.
395 1369 587 1411 Utinam
609 1368 915 1420 Omnipotens
931 1366 1061 1406 Deus
1078 1377 1161 1417 pro
1179 1364 1366 1405 nomine
1388 1363 1647 1404 dulcissimi
1663 1363 1744 1403 filii
1765 1363 1837 1404 sui

190 1443 303 1496 Jesu
323 1440 498 1482 Christi
517 1452 571 1480 ac
594 1438 856 1480 Saluatoris
876 1438 1027 1478 nostri
1048 1437 1160 1477 illud
1177 1435 1309 1476 nobis
1336 1435 1596 1475 concedere
1618 1434 1840 1485 dignetur

190 1520 254 1565 ut,
279 1520 530 1565 postquam
550 1511 793 1564 propriam
822 1510 995 1562 optime
1030 1507 1351 1548 infirmitatem
1378 1506 1736 1558 agnouerimus‚
1761 1506 1838 1546 det

188 1597 373 1638 quoque
394 1584 600 1637 perfecte
622 1593 911 1634 cognoscere
934 1591 1053 1633 quae
1076 1580 1134 1620 sit
1156 1579 1255 1619 eius
1277 1579 1496 1618 uoluntas
1522 1578 1837 1629 beneplacens

191 1664 235 1698 et
257 1656 482 1708 perfecta,
507 1655 805 1707 gratiamque
835 1652 1069 1705 impartiri
1102 1650 1237 1691 nobis
1273 1649 1675 1690 abundantissime
1707 1649 1836 1699 uelit,

189 1741 282 1780 qua
304 1734 349 1769 et
369 1729 448 1768 illa
470 1727 715 1780 perficere,
741 1737 860 1778 quae
877 1726 975 1765 uult
997 1725 1119 1776 ipse,
1147 1729 1191 1763 et
1213 1735 1267 1763 ea
1297 1723 1435 1770 bona,
1461 1733 1581 1774 quae
1608 1721 1712 1762 fidis
1740 1721 1841 1761 suis

191 1800 496 1852 praeparauit
532 1799 718 1847 amicis,
758 1796 982 1848 consequi
1004 1795 1259 1847 possimus,
1284 1793 1408 1846 quod
1430 1801 1479 1834 ut
1500 1793 1685 1833 facilius
1707 1804 1834 1832 asse—

191 1883 392 1924 quamur
412 1870 492 1911 filii
514 1871 684 1911 mirum
705 1870 750 1909 in
772 1868 962 1909 modum
984 1873 1126 1917 certe,
1146 1865 1195 1906 Ρ.
1216 1865 1330 1916 R.d0,
1351 1865 1552 1916 petimus
1571 1870 1710 1916 atque
1730 1876 1839 1904 con·

189 1944 426 1984 tendimus
446 1943 564 1983 uelis
586 1953 671 1982 nos
694 1941 785 1981 tuis
806 1946 1031 1992 perpetuo
1061 1937 1305 1978 sacrificiis
1334 1948 1390 1977 ac
1421 1936 1713 1976 orationibus
1734 1947 1841 1976 esse

193 2014 706 2056 commendatissimos.

546 2158 589 2196 al
625 2189 632 2197 .

274 2223 450 2264 Datum
467 2157 786 2264 Sallminticae
810 2221 958 2273 pridie
982 2220 1079 2261 Cal.
1105 2219 1241 2271 Sepb.
1272 2218 1389 2258 1554.

278 2438 340 2477 [η
370 2441 544 2488 quarta
573 2436 762 2488 pagl'na
787 2436 898 2474 [Μα-
934 2439 1121 2474 lantum
1159 2434 1494 2485 resn‘lfl'llllllll':
1518 2432 1571 2482 Q.
1604 2430 1843 2471 Salaman-

199 2520 271 2559 ca,
295 2508 369 2559 54,
394 2507 519 2560 Sept.

256 2672 265 2692 ¹
306 2672 348 2699 P.
367 2672 426 2699 Dr.
444 2671 590 2699 Michu'cl
607 2671 646 2697 ile
664 2670 799 2697 Torres.
