2047 3179
861 150 894 186 A
906 161 945 187 Ν.
982 149 1074 187 1554
1739 142 1787 188 OC)

151 250 202 291 P.
244 249 554 290 Prouincialis
592 254 751 288 noster
789 246 915 297 Mag.
951 246 1071 286 Miro
1101 247 1328 297 peruenit.
1368 246 1456 296 Qui
1494 258 1577 286 suo
1613 247 1786 287 fratres

153 332 316 361 omnes
345 320 550 360 aduentu
583 329 755 369 magna
794 317 841 357 in
876 315 1079 357 Domino
1114 317 1436 356 consolatione
1471 317 1644 367 affecit,
1686 324 1784 358 tum

151 392 375 443 priuatim
396 391 622 441 singulos,
646 394 744 429 tum
765 399 926 428 omnes
947 388 1083 428 simul
1105 387 1363 439 alloquens,
1383 394 1428 427 et
1450 399 1541 428 uno
1561 394 1698 440 atque
1719 401 1784 429 xx

154 463 316 503 diebus
343 462 482 513 (quos
509 460 632 513 apud
651 471 737 500 nos
758 465 1074 499 commoratus
1095 458 1201 509 est),
1226 459 1429 510 quotidie
1450 458 1546 499 fere
1568 459 1624 499 de
1646 460 1785 500 rebus

153 533 440 585 spiritalibus
465 532 525 573 ad
551 532 735 579 fratres,
763 541 936 581 magna
958 542 1065 570 cum
1086 530 1294 581 ipsorum
1315 530 1634 570 consolatione
1661 543 1716 570 ac
1739 531 1785 570 in

153 604 356 645 Domino
378 603 717 653 aedificatione,
739 602 1017 642 familiarem
1035 612 1298 641 sermonem
1315 601 1508 642 habens.
1527 602 1652 642 Intra
1675 613 1783 653 quo·

151 687 255 716 rum
277 675 418 715 etiam
444 675 624 715 dierum
643 680 739 714 tam
772 673 915 713 breue
936 673 1140 724 spatium
1174 672 1276 722 illa,
1300 672 1347 712 in
1368 673 1534 724 quibus
1558 672 1684 712 dubii
1706 673 1786 712 ali-

152 746 263 797 quid
289 746 441 786 inesse
467 745 729 795 videbatur,
767 744 826 784 ad
853 744 1147 794 singulorum
1186 743 1444 783 ministeria
1480 743 1525 783 in
1561 743 1787 794 maJ'orem

154 817 316 857 Diuini
340 815 552 857 Nominis
578 816 778 868 gloriam
799 813 1087 866 exequenda,
1116 814 1288 854 Diuino
1316 814 1474 855 fautus
1495 814 1685 864 auxilio,
1710 826 1787 855 ex-

153 887 343 940 pediuit.
378 886 533 939 Atque
553 888 617 928 ita
651 893 807 927 actum
836 892 905 926 est
942 892 1008 937 vt,
1042 885 1168 926 omni
1197 885 1518 936 ambiguitatis
1549 885 1787 926 anxietate

153 965 355 1008 remota,
389 970 571 999 summa
599 969 781 1010 semper
806 969 911 998 cum
933 957 1074 997 animi
1108 968 1246 1008 pace,
1278 962 1373 997 tam
1405 957 1625 997 literariis
1646 968 1786 1008 quam

153 1030 440 1082 spiritalibus
476 1029 713 1070 exercitiis
733 1034 778 1069 et
805 1028 1081 1069 Vacauerint
1116 1034 1161 1068 et
1196 1034 1368 1068 vacent
1393 1027 1578 1068 fratres.
1609 1028 1788 1068 Diebus

155 1102 343 1142 veneris
364 1100 412 1141 P.
438 1101 533 1141 Leo
554 1106 651 1141 tam
672 1100 731 1141 ad
751 1111 852 1150 nos,
872 1100 950 1151 qui
971 1100 1018 1139 in
1040 1099 1266 1150 Collegio,
1304 1111 1444 1151 quam
1466 1099 1526 1140 ad
1555 1099 1682 1149 illos,
1709 1100 1787 1151 qui

154 1173 202 1212 in
223 1172 360 1213 domo
381 1172 671 1224 probationis
691 1177 955 1221 versantur,
981 1171 1288 1211 domesticam
1309 1182 1365 1210 ac
1386 1170 1665 1211 familiarem
1681 1182 1789 1211 con-

154 1245 336 1285 cionem
370 1244 522 1285 habet.
561 1244 718 1284 Aliam
751 1243 863 1284 item
882 1242 1110 1293 ejusmodi
1131 1242 1249 1282 alius
1275 1241 1414 1283 Pater
1442 1242 1641 1293 singulis
1662 1253 1788 1282 men-

155 1315 283 1356 sibus
304 1315 360 1355 de
388 1315 665 1355 obedientia.

234 1386 412 1426 Diebus
432 1397 546 1426 uero
566 1385 747 1426 festinis
767 1397 793 1426 a
817 1397 978 1433 coena,
1003 1385 1170 1436 quietis
1187 1383 1285 1436 jam
1306 1390 1498 1436 peracta
1520 1384 1653 1434 hora,
1677 1389 1788 1424 tem-

154 1468 241 1509 pus
276 1457 464 1509 aliquod
498 1457 823 1497 collationibus
856 1456 1143 1508 spiritalibus
1174 1455 1499 1507 impendimus.
1538 1455 1695 1508 Atque
1716 1456 1791 1496 his

155 1528 342 1580 quidem
372 1527 634 1568 deuotionis
661 1533 850 1568 nostrae
885 1526 1180 1567 adminiculis
1207 1527 1402 1577 vtimur,
1440 1526 1494 1567 R.
1533 1527 1579 1567 in
1599 1526 1790 1568 Christo

156 1598 258 1648 P.1‘,
282 1604 469 1650 praeter
492 1598 678 1639 solitum
699 1598 926 1638 orationis
946 1603 1130 1649 tempus
1152 1604 1196 1638 et
1218 1597 1484 1648 conciones,
1510 1610 1630 1650 quae
1651 1599 1699 1638 in
1721 1610 1788 1639 re—

153 1670 347 1710 fectorio
365 1669 610 1719 habentur,
631 1681 686 1709 ac
699 1669 805 1719 alia,
825 1680 944 1720 quae
962 1680 1020 1708 ex
1037 1669 1332 1720 superiorum
1347 1674 1446 1709 tum
1462 1669 1786 1720 permissione,

154 1747 253 1782 turn
275 1741 486 1791 consilio,
511 1746 672 1780 sancte
694 1739 862 1791 pieque
882 1739 1054 1780 fratres
1075 1745 1313 1780 exercent.

232 1811 304 1852 P.r
326 1812 560 1863 Georgius
581 1810 828 1860 Serranus,
851 1822 1076 1862 percursa
1099 1811 1192 1851 iam
1213 1811 1340 1851 circa
1356 1811 1466 1864 Julii
1484 1811 1622 1852 finem
1639 1812 1789 1852 Trini-

152 1883 263 1924 tatis
283 1883 496 1933 materia,
516 1882 860 1923 Incarnationis
877 1882 1154 1934 mysterium
1168 1881 1230 1922 3.0
1253 1881 1357 1923 Kal.
1375 1882 1579 1934 Augusti
1596 1894 1790 1935 aggres-

152 1966 233 1995 sus
253 1961 337 1995 est.
374 1953 460 1995 Cui
493 1954 681 1994 lectioni
721 1959 770 1993 ut
812 1964 1068 2005 prosperus
1103 1964 1352 1994 successus
1397 1954 1790 1996 clementissimus

152 2025 382 2066 Dominus
403 2025 552 2075 daret,
571 2025 650 2076 qui
670 2025 814 2076 ipsius
835 2030 969 2065 erant
986 2024 1217 2076 discipuli,
1237 2023 1415 2075 Patres,
1435 2025 1481 2065 in
1498 2025 1596 2076 ejus
1618 2031 1790 2077 myste-

152 2097 208 2137 rii
242 2096 738 2137 commemorationem
767 2106 955 2136 sacrum
990 2095 1164 2146 fecere3
1201 2094 1372 2135 fratres
1402 2107 1536 2145 uero,
1579 2095 1788 2147 ejusdem

150 2167 381 2219 discipuli,
404 2167 657 2207 Dominum
678 2166 850 2217 singuli
871 2178 926 2206 ea
947 2165 1003 2206 de
1037 2177 1087 2206 re
1109 2166 1434 2216 obsecrantes,
1461 2167 1690 2219 nouisque
1712 2179 1789 2208 ac·

151 2239 280 2279 censi
295 2237 538 2278 desideriis
555 2237 614 2277 ad
630 2237 690 2287 id,
706 2237 828 2289 quod
840 2236 1071 2278 Dominus
1083 2237 1248 2288 largiri
1263 2237 1553 2289 dignaretur,
1569 2245 1788 2290 prompto

152 2310 308 2350 animo
329 2309 701 2361 suscipiendum,
726 2308 889 2348 iisdem
909 2308 1064 2348 missis
1092 2308 1418 2349 interfuerunt.
1449 2309 1609 2360 Neque
1636 2310 1788 2351 solum

150 2381 197 2421 in
218 2381 307 2421 hac
341 2380 555 2430 lectione,
592 2390 757 2419 verum
791 2385 836 2419 et
864 2379 967 2419 aliis
1002 2379 1217 2420 omnibus
1248 2380 1635 2421 constitutionum
1670 2381 1788 2421 ordo

145 2463 334 2503 semper
355 2457 589 2492 seruatur.

228 2522 419 2563 Praeter
441 2533 635 2563 casuum
656 2532 768 2562 uero
803 2521 1118 2562 conscientiae
1153 2521 1292 2574 (quae
1313 2522 1360 2563 in
1395 2522 1605 2574 Collegio
1626 2530 1790 2565 nostro

151 2593 369 2644 habetur)
391 2593 769 2645 praelectionem,
792 2593 1002 2634 nonnulli
1022 2593 1164 2634 etiam
1185 2605 1244 2634 ex
1273 2594 1448 2635 nostris
1482 2595 1529 2635 in
1558 2596 1787 2636 vniuersi-

149 2670 246 2706 tate
258 2664 504 2706 aDoctore
521 2663 810 2716 Morgouejo,
826 2675 1059 2705 canonum
1075 2664 1123 2705 in
1139 2664 1303 2706 eadem
1318 2665 1628 2707 vniuersitate
1642 2667 1785 2707 lecto-

149 2747 220 2786 re,
245 2741 399 2788 caput‚
423 2735 555 2787 cujus
576 2735 759 2775 initium
781 2741 870 2785 est,
901 2733 1051 2775 OMNIS
1077 2747 1336 2782 VTRIUSQUE
1367 2749 1526 2784 SExus,
1555 2737 1611 2777 de
1624 2738 1789 2788 poeni-

148 2806 314 2857 tentia,
347 2807 560 2848 audiunt.
598 2806 681 2847 Est
706 2806 782 2846 ille
809 2805 998 2857 quidem
1030 2806 1104 2846 vir
1127 2813 1253 2847 certe
1276 2806 1486 2848 eruditus
1514 2815 1559 2848 et
1593 2809 1686 2860 qui,
1711 2821 1797 2849 va-

149 2877 388 2918 cationum
414 2884 656 2919 transacto
684 2884 908 2929 tempore,
943 2877 1123 2928 primae
1157 2878 1428 2919 cathedram
1464 2881 1791 2931 praelecturus

145 2948 226 2988 sit.
251 2947 394 2999 Cujus
414 2960 473 2990 ex
492 2949 691 2990 lectione
713 2961 808 2989 non
829 2947 1109 2989 mediocrem
1130 2949 1302 2990 fratres
1323 2950 1524 2991 fructum
1542 2953 1786 3004 colligunt.
