2047 3179
235 189 305 226 590
752 192 978 228 LITTERAE
998 203 1356 235 QUADRIMESTRES

314 285 452 326 Pater
474 299 587 327 vcro
615 287 852 327 Antonius
884 287 891 306 ¹
921 288 1083 328 sedulo
1114 288 1268 340 pergit
1298 294 1342 328 et
1371 288 1467 328 fere
1498 289 1716 330 assiduus
1737 296 1808 330 est
1831 291 1879 330 in

234 357 609 398 confessionibus
636 358 903 409 audiendis,
934 359 979 398 in
1009 359 1416 409 communicando,
1447 360 1493 399 in
1523 361 1810 402 consolando
1834 367 1878 401 et

235 428 468 469 monendo
490 441 614 469 nunc
636 429 721 469 hos
742 442 866 470 nunc
895 430 1013 479 illos,
1049 430 1093 469 in
1118 429 1353 470 visitando
1381 431 1702 472 incarceratos
1726 439 1770 472 et
1801 432 1876 472 de-

233 500 506 540 cumbentes
528 501 574 540 in
596 501 922 552 hospitalibus.
950 501 1175 541 Visitauit
1204 507 1248 541 et
1275 501 1374 553 ipse
1396 503 1540 542 semel
1563 509 1607 543 et
1624 503 1792 543 iterum
1809 504 1874 543 la-

232 571 456 612 borantes
490 578 620 623 peste
659 573 716 611 ab
756 572 970 611 omnibus
1006 571 1102 611 fere
1138 572 1402 613 destitutos.
1440 573 1653 614 Misimus
1688 586 1877 626 quoque

234 643 362 683 illum
385 644 445 683 ad
466 644 647 694 aliquos
670 654 821 694 pagos
842 643 1026 682 Vicinos
1046 643 1280 694 Tornaco,
1305 644 1385 684 vbi
1405 646 1575 685 multos
1607 646 1746 686 valde
1769 658 1874 686 con-

233 717 411 755 solatus
433 721 502 755 est
524 715 569 754 in
588 714 806 764 Domino,
832 721 875 754 et
897 722 1148 766 propterea
1171 716 1227 755 ab
1250 715 1339 755 illis
1362 716 1556 756 subinde
1580 716 1877 758 desideratur

234 792 277 826 et
299 792 565 826 reuocatus.

313 856 459 897 Porro
481 857 529 897 P.
556 857 806 908 Quintinus
829 856 842 875 ”²
865 868 1050 909 semper
1081 859 1382 910 prosequitur
1404 865 1448 899 et
1479 860 1634 911 pergit
1665 860 1712 900 in
1733 860 1877 911 expli-

232 929 384 970 canda
407 928 622 968 doctrina
642 928 900 968 christiana
919 928 1083 969 diebus
1100 928 1244 980 festis,
1266 930 1325 969 ad
1343 942 1484 981 quam
1501 943 1595 971 non
1612 931 1751 982 pauci
1768 943 1874 971 con-

231 1000 394 1050 fluunt,
429 999 708 1050 praesertim
731 1000 894 1039 diebus
912 999 1174 1047 dominicis,
1204 1008 1248 1040 et
1271 1014 1296 1040 a
1320 1002 1549 1042 concione
1570 1002 1667 1042 fere
1691 1014 1877 1054 semper

230 1071 518 1112 conueniunt
540 1071 750 1110 nonnulli
772 1071 925 1122 ipsum
947 1082 1031 1122 pro
1054 1072 1250 1111 consilio
1272 1072 1502 1123 habendo,
1532 1075 1604 1113 Vel
1621 1073 1874 1114 confessio-

230 1155 287 1182 ne
309 1142 540 1182 facienda.
564 1142 615 1182 In
638 1144 813 1194 templo
835 1142 1002 1183 maiori
1025 1143 1348 1183 confessiones
1369 1144 1498 1184 audit
1528 1145 1737 1196 quotidie
1757 1145 1872 1196 fere,

230 1214 354 1254 vnde
378 1216 522 1254 multa
544 1214 669 1254 bona
703 1214 952 1265 prouenire
983 1214 1222 1266 perspicit,
1246 1215 1357 1255 dum
1387 1217 1556 1256 multos
1589 1216 1782 1267 ignaros
1811 1217 1875 1257 in-

231 1286 383 1335 struit,
408 1285 646 1326 desolatos
670 1287 956 1332 consolatur,
980 1286 1246 1326 haereticos
1268 1287 1327 1326 ad
1349 1287 1632 1327 catholicam
1655 1288 1793 1328 fidem
1808 1300 1874 1328 re-

235 1358 377 1407 ducit,
399 1358 678 1397 vacillantes
701 1357 964 1398 confirmat.

310 1428 471 1469 Obiter
494 1429 606 1469 illud
629 1441 877 1469 recensere
899 1429 947 1469 in
969 1429 1125 1470 animo
1148 1436 1232 1479 est,
1258 1430 1383 1481 quod
1404 1431 1619 1482 proxime
1637 1437 1744 1471 ante
1763 1431 1877 1472 Pen-

229 1508 456 1541 tecostem
480 1501 691 1552 contigit.
728 1500 964 1541 Audiebat
994 1501 1094 1552 ipse
1127 1501 1374 1542 cuiusdam
1405 1502 1497 1542 viri
1519 1502 1706 1542 honesti
1734 1508 1779 1543 et
1802 1515 1877 1543 ca-

226 1573 389 1613 tholici
410 1573 477 1623 (vt
499 1572 774 1624 apparebat>
807 1572 1171 1613 confessionem:
1196 1573 1325 1613 venit
1346 1585 1531 1625 quoque
1553 1579 1598 1614 et
1624 1586 1746 1614 vxor
1768 1586 1876 1615 cum

227 1644 386 1684 multis
416 1644 590 1694 liberis,
624 1656 823 1696 quorum
852 1644 1061 1684 omnium
1093 1643 1467 1685 confessionibus
1490 1645 1676 1696 auditis,
1701 1646 1876 1696 reperit

228 1722 375 1756 totam
397 1716 493 1756 fere
516 1715 742 1756 familiam
765 1716 1005 1756 erroribus
1036 1715 1145 1756 fidei
1166 1715 1491 1767 dep1·auatam;
1527 1717 1660 1757 cuius
1682 1716 1800 1757 duae
1829 1717 1875 1757 fi-

227 1788 317 1827 liae
340 1788 584 1839 imprimis,
612 1799 760 1827 annos
783 1794 922 1827 natae
941 1788 1130 1827 circiter
1146 1787 1331 1838 Viginti,
1352 1794 1485 1828 erant
1504 1800 1696 1839 prorsus
1718 1800 1874 1829 sacra-

227 1859 488 1899 mentariae
510 1859 539 1899 ⁵:
563 1860 729 1909 maior,
756 1872 781 1899 a
805 1860 1010 1911 quodam
1031 1859 1405 1899 sacramentario
1424 1871 1664 1911 peruersa,
1686 1871 1875 1912 peruer-

218 1937 349 1970 ‘terat
379 1930 624 1981 minorem,
659 1931 741 1971 sed
764 1943 858 1971 non
888 1930 1186 1971 abstinebant
1213 1943 1239 1971 a
1270 1930 1565 1971 confessione
1587 1937 1632 1971 et
1663 1943 1870 1972 commu—

225 2002 365 2041 nione
387 2013 501 2053 prae
523 2002 720 2053 pudore,
746 2002 965 2042 simulate
988 2007 1031 2042 et
1059 2001 1214 2042 minus
1241 2001 1425 2053 integre
1455 2001 1745 2053 confitentes,
1779 2014 1876 2043 non

226 2072 473 2114 credentes
495 2084 544 2113 se
567 2073 697 2114 aliud
721 2073 963 2124 accepisse
985 2073 1032 2112 in
1054 2073 1382 2113 communione
1412 2084 1553 2124 quam
1574 2072 1776 2113 frustum
1797 2085 1876 2125 pa-

225 2144 313 2184 nis:
338 2144 445 2193 iarn,
470 2145 573 2184 laus
598 2144 715 2195 Deo,
739 2150 784 2184 et
815 2144 1096 2185 confitentur
1126 2150 1170 2184 et
1198 2144 1547 2184 communicant
1568 2145 1799 2185 sincerius
1832 2151 1877 2186 et

225 2214 533 2267 frequentius,
570 2221 764 2267 totaque
795 2215 974 2256 familia
1002 2215 1062 2255 ad
1092 2214 1230 2255 fidem
1262 2215 1545 2255 catholicam
1579 2222 1877 2268 mentemque

226 2299 392 2327 sanam
414 2288 565 2328 rediit.

309 2359 483 2399 Visitat
507 2365 752 2410 praeterea
788 2360 837 2399 in
867 2358 1089 2410 hospitali
1120 2357 1451 2398 decumbentes
1482 2364 1526 2398 et
1547 2358 1876 2399 incarceratos

226 2431 494 2482 frequenter
517 2443 609 2471 non
630 2437 845 2481 vocatus,
872 2436 916 2470 et
938 2430 1192 2481 aliquando
1214 2429 1355 2469 etiam
1377 2442 1404 2469 a
1433 2429 1687 2481 praefectis
1717 2442 1874 2470 carce-

224 2513 329 2541 rum
350 2508 564 2552 vocatus,
590 2513 700 2541 nam
723 2501 886 2553 paucis
908 2501 1082 2541 abhinc
1104 2500 1266 2541 diebus
1288 2501 1348 2541 ad
1369 2501 1620 2552 quemdam
1640 2514 1698 2541 ex
1719 2501 1870 2542 incar-

223 2573 397 2613 ceratis
419 2573 512 2625 (qui
536 2573 685 2613 vitam
708 2574 842 2624 plane
861 2572 1139 2613 dissolutam
1160 2579 1204 2612 et
1232 2573 1435 2612 alienam
1462 2584 1489 2612 a
1514 2573 1867 2613 christianismo

223 2644 425 2695 vixerat)
455 2644 742 2685 audiendum
770 2645 816 2684 in
849 2643 1144 2684 consessione
1176 2650 1374 2684 vocatus
1404 2638 1504 2694 fuit,
1544 2644 1652 2696 quia
1682 2644 1875 2685 nolebat

225 2715 453 2767 confiteri,
488 2723 567 2756 aut
594 2717 750 2768 potius
780 2728 875 2756 non
907 2716 1096 2756 valebat
1133 2716 1190 2755 ob
1228 2716 1473 2756 cerebrum
1509 2727 1793 2756 concussum
1829 2721 1878 2756 et

225 2787 439 2837 grauiter
462 2789 777 2836 vulneratum,
801 2787 881 2839 qui
902 2786 1106 2838 tandem,
1127 2786 1265 2827 Patre
1287 2787 1543 2837 instigante
1561 2792 1606 2826 et
1622 2787 1874 2838 clamante,

284 2922 292 2941 ¹
334 2922 370 2949 P.
387 2923 558 2951 Antonius
576 2924 731 2951 Bouclet.

281 2970 295 2989 ‘2
333 2969 410 3004 Ipse
424 2972 622 2998 litterarum
637 2976 770 2999 auctor.

280 3015 297 3035 5
334 3016 421 3044 Vide
436 3025 553 3052 supra,
567 3026 648 3052 pag.
663 3018 726 3046 253.
