2047 3179
934 145 1015 180 ΛΝ.
1049 144 1139 180 1534
1780 149 1848 184 190

209 241 432 291 omnium,
458 253 564 282 cum
584 241 697 282 foris
719 241 765 281 in
799 241 973 281 scholis
1009 242 1303 291 versabatur,
1343 251 1443 286 erat
1477 242 1774 283 familiaritas
1802 251 1845 284 et

209 312 511 353 consuetudo.
536 312 784 353 Caeterum
805 313 941 352 huius
977 312 1301 352 universitatis
1337 313 1555 353 doctores
1593 316 1839 364 praeclari,

210 387 309 422 tum
329 390 521 434 propter
541 395 772 424 summam
797 394 912 434 erga
946 395 1030 423 nos
1065 383 1357 433 charitatem,
1382 391 1479 423 turn
1502 390 1550 423 ut
1574 396 1736 424 omnes
1758 397 1843 424 nos

211 454 425 504 doceant,
449 455 798 506 quaestionibus
814 455 1010 494 libenter
1037 456 1281 495 intersunt:
1308 466 1427 495 unus
1462 455 1665 495 maxime
1700 456 1845 496 frater

212 523 487 565 Dominicus
525 525 550 576 ¹,
575 527 650 578 qui
687 526 867 577 publice
899 526 944 565 in
979 526 1152 566 scholis
1194 526 1312 565 hora
1358 527 1625 577 vespertina
1662 539 1849 567 sacram

211 595 499 646 theologiam
521 596 779 648 profitetur:
804 597 970 637 doctus
991 597 1192 648 quidem,
1216 597 1457 646 honestus,
1482 604 1526 637 et
1554 598 1728 648 probus
1759 599 1847 647 vir,

212 677 388 717 nosque
410 668 456 707 in
478 668 666 709 Christo
687 669 889 709 maxime
912 669 1077 719 diligit:
1103 680 1240 719 quem
1263 675 1531 709 nostrorum
1552 671 1849 720 praeclaram

212 736 467 784 modestiae
490 739 768 791 virtutisque
789 746 1027 779 servatam
1047 751 1277 789 normam,
1301 752 1394 779 non
1418 740 1591 779 amisso
1616 740 1760 780 animi
1781 752 1850 780 ar·

210 807 323 858 dore
352 808 617 860 ingeniique
647 811 861 850 acumine
884 810 1004 850 inter
1040 810 1483 861 argumentandum,
1518 811 1641 862 apud
1676 810 1851 850 fratres

210 889 320 918 suos
341 879 467 919 domi
488 882 694 921 maxime
715 880 934 921 laudasse
956 881 1090 921 nobis
1113 882 1386 922 nunciatum
1411 889 1495 922 est.

291 949 365 989 Ad
387 950 560 991 Christi
582 953 858 1001 doctrinam,
882 963 1023 1004 quam
1043 953 1200 1003 palam
1218 953 1264 992 in
1283 954 1455 1004 templo
1472 953 1695 994 docemus
1713 954 1850 1005 (quae

212 1031 392 1060 summa
428 1021 516 1062 Dei
550 1031 642 1074 opt.
667 1030 737 1064 est
771 1023 971 1074 bonitas)
1003 1024 1225 1076 frequens
1261 1026 1460 1076 populus
1495 1025 1750 1065 concurrit.
1773 1025 1849 1065 Ad

213 1092 468 1133 audiendas
504 1095 842 1145 confessiones,
879 1096 966 1135 etsi
1001 1097 1146 1136 multo
1179 1097 1336 1148 plures
1371 1108 1597 1148 essemuS‚
1635 1097 1852 1137 omnibus

211 1163 486 1204 satisfacere
507 1177 600 1205 non
620 1177 881 1217 possemus:
904 1173 1034 1206 tanta
1058 1174 1127 1207 est
1145 1167 1386 1208 hominum
1407 1169 1746 1219 poenitentium
1778 1180 1850 1208 co-

213 1235 304 1286 pia,
329 1236 405 1286 qui
423 1237 628 1276 maximo
643 1238 785 1278 animi
803 1238 972 1278 ardore
985 1249 1040 1277 ac
1058 1238 1305 1290 desiderio,
1325 1246 1374 1279 ut
1392 1246 1695 1291 peccatorum
1708 1251 1852 1279 onere

215 1307 457 1347 eleventur
479 1320 533 1348 ac
556 1308 840 1360 reficiantur,
870 1310 930 1350 ad
957 1322 1043 1350 nos
1064 1311 1272 1351 veniunt.
1309 1310 1424 1351 Item
1445 1311 1505 1352 ad
1539 1311 1751 1352 homines
1777 1323 1848 1351 ae-

213 1385 457 1429 grotantes
479 1380 738 1421 visitandos
759 1381 875 1422 adeo
896 1394 982 1422 nos
1002 1389 1180 1434 petunt,
1204 1389 1268 1433 ut,
1306 1383 1345 1423 si
1379 1383 1426 1423 id
1456 1395 1744 1433 curaremus,
1767 1384 1860 1424 Vix·

215 1450 341 1490 aliud
358 1462 474 1502 opus
495 1458 738 1502 praestare
758 1464 1017 1504 possemus.
1042 1453 1148 1494 Duo
1170 1454 1306 1494 huius
1327 1454 1484 1506 oppidi
1500 1455 1629 1495 cives
1646 1455 1694 1494 in
1712 1455 1851 1494 domo

216 1528 377 1561 nostra
398 1522 445 1561 in
465 1523 599 1562 bonis
620 1524 938 1575 spiritualibus
959 1537 1008 1565 se
1030 1532 1360 1576 exercuerunt3
1385 1526 1463 1577 qui
1485 1532 1667 1566 tantum
1689 1526 1735 1565 in
1760 1526 1850 1565 vir-

215 1598 329 1643 tute,
352 1594 618 1644 cognitione
640 1594 725 1644 sui,
749 1594 929 1647 Deique
952 1608 1053 1647 ope,
1080 1596 1211 1636 brevi
1231 1603 1441 1648 tempore
1463 1597 1778 1648 profecerunt,
1803 1604 1852 1636 ut

217 1664 264 1703 in
284 1664 374 1704 hac
396 1676 445 1704 re
467 1665 668 1705 maxime
690 1666 750 1706 sit
771 1666 986 1708 Christus
1013 1673 1106 1719 opt.
1139 1668 1423 1709 laudandus:
1457 1680 1589 1720 quos,
1621 1668 1731 1720 quia
1752 1668 1853 1708 noti

218 1735 432 1775 omnibus
449 1743 555 1776 sunt
577 1736 623 1776 in
645 1737 733 1777 hac
755 1737 945 1778 civitate
967 1737 1084 1789 (Deo
1106 1745 1200 1790 opt.
1225 1751 1350 1780 max.
1371 1740 1659 1789 auxiliante),
1680 1740 1853 1780 multos

218 1806 278 1846 ad
298 1817 463 1846 Verum
486 1806 659 1847 Christi
681 1809 857 1848 cultum
878 1820 932 1849 ac
962 1809 1198 1860 pietatem,
1237 1811 1381 1850 veluti
1411 1811 1550 1851 hamo
1578 1811 1747 1862 pisces,
1776 1822 1850 1850 ca-

217 1878 381 1923 pturos
403 1883 660 1923 speramus.
684 1873 777 1924 Ille,
797 1875 876 1926 qui
896 1886 975 1915 eos
996 1876 1202 1927 vocavit,
1227 1882 1271 1916 et
1289 1877 1336 1916 in
1357 1876 1453 1916 vita
1472 1876 1731 1916 christiana
1746 1888 1850 1916 con-

219 1943 421 1995 spicuo5,
447 1949 491 1983 et
512 1944 558 1983 in
579 1955 662 1983 suo
685 1944 906 1996 obsequio
928 1945 975 1986 in
1007 1946 1106 1986 dies
1135 1946 1443 1998 perfectiores
1473 1947 1653 1996 reddat,
1674 1959 1853 1999 nosque

219 2025 382 2053 omnes
403 2026 493 2054 uno
534 2015 689 2054 animo
724 2027 876 2067 pares,
912 2023 1164 2069 utcumque
1200 2018 1326 2068 velit,
1366 2017 1549 2059 efficiat.
1586 2018 1853 2059 Praeclaris

218 2084 310 2124 tuis
357 2085 588 2136 obsequiis
636 2086 930 2139 assiduisque
975 2088 1022 2128 in
1063 2088 1214 2129 Deum
1255 2090 1560 2140 orationibus,
1600 2090 1853 2130 admodum

219 2155 319 2196 Rfle
341 2156 408 2205 R,
432 2168 518 2197 nos
540 2169 715 2208 omneS,
740 2170 856 2210 quos
877 2159 923 2199 in
945 2159 1132 2201 Christo
1155 2172 1453 2213 summopere
1476 2162 1646 2213 diligis.
1670 2162 1797 2202 iuva.

301 2226 632 2278 Salmanticae,
660 2227 707 2268 18
728 2230 815 2269 cal.
837 2230 1050 2283 Januarii
1070 2231 1186 2272 1554.

301 2298 372 2338 Ex
394 2299 723 2340 commissione
745 2300 897 2341 Patris
918 2301 1193 2343 Fernandez
1214 2307 1243 2351 ²,

557 2371 732 2410 inutilis
754 2383 935 2423 servus,

1047 2480 1385 2522 FERDINANDUS
1407 2483 1588 2523 GOMEz.

302 2648 656 2700 Superscrz'ptz'o
691 2652 742 2690 ln
767 2653 975 2692 secunda
998 2653 1202 2704 pagina.
1237 2653 1350 2695 IHS.
1384 2654 1654 2696 Admodum
1688 2655 1791 2696 R.d0
1812 2656 1860 2696 in

225 2821 303 2848 anni
319 2825 486 2849 aestatem
500 2823 711 2856 praefectus.
735 2823 821 2851 Vide
845 2824 994 2851 POLANCI
1017 2825 1221 2860 Clu-om‘con,
1247 2831 1275 2854 t.
1302 2834 1339 2855 111
1355 2832 1389 2855 et
1414 2835 1461 2863 1v‚
1484 2829 1540 2856 ubi
1556 2829 1597 2857 de
1614 2829 1776 2864 Collegiis
1801 2829 1861 2857 Sal

223 2869 428 2896 manticensi
443 2874 476 2897 et
493 2870 701 2898 Cordubensi
717 2872 842 2905 agitur.

280 2917 287 2934 ¹
329 2915 386 2943 Fr.
404 2916 525 2944 Petrus
538 2918 577 2944 de
595 2918 811 2954 Sotomayor.
829 2919 915 2946 Vide
933 2920 1082 2947 ΡοιΑΝεῐ
1099 2920 1328 2957 Clzron.‚t.1v,
1346 2931 1375 2950 n.
1392 2923 1454 2950 816.

278 2964 292 2982 ’ὲ
333 2963 560 2999 Frequentius
575 2967 748 2999 reperitur
762 2968 927 3001 scriptum
944 2967 1173 2996 Hcrnamlez,
