2047 3179
817 135 902 172 AN.
933 135 1023 172 1555
1670 136 1742 174 715

784 587 1064 642 CDXLII

178 819 229 857 P.
254 820 413 857 Petrus
433 820 656 866 Acebedo,

226 883 297 921 Ex
311 885 633 923 commissione
655 887 799 923 Patris
819 885 1035 934 Alphonsi
1054 886 1108 923 de
1128 885 1302 932 Zarate,

270 950 394 988 Patri
411 950 582 998 Ignatio
601 952 653 990 de
674 952 857 999 Loyola.

319 1014 540 1063 Corduba,
563 1017 609 1053 27
629 1017 888 1054 Decembris
910 1016 1000 1054 1555
1021 1017 1044 1052 ¹.

866 1166 963 1253 usis

188 1365 289 1406 Pax
310 1365 500 1416 Christi,
525 1373 611 1407 etc.

183 1436 312 1488 Quae
333 1438 484 1478 relatu
506 1437 650 1489 digna
672 1438 814 1488 fuere,
839 1449 944 1478 cum
965 1438 1166 1489 primum
1188 1442 1404 1487 coeptum
1435 1442 1504 1476 est
1533 1436 1739 1476 habitari

102 1505 364 1559 Collegium
386 1509 523 1560 istud,
547 1509 762 1560 proxima
779 1508 1110 1560 quadrimestri
1131 1507 1419 1559 scripsimus:
1444 1507 1554 1559 quid
1579 1507 1735 1548 hacte-

104 1589 192 1619 nus
215 1579 452 1631 acciderit‚
484 1581 660 1632 accipe.

182 1649 349 1690 Messis
371 1651 531 1701 multa,
557 1651 759 1703 operarii
779 1662 892 1691 vero
914 1651 1066 1702 pauci.
1092 1649 1336 1691 Accrescit
1353 1650 1477 1690 enim
1498 1649 1734 1701 poeniten-

103 1720 218 1761 tium
238 1733 461 1762 numerus
482 1722 528 1762 in
546 1722 644 1762 dies
678 1722 831 1774 magis
861 1733 916 1761 ac
951 1722 1119 1773 magis,
1152 1721 1255 1761 aliis
1276 1721 1394 1761 alios
1410 1719 1732 1769 inuitantibus,

102 1792 206 1832 aliis
222 1793 345 1833 Vltro
363 1793 423 1833 ad
439 1804 524 1833 nos
541 1793 943 1844 concurrentibus,
964 1803 1124 1833 omnes
1141 1792 1328 1832 tandem
1350 1791 1396 1832 in
1412 1790 1501 1831 Dei
1517 1790 1731 1842 gloriam,

101 1874 195 1903 non
216 1864 367 1904 solum
388 1876 481 1904 non
504 1864 561 1904 ab
583 1864 798 1915 incoepto
820 1863 1063 1913 desistunt,
1102 1874 1281 1913 verum,
1318 1862 1567 1913 degustato
1592 1862 1736 1902 semel

102 1935 423 1975 sacratissimo
448 1935 565 1985 cibo,
591 1935 760 1975 mirum
789 1947 929 1987 quam
962 1936 1215 1975 multorum
1250 1934 1538 1974 incalescant
1574 1932 1732 1979 animi,

101 2016 220 2056 quos
240 2012 543 2057 peccatorum
572 2006 750 2057 glacies
780 2007 951 2046 multos
983 2006 1076 2046 iam
1109 2016 1260 2045 annos
1295 2004 1656 2044 constrinxerat.
1682 2003 1734 2043 In

101 2075 172 2115 his
193 2075 516 2117 adolescentes
544 2084 651 2117 sunt
688 2088 782 2116 non
818 2088 985 2128 parum
1019 2076 1150 2116 multi
1185 2076 1368 2124 (missos
1402 2075 1525 2115 facio
1554 2074 1734 2114 audito-

101 2157 177 2185 res
198 2145 227 2198 2,
252 2147 307 2187 de
329 2148 495 2199 quibus
511 2148 587 2187 vel
607 2147 863 2199 praecipua
885 2149 1032 2198 cura),
1056 2147 1133 2199 qui
1155 2146 1360 2186 nondum
1383 2145 1509 2186 vitiis
1540 2145 1731 2194 assueti,

101 2216 239 2258 facile
259 2218 306 2258 in
334 2219 497 2258 melius
533 2219 680 2258 vitam
714 2224 1020 2269 commutant,
1059 2217 1246 2258 virtutis
1280 2216 1524 2256 dulcedine
1560 2216 1730 2266 allecti,

101 2298 242 2338 quam
264 2289 501 2329 altissimis
528 2300 771 2340 speramus
801 2289 1038 2329 radicibus
1068 2287 1376 2340 defigendam.
1413 2286 1605 2327 Confert
1624 2286 1733 2326 huic

100 2360 168 2399 rei
189 2371 281 2400 non
303 2371 471 2411 parum
487 2359 648 2399 sedula
668 2366 713 2399 et
736 2360 1002 2399 necessaria
1030 2361 1281 2399 multarum
1307 2369 1464 2398 rerum
1490 2357 1732 2409 indagatio

100 2429 147 2470 in
168 2429 255 2480 his,
288 2430 367 2481 qui
392 2430 482 2470 huc
517 2430 667 2470 denuo
689 2430 850 2474 veniut
877 2429 1062 2480 fassuri,
1088 2441 1177 2481 quo
1201 2429 1249 2469 fit
1277 2430 1563 2480 plerumque,
1596 2434 1646 2468 vt
1667 2428 1733 2467 in-

99 2505 284 2551 tegram
306 2501 449 2540 totius
472 2507 716 2540 anteactae
738 2501 866 2540 Vitae
883 2501 1111 2541 rationem
1129 2499 1322 2540 reddere
1341 2506 1585 2551 cogantur.
1609 2499 1729 2548 Hoc,

98 2571 206 2611 licet
227 2572 458 2623 principio
481 2582 622 2622 aegre
643 2571 891 2611 videantur
912 2571 1051 2622 ferre,
1072 2578 1228 2611 tamen
1245 2571 1304 2611 ad
1327 2571 1510 2610 animae
1531 2571 1728 2610 salutem

98 2641 272 2694 oppido
300 2653 440 2694 quam
467 2643 788 2682 necessarium
816 2643 1044 2694 persuasi,
1078 2642 1332 2693 accingunt
1367 2653 1415 2681 se
1443 2641 1586 2692 operi,
1617 2642 1733 2681 nulli

99 2713 248 2753 labori
270 2719 532 2764 parcentes,
556 2713 710 2764 quoad
731 2720 942 2764 optatum
964 2720 1150 2764 portum
1174 2720 1332 2752 tenere
1354 2717 1540 2764 queant.
1564 2711 1631 2752 Eo
1653 2712 1733 2752 ubi

156 2850 166 2870 ¹
206 2849 282 2877 Duo
299 2852 377 2877 sunt
392 2848 513 2876 harum
528 2849 725 2876 litterarum
741 2849 907 2883 exemp1a;
924 2853 1103 2883 utrumque
1127 2848 1380 2883 autographum
1394 2852 1428 2875 et
1443 2848 1476 2875 in
1491 2847 1617 2882 duplici
1639 2848 1730 2882 folio;

100 2897 247 2932 primum
264 2905 294 2924 n.
309 2898 388 2924 olim
401 2896 463 2929 503,
482 2904 568 2924 nunc
586 2896 636 2923 107
650 2901 683 2923 et
700 2896 760 2930 108;
776 2897 923 2923 alterum
939 2896 1243 2929 n.01im506,nunc
1262 2896 1312 2923 109
1326 2901 1360 2923 et
1378 2895 1426 2923 110

155 2945 169 2964 2
208 2944 356 2977 Scilicet,
373 2944 427 2978 qui
443 2948 578 2971 nostras
594 2944 811 2978 frequentant
827 2944 972 2971 scholas.
