2047 3179
227 150 298 187 460
741 149 967 187 LITTERAE
993 159 1352 193 QUADRlMESTREs

227 247 418 287 boribus
448 248 698 300 susceptis,
737 248 925 288 aiebant
953 259 1002 287 se
1037 258 1276 298 nunquam
1311 257 1458 298 aeque
1493 247 1668 286 vidisse
1703 247 1868 298 pietati

227 317 409 359 deditas
440 331 495 359 ac
526 330 665 364 nunc.
699 325 743 359 et
773 320 896 359 hunc
927 319 1131 359 fructum
1174 318 1379 358 maxime
1406 318 1452 357 in
1489 317 1863 358 confessionibus

228 396 640 430 commonstrasse.
656 390 706 430 In
722 402 809 430 vsu
827 402 882 429 ac
903 389 1165 440 frequentia
1188 389 1521 440 mysteriorum
1534 388 1738 440 (Christo
1755 389 1867 442 Jesu

228 461 434 512 auspice)
456 473 639 512 semper
662 462 866 513 palmam
889 461 935 500 in
957 460 1046 500 hac
1067 460 1181 500 vrbe
1211 461 1358 500 tenuit
1385 466 1430 500 et
1459 466 1585 500 tenet
1605 459 1758 500 Divae
1779 461 1869 500 Lu-

227 532 329 572 ciae
351 534 599 584 templum,
624 543 824 583 magnus
846 532 969 571 enim
992 543 1250 572 concursus
1271 531 1624 584 poenitentium,
1650 543 1756 571 cum
1776 531 1866 572 die-

226 604 313 644 bus
331 604 592 654 dominiciS‚
616 610 715 644 tum
736 603 1097 643 solemnioribus
1113 603 1258 653 feriis,
1278 604 1502 654 templum
1518 603 1670 655 ipsum
1690 603 1865 654 implet,

228 675 305 726 qui
327 687 439 715 sane
460 675 695 715 vniuersis
723 674 1096 714 Bononiensibus
1126 680 1233 714 sunt
1256 674 1470 726 exemplo
1501 674 1871 726 disciplinaeque

228 746 274 786 in
295 745 485 786 Domini
506 745 609 786 Iesu
630 746 733 796 lege
755 751 800 786 et
819 746 1061 797 religione.

307 817 437 857 Haec
467 823 590 867 sunt,
622 828 850 868 perquam
880 816 1173 857 obseruande
1203 815 1357 867 Pater,
1382 828 1501 868 quae
1532 829 1559 856 a
1580 815 1796 856 Patribus
1825 824 1869 857 et

226 888 451 929 fratribus
481 888 553 928 his
584 888 812 939 proximis
833 888 1073 928 mensibus
1092 887 1293 939 (Christo
1326 887 1529 928 Domino
1561 887 1868 939 suffragante)

227 966 362 1011 gesta
391 966 512 1000 sunt.
546 959 681 1000 Nunc
711 960 943 1011 reliquum
965 966 1048 1009 est,
1075 965 1122 1000 ut
1144 959 1235 999 tuis
1257 970 1342 999 nos
1364 965 1488 999 totos
1511 959 1865 1010 precationibus

227 1031 621 1081 commendemus,
652 1042 708 1071 ac
737 1043 764 1071 a
793 1031 905 1084 Jesu
932 1031 1107 1082 optimo
1139 1031 1345 1071 maximo
1375 1030 1582 1082 preceris
1604 1030 1738 1070 nobis
1761 1042 1866 1071 con-

229 1103 431 1142 stantiae
447 1103 696 1152 rationem,
713 1102 958 1142 charitatis
979 1102 1267 1150 thesaurum,
1283 1108 1328 1142 et
1348 1102 1496 1142 nostri
1519 1102 1728 1153 ipsorum
1745 1101 1870 1141 abiu-

226 1174 425 1214 rationis
455 1183 627 1221 arcem;
663 1186 752 1226 quo
794 1181 1005 1214 nostram
1035 1185 1224 1214 crucem
1263 1173 1468 1225 quotidie
1502 1173 1732 1224 tollentes,
1771 1180 1870 1213 tum

227 1246 359 1286 nobis
395 1245 441 1285 in
470 1257 583 1286 uero
614 1252 658 1286 et
686 1257 889 1297 syncero
912 1245 1036 1286 illius
1059 1246 1186 1285 cultu
1209 1251 1493 1295 constemus
1518 1251 1617 1285 tum
1638 1256 1724 1284 nos
1746 1252 1870 1284 totos

227 1317 287 1357 ad
317 1317 526 1357 eiusdem
556 1317 760 1357 studium
789 1324 833 1357 et
863 1318 1156 1357 uoluntatem
1192 1316 1516 1367 conferamus,
1549 1323 1647 1356 tum
1682 1327 1869 1356 omnem

232 1394 445 1429 nostram
481 1399 661 1439 curam,
687 1389 1051 1440 cogitationem,
1092 1400 1305 1440 operam,
1343 1388 1390 1428 in
1422 1388 1689 1428 mortalium
1735 1387 1869 1427 disci-

227 1460 353 1512 plina
375 1466 616 1512 ponentes,
642 1460 744 1500 illos
766 1472 790 1500 e
810 1459 1025 1500 faucibus
1043 1459 1221 1511 antiqui
1237 1459 1469 1511 serpentis
1485 1465 1864 1510 extorqueamus,

227 1532 437 1583 integros
468 1544 524 1572 ac
555 1543 696 1572 sanos
726 1531 886 1572 mundi
915 1530 1156 1572 Seruatori
1187 1542 1242 1571 ac
1275 1531 1457 1571 custodi
1488 1530 1675 1571 Christo
1705 1529 1868 1570 redda-

228 1615 345 1644 mus.
369 1603 500 1644 Vale.

307 1675 561 1725 Bononiae,
586 1687 609 1714 6
632 1675 842 1725 Col-legio
865 1674 1114 1715 Societatis
1133 1673 1260 1726 Jesu,
1286 1673 1503 1714 Calendis
1523 1673 1636 1714 Maii
1662 1673 1762 1713 1555
1785 1672 1811 1710 ¹.

307 1818 663 1871 Superscrz‘ptio
679 1818 729 1857 in
755 1821 925 1857 octava
936 1816 1127 1868 pagina
1151 1816 1371 1868 (septima
1392 1816 1582 1856 omnino
1605 1816 1757 1856 nitida
1776 1816 1868 1866 est)

225 1891 387 1931 eadem
408 1901 572 1938 mmm,
594 1901 711 1941 qnae
728 1889 871 1929 verba
894 1887 1113 1929 Calendis
1135 1887 1246 1928 Maii
1282 1888 1383 1928 1555
1403 1887 1618 1939 scripsit:
1647 1886 1678 1939 †
1706 1887 1807 1927 R.d0
1823 1888 1870 1928 in

223 1962 306 2003 X.0
328 1962 421 2002 Pri.
446 1961 567 2002 MssrO
589 1961 772 2013 Ignatio
794 1960 850 2000 de
873 1959 1069 2012 Loyola,
1093 1959 1300 2011 P1·aep.t0
1318 1958 1723 2010 gnali.Societatis
1740 1958 1866 2011 Jesu,

225 2034 439 2075 Romam.

303 2105 415 2146 Alia
442 2117 607 2145 memus
638 2104 752 2144 1555.
777 2103 1004 2143 Bononia.
1029 2102 1408 2154 Quadrimestres
1430 2101 1494 2142 P.i
1526 2102 1650 2142 maii.

319 2177 581 2229 Vestigium
603 2175 775 2227 sigilli.

281 2340 288 2359 ¹
330 2340 424 2368 Haec
439 2347 504 2367 non
521 2338 644 2374 Scipiov
660 2337 718 2365 sed
734 2337 822 2364 alius
839 2335 989 2370 scripsit.
