2047 3179
237 138 309 176 674
760 137 987 175 LITTERAE
1004 147 1364 182 QUADRIMESTRES

891 587 1230 641 ODXXXII

306 822 502 869 Joannes
524 822 772 866 Gutierrez,

351 886 421 925 Ex
441 887 765 925 commissione
787 887 932 925 Patris
952 888 1134 935 joannis
1156 888 1296 936 Pauli,
1318 890 1421 927 olim
1442 890 1661 938 Alvarez,

398 953 518 990 Patri
538 953 709 1001 Ignatio
726 953 779 990 de
800 953 984 999 Loyola.

445 1018 661 1057 Sanlucar
681 1018 735 1055 de
755 1018 1039 1065 Barrameda,
1063 1021 1086 1056 2
1105 1018 1310 1058 Octobris
1333 1021 1425 1059 1555
1447 1021 1468 1059 ¹.

1034 1175 1056 1209 ἢ.

999 1211 1097 1253 IHS

306 1369 576 1412 Admodum
598 1371 698 1412 Rde
729 1372 775 1412 in
796 1372 918 1424 Xpo.
943 1372 1097 1414 Pater.
1123 1373 1224 1414 Pax
1246 1373 1419 1415 Christi
1440 1381 1527 1415 etc.

307 1441 433 1483 Inter
455 1454 509 1483 ea
532 1455 652 1495 quae
674 1455 723 1484 se
759 1444 873 1484 mihi
909 1444 1109 1485 offerunt
1148 1445 1197 1485 P.
1239 1444 1292 1486 T.
1335 1446 1382 1486 in
1417 1446 1507 1486 hac
1542 1447 1875 1499 quadrimestri

233 1514 431 1565 epistola
453 1515 717 1566 scribenda,
741 1515 970 1567 imprimis
1007 1516 1120 1556 illud
1155 1524 1238 1567 est,
1277 1518 1399 1569 quod
1435 1529 1539 1558 cum
1575 1517 1761 1560 Patrem
1777 1519 1871 1560 Ma-

232 1585 435 1637 gistrum
454 1586 651 1640 Joanem
674 1586 887 1638 Paulum,
911 1586 1161 1628 Rectorem
1178 1594 1408 1639 nostrum,
1427 1589 1697 1631 deduxisset
1714 1589 1871 1632 Domi·

233 1669 322 1698 nus
343 1669 491 1709 usque
510 1657 568 1698 ad
587 1664 748 1710 portas
775 1659 955 1710 mortis,
990 1660 1054 1699 ita
1091 1665 1139 1700 ut
1175 1660 1277 1700 oleo
1309 1667 1475 1701 sancto
1509 1668 1780 1713 vngeretur,
1806 1669 1872 1703 ta—

224 1741 345 1781 men,
365 1741 424 1770 ex
445 1729 604 1770 diuina
625 1730 850 1782 bonitate,
890 1731 1037 1782 ipsius
1071 1738 1116 1771 et
1150 1732 1296 1772 nostri
1333 1732 1570 1784 misertus,
1605 1745 1700 1774 non
1721 1735 1875 1774 solum

227 1801 367 1841 morti
388 1813 482 1841 non
502 1801 694 1842 tradidit
717 1802 862 1853 illum,
886 1814 1052 1844 verum
1074 1802 1216 1843 etiam
1238 1803 1464 1855 pristinas
1487 1804 1605 1845 alias
1632 1804 1874 1845 infirmita—

223 1878 346 1913 tates
367 1873 624 1924 resoluens,
650 1873 882 1925 aptiorem
903 1873 1033 1914 illum
1056 1873 1115 1914 ad
1137 1885 1306 1914 munus
1328 1885 1465 1914 suum
1482 1875 1748 1916 obeundum
1767 1875 1873 1916 red·

225 1943 353 1994 didit;
378 1944 473 1984 iam
509 1945 633 1984 enim
667 1951 764 1985 tam
798 1945 844 1985 in
874 1951 1037 1985 nostro
1074 1946 1247 1986 sacello
1283 1944 1450 1986 deuote
1486 1947 1870 1988 concurrentium

228 2027 371 2067 quam
391 2015 780 2067 languidorumin
798 2017 971 2068 populo
993 2016 1331 2068 confessiones,
1352 2017 1583 2057 instanter
1599 2018 1867 2070 requisitus,

222 2087 464 2127 fructifere
486 2087 648 2127 audire
671 2088 803 2127 solet.
828 2087 962 2128 Unde
984 2087 1101 2128 adeo
1123 2087 1281 2128 affecti
1302 2094 1410 2128 sunt
1426 2087 1650 2129 Societati
1671 2095 1863 2129 nostrae

229 2158 372 2210 aliqui
393 2158 566 2199 infirmi
588 2166 637 2198 ut
660 2160 817 2210 palam
840 2165 1106 2199 assererent
1128 2171 1176 2199 se
1199 2159 1258 2200 ad
1280 2159 1625 2211 impositionem
1646 2171 1873 2201 manuum

224 2229 364 2270 huius
384 2229 555 2281 Patris,
579 2231 722 2270 etiam
750 2230 901 2270 sancti
935 2231 1171 2282 euangelii
1205 2231 1500 2281 recitatione,
1539 2243 1566 2271 a
1601 2231 1786 2283 magnis
1807 2231 1868 2272 fe·

220 2301 382 2342 bribus
403 2301 641 2349 liberatos;
661 2308 704 2341 et
726 2313 832 2342 cum
854 2302 1092 2342 videretur
1129 2313 1276 2353 usque
1312 2301 1372 2342 ad
1407 2302 1607 2342 hiemem
1644 2314 1737 2342 non
1759 2314 1865 2343 esse

223 2372 625 2423 concionaturum,
651 2384 746 2412 non
778 2379 935 2413 tamen
965 2372 1095 2413 licuit
1124 2373 1166 2413 ei
1187 2385 1269 2424 per
1297 2373 1570 2413 instantiam
1598 2378 1643 2414 et
1664 2375 1864 2425 postula-

220 2444 373 2484 tiones
390 2455 566 2494 eorum,
592 2443 670 2496 qui
690 2444 888 2484 verbum
909 2444 1083 2484 Christi
1106 2456 1163 2484 ex
1186 2444 1285 2484 eius
1315 2456 1395 2484 ore
1431 2444 1592 2484 audire
1628 2443 1869 2485 desidera·

220 2516 347 2566 bant,
371 2515 482 2567 quin
504 2515 718 2567 petitioni
747 2516 1014 2566 multorum,
1045 2522 1089 2555 et
1111 2515 1316 2556 maxime
1351 2515 1631 2555 clericorum
1649 2522 1694 2556 et
1723 2516 1861 2556 huius

222 2587 382 2638 populi
403 2586 600 2638 Vicani,
626 2587 957 2638 obtemperans
979 2587 1025 2627 in
1043 2598 1202 2627 mense
1220 2585 1483 2638 Septembri
1504 2587 1685 2639 aliquas
1708 2587 1767 2627 ad
1785 2599 1866 2639 po-

223 2658 383 2708 pulum
404 2657 658 2698 conciones
679 2658 886 2709 haberet,
911 2658 958 2697 in
978 2658 1144 2709 quibus
1165 2656 1284 2698 adeo
1304 2658 1541 2698 feruenter
1563 2669 1621 2699 ex
1651 2656 1860 2709 Scriptu-

224 2728 290 2768 ris
310 2729 460 2768 sacris
483 2729 599 2768 vitia
621 2728 858 2769 hominum
882 2729 1047 2780 carpit,
1078 2734 1129 2768 vt
1149 2740 1244 2769 non
1276 2729 1427 2769 solum
1456 2728 1502 2768 in
1532 2734 1758 2780 suggesto
1782 2728 1867 2769 sed

223 2799 365 2838 etiam
386 2799 558 2851 vbique
580 2799 679 2840 eius
700 2800 968 2851 praesentia
997 2800 1055 2840 sit
1090 2799 1340 2840 mundanis
1371 2805 1415 2840 et
1450 2798 1669 2839 diuitibus
1705 2799 1861 2840 confu—

278 2959 286 2978 ¹
329 2958 580 2992 Autographae
599 2958 723 2986 infolio
736 2959 845 2992 unico,
862 2966 892 2985 n.
907 2959 971 2986 423.
