2047 3179
890 132 970 168 Ax.
1004 132 1093 169 1534
1762 138 1810 173 75

169 228 370 279 singulis
392 228 648 280 quibusque
676 228 851 268 diebus.
890 227 1009 268 Nam
1039 235 1369 280 praeterquam
1399 230 1523 278 quod
1544 231 1676 270 nobis
1700 244 1805 272 cum

169 298 465 339 scholasticis
479 299 592 339 satis
605 304 673 339 est
687 309 887 349 magnus
901 299 947 338 in
964 298 1338 340 confessionibus
1356 300 1601 340 audiendis
1620 299 1802 353 [labor‚]

172 369 262 420 ipsi
305 381 505 421 quoque,
543 369 620 421 qui
654 369 859 410 ciuitatis
895 381 1166 410 communes
1207 371 1394 411 scholas
1435 378 1624 422 regunt,
1662 379 1801 424 atque

165 440 288 480 adeo
310 447 496 490 praeter
518 441 663 492 ipsos,
687 447 731 480 et
755 441 882 480 ciues
904 453 997 480 non
1019 442 1179 492 pauci,
1208 441 1584 494 frequentissime
1613 443 1671 483 ad
1699 456 1803 495 poe-

168 510 391 550 nitentiae
419 518 766 551 sacramentum
794 518 1096 562 concurrunt,
1130 520 1178 552 ut
1210 513 1304 552 iam
1339 514 1497 553 nescio
1527 514 1637 565 quid
1658 513 1804 554 diuini

166 581 430 632 splendoris
450 582 497 622 in
524 588 621 622 tota
643 582 732 622 hac
753 582 944 622 ciuitate
981 583 1172 634 eniteat;
1196 595 1346 635 neque
1374 595 1487 624 sane
1515 584 1682 624 desunt
1710 597 1803 625 ma-

168 658 332 692 tronae
360 653 516 702 plures
552 653 961 703 salmanticenseS,
993 665 1112 704 quae
1146 653 1235 694 hoc
1270 654 1421 705 ipsum
1457 654 1653 705 faciant,
1684 656 1803 696 inter

166 733 284 774 quas
310 723 508 773 insignis
538 723 766 775 quaedam
797 723 998 764 Domina
1023 724 1285 778 ‚Catharina
1317 724 1440 775 ¹est,
1474 737 1608 777 quae,
1642 725 1802 766 diuino

163 793 330 844 spiritu
352 796 615 845 compulsa,
638 795 838 835 uestium
859 796 1010 836 cultus
1038 802 1177 848 atque
1207 796 1323 836 adeo
1351 807 1529 848 genera
1560 809 1801 837 ornamen-

164 871 317 904 torum
335 865 491 905 omnia
509 878 565 906 ac
582 866 872 917 deliciarum,
893 866 938 906 in
954 867 1119 918 quibus
1138 867 1256 907 haec
1274 874 1437 908 nostra
1455 874 1584 908 aetas
1607 869 1803 908 nimium

164 935 335 976 misera
369 935 640 977 felicitatem
671 948 855 977 omnem
888 939 1046 978 locare
1080 938 1286 989 videtur,
1324 938 1370 978 in
1405 939 1531 979 vitae
1566 939 1800 990 quoddam

162 1018 312 1057 genus
334 1006 736 1059 honestissimum,
762 1009 1044 1059 orationem,
1069 1020 1125 1049 ac
1147 1009 1396 1050 lectionem
1417 1015 1632 1050 sanctam
1660 1011 1800 1051 liben‘

163 1078 341 1118 tissime
362 1080 682 1120 commutauit.
705 1080 856 1130 Haec,
882 1091 987 1120 cum
1009 1080 1171 1121 diebus
1192 1081 1458 1132 praeteritis
1479 1088 1728 1132 rogaretur
1750 1090 1799 1122 ut

159 1149 310 1189 solitis
327 1151 610 1201 spectaculis
630 1152 855 1191 interesse
885 1152 1044 1202 uellet,
1082 1152 1209 1192 vitae
1245 1163 1358 1192 suae
1380 1164 1436 1192 ac
1458 1153 1798 1193 sanctimoniae

162 1220 386 1261 indicium
404 1220 545 1262 dedit.
567 1221 703 1273 Sunt,
724 1223 892 1274 inquit,
916 1222 963 1263 in
985 1223 1139 1263 libello
1169 1235 1272 1263 meo
1306 1224 1450 1264 multa
1480 1224 1799 1275 pulcherrima

161 1291 274 1331 mihi
294 1294 564 1344 spectacula
592 1294 827 1346 multoque
853 1294 1065 1344 gratiora
1101 1306 1242 1346 quam
1270 1307 1389 1346 quae
1425 1295 1588 1336 amicis
1621 1297 1797 1336 saeculi

162 1363 299 1403 huius
320 1363 531 1404 exhiberi
547 1365 746 1405 soleant.
777 1364 891 1405 Erat
912 1371 1067 1405 autem
1087 1365 1204 1406 liber
1225 1366 1301 1406 ille
1328 1366 1384 1406 de
1414 1367 1546 1407 uario
1569 1368 1797 1407 orationis

162 1445 218 1474 ac
241 1434 558 1476 meditationis
578 1447 767 1487 genere.
994 1441 997 1444 ⁴

241 1505 431 1546 Festum
471 1506 821 1559 Assumptionis
861 1507 1034 1549 Beatae
1073 1508 1253 1549 Mariae
1284 1509 1500 1561 Virginis
1535 1510 1795 1562 frequentia

160 1588 346 1627 eorum,
378 1578 454 1629 qui
483 1578 538 1618 de
564 1578 772 1630 peccatis
799 1579 1156 1629 confiterentur,
1194 1587 1238 1621 et
1275 1581 1334 1621 ad
1368 1593 1555 1622 sacram
1585 1593 1796 1622 mensam

157 1648 460 1699 accederent,
487 1649 739 1690 admodum
759 1650 942 1691 celebre
970 1651 1104 1692 nobis
1124 1651 1225 1692 fuit.

236 1718 485 1771 Nunquam
506 1721 628 1772 apud
651 1733 736 1761 nos
760 1721 946 1772 desunt,
971 1723 1049 1774 qui
1070 1734 1173 1764 sese
1204 1723 1526 1775 spiritualibus
1555 1724 1792 1765 exercitiis

153 1796 278 1831 totos
295 1791 481 1832 dedant.
506 1791 623 1832 Tres
651 1792 820 1833 eruditi
854 1793 958 1844 viri,
996 1806 1099 1834 sese
1130 1795 1264 1835 nobis
1287 1795 1544 1846 adiungere
1566 1796 1795 1847 proximis

155 1861 228 1902 his
256 1862 418 1903 diebus
447 1863 711 1914 cupientes,
744 1875 929 1905 omnem
964 1864 1168 1917 lapidem
1200 1871 1250 1906 ut
1285 1866 1606 1918 reciperentur
1638 1878 1792 1907 moue-

152 1939 274 1984 runt,
295 1945 319 1973 e
337 1934 507 1985 quibus
524 1934 614 1974 duo
632 1934 725 1974 iam
742 1935 865 1986 quod
879 1937 1167 1987 exoptabant
1180 1936 1353 1977 Diuina
1371 1949 1459 1989 ope
1473 1937 1790 1978 obtinuerunt.

151 2002 267 2044 Sunt
283 2005 348 2044 ilii
365 2005 553 2057 quidem
575 2005 852 2057 theologicis
873 2007 1038 2048 litteris
1059 2007 1358 2049 mediocriter
1388 2009 1571 2059 eruditi,
1595 2009 1678 2050 sed
1698 2010 1789 2049 vir-

149 2080 247 2115 tute
265 2087 320 2115 ac
337 2076 472 2116 bonis
488 2077 696 2117 moribus
714 2077 996 2129 singulares,
1016 2079 1076 2120 ad
1093 2090 1229 2120 omne
1252 2091 1369 2132 opus
1393 2080 1566 2120 bonum
1587 2081 1791 2132 paratis-

151 2146 276 2197 simi;
295 2147 460 2188 tertius
476 2159 588 2188 uero
609 2147 709 2200 Juri
730 2149 855 2189 ciuili
876 2150 1103 2190 hactenus
1129 2162 1322 2202 operam
1344 2151 1490 2199 dedit,
1519 2152 1643 2203 quod
1674 2153 1791 2204 opti-

151 2228 255 2257 mae
283 2218 381 2269 spei
402 2218 474 2258 sit.
510 2218 716 2269 Quartus
739 2220 830 2260 cito
852 2221 948 2260 uoti
970 2233 1161 2273 compos
1183 2222 1420 2262 efficietur.
1455 2222 1551 2263 Nec
1573 2223 1604 2262 ii
1640 2224 1789 2263 solum

154 2294 283 2339 sunt,
303 2289 381 2340 qui
404 2289 670 2330 huiusmodi
690 2291 865 2331 sanctis
886 2303 940 2332 ac
962 2293 1050 2344 piis
1072 2293 1315 2334 desideriis
1337 2294 1528 2334 excitati
1549 2299 1789 2346 tamquam

148 2359 363 2400 crucifixi
388 2360 560 2401 mundo
582 2361 640 2401 ad
662 2373 747 2402 nos
769 2362 932 2403 eadem
954 2363 1009 2404 de
1031 2375 1176 2404 causa
1203 2371 1510 2415 concurrunt,
1536 2365 1590 2405 de
1623 2365 1789 2417 quibus

151 2430 199 2470 in
219 2430 381 2482 primis
401 2431 604 2472 fortasse
623 2432 790 2473 litteris
807 2434 941 2485 plura
963 2435 1207 2486 proximis.
1235 2435 1322 2475 His
1343 2437 1580 2476 mensibus
1604 2443 1789 2488 praeter

149 2512 245 2551 eos,
265 2501 321 2541 de
351 2502 516 2554 quibus
538 2514 698 2543 sumus
728 2504 891 2556 locuti,
921 2505 968 2545 13
1003 2507 1225 2546 exercitia
1250 2507 1513 2558 spiritualia
1545 2506 1668 2558 apud
1699 2519 1786 2546 nos

147 2572 375 2613 fecerunt:
393 2579 488 2614 tres
505 2585 564 2613 ex
583 2574 672 2614 illis
689 2574 1085 2617 carthusiensium
1108 2577 1335 2628 ordinem,
1358 2589 1478 2618 unus
1495 2578 1669 2618 Beatae
1691 2578 1785 2618 Ma-

148 2643 260 2694 riae,
281 2655 421 2695 quam
439 2645 495 2685 de
511 2645 728 2685 Mercede
745 2652 932 2696 vocant,
958 2648 1294 2689 monasterium
1312 2655 1419 2689 sunt
1435 2649 1652 2700 ingressi.
1677 2648 1784 2689 Duo

149 2725 283 2765 uero,
308 2715 431 2766 quod
452 2716 610 2756 multis
645 2717 863 2767 precibus
899 2718 945 2758 id
973 2719 1228 2770 petierunt,
1260 2720 1307 2760 in
1336 2726 1548 2760 nostram
1573 2726 1680 2760 sunt
1702 2721 1781 2760 ad-

201 2900 211 2920 ¹
253 2901 443 2929 Catharina
469 2903 508 2929 de
532 2902 667 2930 Sarr'a.
694 2903 743 2930 De
769 2904 910 2938 reliquis
933 2906 1212 2934 benefactoribus
1236 2908 1312 2934 vide
1340 2907 1379 2934 P.
1407 2907 1596 2941 VALDIVIA,
1622 2908 1784 2936 Historia

146 2948 221 2976 Soc.
236 2948 324 2982 Jesu
341 2950 377 2976 in
398 2950 585 2977 Provincia
603 2951 787 2984 Castellat’,
804 2953 875 2979 vol.
894 2960 915 2987 Ι,
931 2960 958 2980 c.
976 2960 1010 2979 11.
