2047 3179
202 160 272 197 210
715 160 942 198 LITTERAE
967 171 1326 204 QUADRIMESTRES

200 269 303 299 rum
337 271 459 299 nunc
494 259 592 299 fere
627 260 909 310 completum
943 259 1183 299 habemus.
1227 259 1363 298 Hanc
1398 258 1717 298 accessionem
1754 271 1850 298 nos.

198 341 391 381 sperare
427 330 605 370 faciunt
632 330 820 382 plurimi
847 330 1053 380 iuuenes,
1083 341 1202 382 quos
1222 337 1320 369 tum
1343 329 1508 368 crebra
1538 340 1644 369 cum
1665 330 1850 370 nostris>

197 402 430 453 colloquia
459 408 504 442 et
533 401 780 442 familiaris
803 401 1117 451 conuersatio,
1141 407 1239 441 tum
1260 400 1480 450 frequens
1501 399 1752 451 confessio,
1777 401 1837 441 ad

200 480 413 514 nostrum
436 474 699 514 institutum
721 485 814 513 non
836 484 1004 524 parum
1027 472 1304 512 accendunt.

278 545 631 585 Concionantur
661 544 947 596 germanice,
984 544 1050 584 uti
1086 544 1218 592 solet,
1256 543 1303 582 in
1339 542 1539 582 ecclesia
1578 542 1842 585 cathedrali

194 615 249 655 R.
281 615 330 656 P.
362 616 594 665 Canisius‚
624 616 670 656 in
696 622 859 655 nostra
887 627 1002 655 vero
1030 614 1256 655 Godanus
1290 615 1298 631 ¹
1333 613 1579 653 dominicis
1615 626 1670 654 ac
1706 615 1848 655 festis

193 687 371 728 diebus:
396 687 567 728 fratres
590 693 744 727 autem
766 687 916 726 nostri
937 686 996 726 ad
1012 686 1102 726 alia
1125 685 1313 736 templa,
1338 684 1707 736 praedicationis
1728 698 1837 738 quo-

195 770 284 809 que
314 759 484 810 gratia,
518 759 814 810 postulantur
834 757 1117 808 frequenter,
1141 767 1340 808 quorum
1368 756 1620 797 conciones
1642 757 1838 798 multum

191 836 356 879 gratas
377 841 480 870 esse
502 830 672 881 populo
695 840 916 869 numerus
938 828 1119 868 auctior
1141 833 1281 878 atque
1298 827 1537 876 attentior,
1576 839 1760 869 necnon
1778 829 1838 869 ad

190 900 329 941 finem
358 913 505 952 vsque
541 901 784 941 concionis
821 900 1086 940 auditorum
1123 898 1404 946 constantia,
1442 898 1579 938 facile
1615 906 1835 951 arguunt.

189 970 282 1012 Sed
304 978 348 1011 et
368 971 491 1012 Rfffus
510 971 557 1011 P.
581 971 761 1023 Lanoy,
795 971 953 1011 multis
975 970 1148 1020 alioqui
1183 969 1437 1009 distractus
1471 970 1597 1010 curis
1630 976 1674 1010 et
1696 982 1837 1022 nego-

189 1044 288 1091 ciis,
313 1044 502 1083 tandem
522 1043 714 1083 foelices
737 1042 950 1082 laborum
972 1052 1179 1090 suorum,
1215 1040 1272 1080 ob
1296 1040 1418 1080 hanc
1448 1040 1658 1092 linguam
1680 1053 1834 1082 susce·

186 1122 374 1166 ptorum
402 1115 430 1164 ²,
463 1115 651 1155 molitur
679 1114 817 1154 edere
853 1118 1029 1165 partus,
1062 1112 1194 1152 cuius
1228 1112 1496 1163 exemplum
1523 1114 1735 1153 nonnulli
1756 1114 1836 1154 alii

187 1197 370 1237 quoque
393 1185 566 1225 imitari
586 1184 786 1232 student,
811 1190 861 1223 vt
897 1194 956 1223 ex
982 1182 1218 1234 lapidibus
1252 1182 1355 1222 istis
1383 1183 1609 1234 plurimos
1640 1185 1835 1225 suscitet

185 1255 314 1296 Deus
336 1267 418 1308 per
440 1268 520 1296 eos
540 1255 762 1296 Abrahae
786 1254 918 1295 filios:
944 1253 1066 1306 quod
1097 1253 1304 1293 futurum
1334 1254 1487 1305 magis
1516 1266 1761 1306 speramus
1792 1258 1833 1297 si

184 1328 358 1367 nostris
380 1328 481 1368 istis
503 1327 662 1379 paru1s
684 1326 930 1367 conatibus
951 1331 1144 1365 sanctae
1175 1332 1365 1365 uestrae
1398 1326 1627 1366 accedant
1649 1339 1828 1378 preces.

264 1399 467 1439 Fructus
490 1407 660 1448 autem,
686 1398 763 1450 qui
785 1410 842 1438 ex
865 1397 936 1437 his
954 1397 1259 1437 concionibus
1280 1397 1512 1448 prouenit,
1536 1409 1629 1438 non
1647 1405 1717 1438 est
1738 1399 1834 1439 exi-

184 1481 322 1521 guus,
348 1477 446 1510 tum
468 1471 508 1510 si
544 1469 886 1521 frequentiores
914 1468 1251 1513 confessiones,
1282 1475 1381 1507 tum
1403 1468 1606 1509 maxime
1627 1469 1667 1509 si
1688 1471 1839 1510 maio-⁷

185 1553 284 1581 rem
307 1541 365 1581 ad
388 1542 564 1581 cultum
586 1541 795 1581 diuinum
817 1540 974 1591 populi
1004 1551 1172 1579 cernas
1208 1539 1519 1580 deuotionem.
1542 1540 1662 1580 Nam
1685 1543 1830 1592 quoti-

191 1613 331 1652 diana
364 1625 517 1663 sacra,
542 1625 659 1664 quae
682 1612 738 1652 ab
762 1612 878 1651 hora
905 1611 969 1651 6ss
998 1611 1209 1662 hyberno
1241 1611 1427 1662 quidem
1450 1618 1659 1663 tempore
1681 1624 1830 1665 usque

185 1684 242 1724 ad
264 1684 289 1724 9
311 1686 387 1724 vel
427 1683 475 1724 10
498 1685 543 1724 in
570 1685 742 1735 templo
776 1689 937 1723 nostro
965 1682 1096 1732 fiunt,
1126 1682 1347 1734 permulti
1379 1683 1623 1733 accedunt,
1647 1690 1744 1724 tam
1765 1684 1829 1724 hi-

180 1756 315 1805 spani
337 1767 478 1807 quam
498 1755 728 1807 germani,
753 1767 868 1806 quos
894 1754 1148 1805 singularis
1171 1753 1402 1805 quaedam
1424 1754 1485 1794 ad
1505 1761 1668 1794 nostra
1690 1767 1826 1796 sacra

180 1827 324 1868 trahit
346 1828 550 1868 deuotio.
575 1827 753 1867 Diebus
776 1833 930 1866 autem
949 1826 1081 1867 festis
1104 1828 1244 1876 longe
1265 1826 1414 1866 maior
1437 1835 1506 1866 est
1528 1838 1667 1878 quam
1688 1833 1836 1868 antea>

178 1899 336 1950 populi
370 1899 649 1951 frequentia,
681 1910 812 1950 quos,
849 1905 1039 1950 praeter
1075 1905 1345 1938 nostrorum
1380 1909 1533 1947 sacra,
1572 1899 1828 1950 singularis

179 1981 364 2022 quoque
382 1970 553 2022 optime
571 1981 693 2010 nunc
713 1970 920 2021 reparati
937 1969 1096 2021 templi
1115 1969 1266 2009 cultus
1282 1969 1464 2020 inuitat,
1488 1976 1539 2009 vt
1557 1970 1700 2010 etiam
1716 1970 1825 2011 huic

178 2042 392 2082 extranei
427 2042 696 2082 sacerdotes
732 2042 847 2081 moti
882 2041 1102 2081 libentius
1138 2041 1184 2081 in
1221 2047 1385 2080 nostro
1422 2041 1594 2092 templo
1620 2053 1704 2081 sua
1726 2053 1827 2093 per-

177 2115 362 2153 soluant
383 2125 537 2153 sacra.
562 2112 665 2153 Non
687 2114 825 2164 pauci
847 2113 989 2153 etiam
1012 2112 1071 2152 ad
1087 2112 1234 2163 ipsius
1252 2113 1428 2152 cultum
1445 2118 1585 2164 atque
1604 2120 1825 2154 ornatum

179 2185 566 2236 promouendum,
586 2185 805 2236 religioso
823 2184 1026 2236 quodam
1043 2183 1212 2224 affectu
1229 2184 1370 2232 ducti,
1390 2184 1614 2235 pleraque
1634 2196 1721 2225 nec
1739 2197 1817 2236 pa-

173 2257 246 2296 rui
267 2256 453 2308 quidem
470 2257 616 2308 precii
632 2262 925 2306 ornamenta,
941 2262 1038 2296 tum
1056 2256 1290 2305 altarium,
1310 2262 1407 2296 tum
1425 2255 1626 2296 aliarum
1642 2268 1818 2305 rerum,

174 2328 558 2379 suppeditauere‚
597 2328 717 2368 inter
753 2340 870 2379 quos
904 2328 1134 2379 proximis
1155 2327 1317 2367 diebus
1340 2333 1556 2368 matrona
1588 2328 1824 2379 quaedam

173 2398 438 2450 bohemica,
475 2399 670 2439 multum
711 2398 938 2439 Societati
974 2399 1158 2448 deuota,
1196 2398 1391 2439 calicem
1426 2399 1693 2450 preciosum
1728 2411 1823 2439 vna

171 2481 277 2509 cum
311 2470 409 2510 suis
443 2470 780 2522 appendicibus
806 2470 942 2510 nobis
971 2470 1178 2510 donauit.
1211 2469 1351 2510 Plura
1380 2470 1472 2510 alia
1500 2470 1547 2510 in
1580 2470 1680 2510 dies
1714 2470 1822 2510 offe·

169 2546 350 2591 runtur,
376 2553 494 2592 quae
516 2553 622 2581 cum
643 2541 960 2592 repudiamus,
991 2553 1048 2581 nc
1076 2541 1312 2593 superflua
1342 2541 1515 2581 habere
1549 2540 1810 2590 videamur,

168 2623 390 2663 magnam
426 2612 789 2653 admirationem
824 2613 867 2652 id
899 2614 945 2653 in
978 2613 1093 2664 ipsis
1134 2613 1309 2653 excitat
1348 2618 1392 2652 et
1428 2611 1817 2653 aedificationem.

228 2704 235 2721 ¹
276 2701 316 2728 P.
335 2701 704 2728 N1c0111tm(10t1danus.

222 2749 236 2767 “-’
275 2748 368 2782 “Ipse
384 2749 488 2776 etium
505 2750 538 2776 P.
556 2749 729 2785 Lanoyus,
746 2751 826 2777 licet
842 2751 958 2777 multis
973 2751 1063 2777 curis
1079 2754 1112 2777 et
1133 2750 1286 2782 negociis
1302 2749 1490 2781 districtus,
1515 2748 1743 2776 Germanicae
1760 2750 1820 2776 lin·

167 2802 255 2830 guae
272 2796 508 2823 difficultatem
522 2805 686 2831 superare
703 2798 802 2831 (quod
819 2798 881 2832 ipsi
899 2799 996 2828 longe
1013 2798 1221 2825 laboriosius
1236 2802 1322 2830 crat,
1340 2797 1434 2832 cujus
1450 2797 1576 2824 idioma
1591 2797 1817 2825 vernaculum

165 2843 329 2875 gallicum
345 2843 418 2877 fuit,
435 2851 536 2878 quam
553 2845 629 2871 aliis
645 2845 764 2879 quibus
780 2845 983 2872 flandricum
998 2847 1088 2876 erat>
1109 2846 1221 2872 studio
1238 2850 1271 2872 et
1293 2845 1540 2872 exercitatione
1555 2845 1743 2876 nitebatur.
1757 2852 1816 2873 vcu-

164 2891 220 2925 jus
235 2892 428 2925 exemplum
444 2897 478 2918 et
493 2892 550 2919 alii
567 2893 810 2926 sequebantur,
826 2897 861 2920 ut
879 2894 1003 2920 saltem
1020 2894 1051 2920 in
1067 2893 1246 2927 colloquiis
1262 2898 1295 2920 et
1308 2892 1590 2926 confessionibus,
1608 2893 1656 2920 eis
1672 2894 1726 2927 qui
1743 2897 1817 2920 tan-

165 2941 238 2965 tum
252 2939 487 2972 germanicam
503 2940 652 2974 linguam
668 2942 842 2973 tenebant.
858 2941 1019 2975 prodesse
1037 2946 1181 2975 possen„
1208 2941 1395 2975 POLANCUs,
1422 2942 1455 2969 in
1472 2940 1652 2975 Chronico,
1673 2944 1699 2969 t.
1715 2949 1746 2975 v,
1760 2942 1821 2969 ubi

167 2985 240 3018 agit
253 2985 292 3012 de
305 2984 459 3021 Collegio
474 2986 677 3015 Viennensi.
