2047 3179
899 107 983 144 AN.
1016 107 1105 144 1554
1738 109 1818 153 ,127

170 205 223 245 in
240 205 363 245 hanc
382 204 621 245 ciuitatem
643 203 917 254 adduxerat,
942 209 992 244 ut
1013 215 1117 244 eam
1143 204 1189 244 in
1211 204 1409 244 honesto
1432 204 1535 244 loco
1558 205 1812 245 collocaret

172 282 221 315 ct
241 276 339 327 ipse
361 288 385 315 e
401 275 591 316 ciuitate
607 274 884 324 discederet,
908 274 994 314 fuit
1014 285 1282 326 persuasus.
1306 274 1404 314 Nec
1423 274 1696 315 sacerdotes
1714 282 1816 315 tan-

178 353 276 386 tum
312 352 419 386 sunt
451 345 642 386 Vtilitati
675 345 998 397 proximorum
1034 345 1215 396 intenti,
1254 356 1364 386 nam
1402 344 1574 385 fratres
1615 357 1817 397 quoque,

175 428 320 469 quam
353 418 454 457 sine
475 416 735 457 studiorum
764 416 1057 456 incommodo
1096 422 1308 468 possunt,
1333 416 1379 456 in
1410 427 1464 456 eo
1493 416 1595 468 ipso
1626 416 1818 467 diligen-

178 488 293 528 tiam
320 487 554 528 adhibent.
585 487 689 528 Duo
722 498 806 539 per
835 486 934 527 dies
966 487 1144 538 aliquot
1172 485 1521 528 xenodochium
1554 487 1818 538 frequenta-

176 564 300 609 runt,
326 564 375 598 ut
394 559 679 610 pauperibus
701 558 754 609 (si
786 558 995 610 ipsorum
1018 558 1284 609 indigerent
1312 558 1471 610 opera)
1500 558 1818 609 subuenirent‚

173 630 261 681 ‘qui
294 629 543 685 diligenter
577 628 827 670 admodum
861 640 1094 681 pauperes
1129 628 1296 680 quouis
1330 629 1494 669 morbo
1531 629 1819 680 laborantes,

180 700 501 740 molestiarum
517 712 674 750 onere,
698 705 924 752 quantum
940 705 1176 751 poterant,
1201 700 1525 751 subleuabant,
1544 706 1588 740 et
1611 700 1820 751 ipsorum

173 770 416 811 doloribus
439 770 580 822 (quod
602 777 671 812 est
692 781 915 822 magnum
938 770 1144 821 aegrotis
1166 770 1401 821 solatium)
1421 782 1594 822 magna
1617 771 1820 811 charita·

179 849 225 882 te
246 842 666 893 compatiebantur.
692 841 808 882 Cum
828 853 942 881 uero
965 841 1064 881 dies
1093 841 1275 893 aliquos
1305 841 1430 882 domi
1452 841 1629 882 detenti
1651 842 1820 882 defuis-

176 918 297 963 sent,
322 918 367 953 et
397 925 628 965 pauperes
656 925 750 953 non
780 912 1051 963 inuiserent,
1075 912 1326 964 plurimum
1348 913 1404 953 de
1427 913 1635 965 ipsorum
1659 914 1821 953 absen-

178 984 246 1024 -tia
268 985 692 1035 conquerebantur,
717 990 854 1035 atque
876 984 930 1034 15,
952 983 1026 1024 cui
1043 984 1297 1035 praecipua
1316 984 1599 1024 xenodochii
1616 996 1730 1024 cura
1748 984 1822 1025 de-

183 1055 404 1095 mandata
436 1062 520 1106 est,
553 1067 714 1107 quare,
744 1061 792 1095 ut
817 1055 1044 1095 haberent
1072 1054 1128 1095 de
1156 1066 1300 1106 more,
1329 1066 1565 1107 pauperes
1585 1067 1681 1095 non
1705 1056 1821 1096 uise-

182 1132 287 1166 rent
322 1126 601 1177 inquirebat,
631 1126 807 1166 ueritus
834 1125 985 1165 bonus
1013 1125 1085 1165 uir
1115 1125 1180 1176 (ut
1208 1126 1378 1176 aiebat)
1400 1138 1459 1166 ne
1487 1126 1585 1177 ipse
1607 1127 1654 1167 in
1677 1138 1822 1167 causa

182 1196 363 1247 fuisset,
382 1207 489 1236 cum
509 1208 589 1236 eos
607 1197 758 1237 minus
780 1196 928 1236 amice
950 1196 1221 1248 recepisset,
1242 1208 1325 1236 cur
1341 1197 1483 1237 tantis
1500 1197 1635 1237 bonis
1652 1209 1823 1249 paupe-

185 1279 261 1308 res
283 1266 688 1308 defraudarentur:
713 1267 887 1308 idcirco
909 1267 1080 1307 fratres
1107 1273 1177 1307 est
1198 1267 1450 1318 plurimum
1471 1267 1752 1319 deprecatus
1773 1276 1823 1308 ut

187 1338 414 1391 quidquid
440 1339 486 1378 in
515 1338 809 1379 xenodochio
831 1339 1019 1389 vellent,
1051 1338 1210 1389 libere,
1233 1339 1359 1378 uelut
1380 1339 1426 1378 in
1448 1339 1638 1390 propria
1667 1338 1821 1388 domo,

187 1415 398 1461 agerent,
422 1410 546 1450 nulla
569 1421 649 1450 eos
670 1409 880 1460 indigere
895 1408 1135 1457 facultate,
1160 1410 1315 1449 omnia
1334 1421 1417 1460 per
1435 1421 1539 1450 eum
1558 1410 1643 1450 sibi
1665 1410 1821 1450 licere.

184 1481 347 1533 Itaque
368 1492 475 1521 curn
502 1486 606 1532 post
628 1492 804 1532 paucos
831 1480 933 1520 illos
962 1480 1060 1520 dies
1087 1487 1452 1532 reuerterentur,
1484 1481 1653 1521 mirum
1683 1493 1825 1532 quam

190 1553 330 1593 fuerit
350 1552 635 1604 pauperibus
656 1551 883 1592 iocundus
905 1563 1067 1592 eorum
1089 1552 1334 1592 aduentus.

265 1624 359 1664 Alii
381 1623 472 1664 duo
490 1622 663 1663 fratres
683 1623 754 1663 his
771 1623 932 1663 diebus
953 1635 1047 1663 non
1068 1635 1235 1675 parum
1255 1624 1558 1664 elaborarunt
1580 1630 1824 1675 conantes,

188 1706 273 1746 pro
310 1695 488 1735 uiribus
522 1706 720 1746 prauam
754 1694 1005 1746 quamdam
1033 1694 1419 1735 consuetudinem
1449 1695 1586 1736 huius
1622 1696 1828 1735 ciuitatis

185 1766 438 1818 extirpare.
476 1765 636 1806 Solent
667 1766 830 1806 diebus
870 1765 1000 1806 festis
1041 1766 1315 1806 saltationes
1350 1766 1565 1818 publicae
1600 1766 1726 1816 fieri,
1769 1766 1828 1806 ad

192 1848 310 1889 quas
330 1837 538 1889 plerique
572 1837 813 1889 utriusque
842 1849 998 1888 sexus,
1027 1837 1101 1876 uel
1133 1837 1453 1888 conspiciendi
1483 1838 1654 1888 gratia,
1683 1838 1757 1878 uel
1777 1848 1828 1877 se

189 1908 280 1948 illis
301 1908 443 1948 etiam
465 1907 769 1956 admiscendi,
793 1907 1039 1958 accedunt,
1062 1908 1127 1948 ita
1148 1913 1213 1958 ut,
1237 1919 1343 1948 cum
1365 1909 1587 1960 copiosus
1617 1909 1747 1959 satis,
1772 1920 1827 1948 ac

180 1980 290 2031 plus
309 1980 425 2019 satis
459 1980 518 2019 sit
546 1979 817 2020 saltantium
847 1991 1084 2030 numerus,
1116 1991 1288 2030 magna
1320 1979 1726 2020 circumstantium
1747 1980 1827 2019 ho-

187 2050 362 2090 minum
383 2062 558 2090 corona
580 2050 671 2090 sint
693 2050 884 2090 obsessi.
908 2050 1100 2090 Fratres
1123 2050 1255 2102 (quos
1276 2061 1424 2102 nuper
1442 2050 1554 2100 dixi)
1572 2051 1748 2102 pluries
1767 2051 1828 2092 ad

188 2133 283 2171 cos,
309 2128 356 2161 ut
378 2121 444 2161 eis
467 2121 873 2171 concionarentur,
894 2121 1065 2171 adiere,
1092 2133 1289 2173 quorum
1312 2127 1470 2161 tantus
1499 2121 1584 2162 fuit
1606 2122 1653 2162 in
1675 2122 1829 2162 dicen-

187 2192 247 2233 do
268 2192 426 2233 feruor
447 2199 491 2233 et
513 2192 735 2243 efficacia,
758 2199 807 2233 ut
828 2193 922 2233 iam
947 2193 1162 2244 publicae
1190 2193 1464 2233 saltationes
1485 2193 1675 2234 minime
1696 2194 1827 2245 fiant,

188 2275 337 2315 neque
359 2264 608 2316 quisquam
643 2275 723 2303 eas
754 2275 917 2304 rursus
939 2263 1237 2304 introducere
1261 2264 1445 2304 audeat.
1475 2264 1641 2304 Mulier
1670 2265 1827 2316 etiam,

188 2335 370 2386 publice
391 2335 648 2386 peccatrix,
672 2342 742 2375 est
761 2335 820 2375 ad
842 2334 1096 2375 Dominum
1119 2346 1369 2385 conuersa,
1394 2342 1438 2375 et
1460 2336 1598 2376 homo
1620 2336 1827 2388 quidam,

187 2406 264 2457 qui
283 2417 367 2457 per
388 2412 514 2446 totos
537 2406 698 2446 decem
731 2417 878 2446 annos
901 2405 1145 2446 confessus
1166 2412 1363 2458 peccata
1386 2419 1478 2447 non
1501 2407 1668 2457 fuerat,
1694 2408 1830 2448 timo-

188 2489 238 2516 re
258 2477 514 2528 perculsus,
542 2475 884 2517 confessarium
914 2477 1038 2517 illico
1070 2477 1343 2529 postulauit:
1381 2489 1545 2518 uerum
1573 2490 1714 2530 quum
1737 2491 1831 2519 non

188 2547 305 2588 satis
325 2553 421 2588 tam
437 2548 578 2598 longo
601 2553 810 2599 tempore
830 2547 956 2588 facta
977 2553 1135 2599 posset
1160 2548 1224 2588 ita
1251 2548 1452 2588 faciliter
1483 2549 1529 2589 in
1551 2550 1829 2590 memoriam

181 2630 430 2669 reuocare,
469 2619 585 2658 alius
621 2619 663 2658 ei
693 2618 977 2659 confessioni
998 2619 1149 2659 dictus
1182 2625 1251 2659 est
1283 2618 1396 2659 dies.
1420 2619 1525 2660 Duo
1548 2620 1627 2660 alii
1657 2626 1829 2661 octauo

188 2701 372 2741 quoque
408 2690 480 2730 die
509 2701 678 2741 pueros
714 2689 979 2730 doctrinam
1013 2690 1319 2731 christianam
1351 2691 1563 2741 edocent,
1599 2691 1657 2732 ad
1689 2704 1830 2744 quam

188 2760 396 2812 plerique
417 2761 549 2812 pueri
570 2761 776 2811 ueniunt,
806 2762 950 2801 multo
979 2767 1136 2801 tamen
1165 2762 1322 2813 plures
1353 2762 1583 2813 venirent,
1613 2762 1826 2815 proinde-

189 2843 278 2882 que
299 2832 478 2872 fructus
499 2838 622 2872 esset
644 2832 846 2882 uberior,
877 2832 916 2872 si
944 2833 1142 2873 ecclesia
1173 2840 1335 2873 nostra
1366 2833 1555 2874 tandem
1579 2834 1829 2885 perficere-

187 2907 281 2942 tur.
305 2901 574 2954 Speramus,
599 2903 698 2943 RQ
731 2903 885 2954 Pater,
919 2904 1089 2944 isthinc
1121 2904 1229 2944 huic
1252 2905 1550 2945 incommodo
1572 2906 1830 2946 remedium
