2047 3179
893 97 978 135 Ax.
1008 97 1100 135 1555
1738 98 1808 135 727

179 206 323 246 neque
353 207 451 235 rem
484 206 692 246 sacram,
727 206 807 235 nec
835 195 1082 235 cuiusdam
1112 194 1385 246 spiritualis
1419 195 1533 234 libri
1561 194 1804 234 lectionem

176 277 295 315 qliae
316 266 445 317 apud
464 266 575 306 illos
598 266 802 317 quotidie
830 266 1027 316 legitur.
1066 266 1129 305 At
1162 276 1273 305 vero
1308 265 1585 305 scholastici
1609 269 1805 316 praeter

175 336 377 376 alteram
394 338 628 377 orationis
643 324 891 386 Ιῑονανιιιῖι,
907 348 961 376 ac
972 340 1167 388 praeter
1183 336 1444 386 lectionem,
1460 337 1538 375 ceti
1552 336 1648 376 nisi
1665 342 1802 387 expe-

175 408 266 447 diti
292 407 566 448 lectsom‘hzcs
588 409 875 460 caeterisque
890 408 1042 448 studii
1066 408 1412 459 impedimentis
1434 418 1527 446 lion
1549 408 1804 455 assistunt,

174 478 295 517 idem
317 490 420 518 cnm
447 479 547 519 illis
581 484 752 530 agunt.
790 479 1123 521 Sanctissimae
1155 478 1470 519 communioni
1509 490 1651 529 vsque
1687 479 1804 518 adeo

174 549 245 589 his
273 550 433 589 diebus
455 550 607 590 affecti
630 551 827 599 suerunt,
852 558 901 590 vt
924 557 1027 601 post
1048 561 1188 600 saepe
1205 549 1512 600 efflagitatum
1530 550 1801 600 impetraue-

173 620 264 659 rint
278 621 465 660 tandem
488 622 673 671 plurimi
693 621 815 673 quod
838 621 1078 671 optabant:
1102 621 1259 672 itaque
1272 620 1430 660 datum
1453 627 1521 659 est
1539 620 1628 659 illis
1648 628 1694 659 vt
1713 632 1800 659 me-

171 690 249 731 dia
286 691 576 731 hebdomada
599 704 760 732 rursus
781 692 840 732 ad
861 691 1032 732 Christi
1055 703 1264 731 mensam
1286 691 1511 731 accedere
1533 697 1719 742 queant.

248 761 513 802 Literarum
534 765 757 804 exercitia
780 764 963 803 intensa
985 763 1242 814 procedunt
1278 774 1406 811 cura,
1445 770 1643 813 suntque
1674 761 1796 801 domi

171 833 385 872 omnibus
408 833 624 883 profestis
643 835 803 874 diebus
831 841 874 874 et
910 834 1174 884 theologiae
1207 842 1251 873 et
1287 834 1456 873 artium
1484 833 1797 883 repetitiones,

172 904 618 955 quamplurimisque
640 905 801 944 diebus
824 905 1035 955 priuatae
1070 904 1410 944 conclusiones.
1449 903 1577 954 Quae
1613 903 1798 954 quidem

171 973 354 1024 publice
377 974 622 1014 dominicis
650 975 878 1015 habentur
905 975 1128 1024 vicissim,
1165 975 1303 1014 modo
1337 974 1488 1024 huius,
1512 974 1649 1013 modo
1680 974 1801 1013 illius

171 1043 429 1094 facultatis,
455 1044 513 1084 ad
534 1057 649 1096 quas
685 1046 773 1085 Viri
808 1046 1014 1096 insignes
1046 1052 1184 1097 atque
1217 1045 1502 1085 Academiae
1538 1044 1800 1095 dignissimi

169 1115 405 1155 confluere
427 1117 590 1165 solent,
609 1117 823 1167 magistri
843 1117 1020 1156 scilicet
1041 1116 1340 1164 cathedrarii,
1365 1116 1687 1166 maiorumque
1710 1116 1798 1155 col-

169 1186 400 1237 legiorum
421 1187 644 1237 collegae,
674 1195 719 1227 et
754 1188 961 1227 nonnulli
992 1188 1132 1227 etiam
1153 1187 1465 1227 Dominicani:
1498 1187 1664 1238 quibus
1686 1186 1800 1226 satis

172 1268 344 1297 censeo
381 1257 537 1297 facere
572 1264 669 1297 tum
704 1258 992 1298 habilitatem
1018 1258 1216 1298 fratrum
1238 1258 1285 1297 in
1320 1258 1559 1309 literisque
1586 1268 1799 1308 progres-

170 1339 286 1377 sum,
313 1334 409 1368 tum
426 1328 566 1368 etiam
593 1329 796 1379 modum,
821 1329 898 1380 qui
920 1329 1038 1369 inter
1060 1329 1391 1380 disputandum
1412 1334 1642 1368 seruatur.

248 1398 498 1450 Cupientes
521 1399 744 1439 Societati
765 1400 913 1440 dicari
934 1400 1120 1451 plurimi
1141 1400 1326 1451 quidem
1347 1406 1468 1447 sunt,
1504 1398 1585 1439 sed
1607 1399 1799 1439 admissi

168 1470 307 1521 pauci
327 1476 498 1520 tamen,
523 1482 628 1510 cum
649 1471 958 1510 commoditas
988 1478 1110 1511 esset
1130 1471 1271 1520 nulla;
1305 1470 1503 1522 ideoque
1538 1482 1688 1522 neque
1710 1471 1798 1510 hac

104 1551 108 1556 ’
171 1547 446 1592 tempestate
469 1542 786 1581 admittentur.
811 1541 931 1592 Duo,
956 1542 1033 1594 qui
1055 1542 1129 1582 hic
1152 1542 1343 1582 admissi
1369 1541 1567 1589 fuerant,
1592 1541 1700 1581 laici
1720 1541 1799 1581 hu-

168 1623 332 1652 manas
348 1613 508 1652 literas
531 1611 829 1663 Methymnae
850 1612 1139 1664 profitentur.
1162 1613 1332 1664 Atque,
1366 1613 1444 1653 alii
1478 1619 1588 1662 tres,
1625 1612 1703 1663 qui
1725 1612 1800 1651 hic

169 1683 495 1732 versabantur,
520 1681 832 1734 Septimancis
853 1682 1077 1723 Societati
1094 1696 1142 1723 se
1161 1684 1455 1724 addixerunt:
1480 1683 1687 1733 theologi
1705 1683 1797 1734 qui-

165 1753 271 1794 dem
292 1765 468 1804 omnes;
491 1765 688 1805 quorum
709 1765 830 1794 vnus
850 1755 1017 1794 nobilis
1038 1761 1151 1803 erat,
1176 1755 1253 1806 qui
1284 1762 1327 1794 et
1348 1755 1423 1794 hic
1460 1755 1602 1794 multo
1625 1754 1796 1794 abhinc

165 1830 374 1875 tempore
406 1825 643 1864 exercitiis
677 1831 954 1875 vacauerat,
990 1825 1409 1876 frequentabatque
1431 1830 1730 1865 sacramenta
1751 1831 1797 1864 et

165 1895 257 1934 alia
278 1895 425 1946 proba
448 1895 686 1943 exercitia,
711 1907 891 1934 necnon
921 1902 964 1935 et
999 1896 1292 1935 xenodochia
1320 1896 1549 1935 inuisebat
1584 1896 1796 1947 pauperi—

165 1966 251 2006 bus
273 1973 322 2006 vt
345 1966 605 2006 inseruiret.
630 1965 705 2005 Ad
727 1977 845 2017 quae
875 1977 1050 2015 omnes,
1084 1966 1207 2017 apud
1235 1978 1319 2006 nos
1347 1974 1605 2015 versantes,
1640 1966 1798 2006 induci

165 2037 331 2086 solent,
366 2049 483 2088 quae
518 2048 611 2076 non
642 2037 876 2076 modicam
905 2037 1092 2088 pariunt
1141 2037 1526 2077 aedificationem:
1564 2044 1694 2077 tanta
1729 2044 1798 2077 est

165 2108 254 2147 illis
277 2108 484 2147 charitas
507 2119 612 2147 cum
634 2107 775 2146 animi
798 2107 1040 2147 modestia.

245 2178 348 2219 Non
370 2179 506 2230 pauci
527 2185 771 2230 praeterea
805 2179 1042 2218 exercitiis
1075 2179 1394 2230 spiritualibus
1424 2179 1630 2218 animum
1664 2190 1797 2218 suum

167 2251 476 2301 applicarunt,
501 2262 560 2289 ex
587 2250 753 2300 quibus
787 2261 880 2289 non
915 2250 1136 2300 exiguum
1171 2256 1479 2301 perceperunt
1507 2248 1723 2289 fructum.
1748 2249 1798 2289 In

164 2321 331 2371 quibus
352 2321 645 2371 potissimum
667 2320 887 2360 sacerdos
909 2320 1114 2372 quidam,
1139 2327 1290 2360 aetate
1308 2321 1401 2360 iam
1428 2328 1694 2371 prouectus,
1719 2321 1798 2372 qui

164 2403 257 2431 vno
280 2392 373 2431 iam
393 2403 537 2442 prope
560 2402 717 2431 mense
735 2391 824 2431 illis
844 2398 998 2431 vacat.
1022 2391 1111 2431 Hic
1134 2398 1236 2443 post
1258 2392 1511 2431 maximam
1533 2392 1676 2431 animi
1699 2403 1796 2431 cor-

162 2463 441 2514 ruptionem,
465 2469 714 2514 postquam
740 2463 810 2503 bis
832 2464 906 2502 vel
927 2469 997 2503 ter
1017 2463 1293 2514 religionem
1320 2463 1622 2511 destituisset,
1655 2475 1796 2514 quam

161 2534 353 2573 totidem
375 2534 618 2585 amplexus
641 2534 807 2584 fuerat,
827 2540 932 2585 post
952 2535 1122 2574 multas
1144 2534 1342 2585 denique
1370 2534 1668 2583 tentationes,
1702 2535 1797 2585 qui-

159 2605 244 2643 bus
265 2604 340 2644 hic
362 2610 500 2655 atque
520 2604 612 2644 illic
634 2605 947 2655 volutabatur,
987 2605 1213 2644 exercitia
1249 2604 1509 2655 spiritualia
1541 2615 1797 2655 aggressus

161 2680 244 2725 est,
268 2674 389 2715 unde
411 2675 664 2715 maximam
685 2676 772 2715 sibi
792 2676 978 2727 parauit
1001 2676 1408 2727 compunctionem
1422 2676 1795 2727 praeteritaeque

162 2746 287 2785 vitae
308 2746 632 2786 vehementem
654 2746 879 2797 dolorem,
903 2748 1158 2798 statuitque
1179 2747 1273 2786 iam
1295 2748 1480 2787 demum
1502 2746 1560 2787 ad
1578 2758 1710 2786 suam
1727 2759 1793 2786 re-

161 2816 296 2867 gredi
316 2817 606 2867 religionem,
630 2816 688 2856 D.
708 2817 942 2857 Dominici
963 2828 1143 2868 nempe,
1176 2816 1299 2868 quod
1335 2824 1379 2857 et
1414 2823 1568 2857 actum
1590 2823 1659 2857 est
1689 2829 1790 2857 cum

161 2887 261 2927 eius
279 2888 506 2938 praelato,
532 2900 586 2927 ac
608 2888 664 2927 de
686 2888 761 2927 illo
793 2888 913 2928 inter
946 2900 1026 2928 eos
1063 2889 1295 2928 conuenit.
1331 2887 1465 2939 Quod
1499 2888 1673 2928 sactum
1696 2889 1795 2928 eius
