2047 3179
234 190 305 227 276
749 191 978 230 LITTERAE
1004 204 1362 237 QUADRIMESTRES

240 286 418 327 audiuit
451 286 478 338 ⁸)
509 287 770 340 perfectum
803 290 1127 342 dotatumque‚
1165 297 1304 341 prout
1337 289 1426 330 hoc
1464 296 1673 341 tempore
1709 292 1878 342 potuit,

237 370 342 399 cum
373 359 466 399 iam
496 365 638 411 esset,
669 361 826 401 multis
855 360 909 401 R.
939 360 988 402 P.
1028 360 1330 413 praepositus
1357 361 1698 402 sollicitabatur
1726 362 1883 403 literis.

234 436 278 470 et
307 430 541 482 precibus,
570 437 620 472 ut
647 432 724 484 qui
751 431 965 472 mittendi
993 438 1149 482 erant,
1184 443 1325 483 quam
1359 431 1581 472 citissime
1608 432 1870 484 proficisce-

234 506 412 542 rentur.
436 501 572 553 Quod
593 514 700 543 cum
721 514 835 555 prae
865 503 1023 555 inopia
1054 502 1378 553 operariorum
1405 509 1649 554 praestare
1677 504 1752 544 ille
1779 516 1874 546 non

233 579 407 624 posset,
432 574 596 614 obtulit
617 574 776 614 diuina
793 574 1089 626 prouidentia
1112 574 1414 614 occasionem
1443 582 1492 614 ut
1515 575 1694 614 ciuitati
1716 581 1874 616 tamen

232 644 566 686 honestissime
595 645 859 686 satisfieret.
893 645 1035 685 Hisce
1065 644 1188 684 enim
1218 644 1351 686 festis
1379 645 1605 686 natalitiis
1627 645 1798 686 missus
1827 646 1876 687 in

232 727 337 756 eam
360 716 523 756 urbem
545 728 665 757 unus
686 728 745 756 ex
766 715 819 756 R.
844 716 894 757 P.
919 716 1058 755 huius
1081 715 1280 767 Collegii
1300 717 1360 756 ad
1382 716 1578 757 Assueri
1598 722 1626 768 2,
1651 717 1730 769 qui
1752 718 1871 758 alter

231 792 300 827 est
321 785 544 838 Proregis
571 787 706 836 filius,
737 787 930 839 eiusque
952 786 999 826 in
1033 798 1088 826 ea
1117 787 1234 827 vrbe
1261 787 1489 838 uicarius,
1527 787 1873 829 confessionem

231 858 528 909 audiendam,
553 858 695 898 etiam
715 858 1087 909 magistratibus,
1116 871 1143 898 a
1165 858 1333 910 quibus
1354 858 1690 900 humanissime
1712 865 1782 899 est
1800 871 1871 900 ac-

230 935 409 981 ceptus,
435 929 676 981 professus
697 935 767 969 est
788 940 842 969 eo
864 940 915 969 se
936 929 1138 979 uenisse,
1164 934 1214 969 ut
1235 928 1485 970 Societatis
1503 941 1646 970 causa
1663 929 1778 971 nihil
1799 922 1871 971 eo-

229 1011 349 1051 rum,
373 1012 495 1052 quae
517 1000 749 1052 promissa
769 999 972 1048 fuerant,
997 1000 1268 1041 defuturum
1286 1000 1598 1052 polliceretur:
1623 1002 1786 1042 deesse
1807 1007 1873 1042 ta-

229 1083 336 1112 men
353 1071 506 1112 adhuc
524 1070 756 1123 quaedam
773 1071 819 1112 in
831 1071 1057 1122 Collegio,
1074 1083 1195 1123 quae
1210 1072 1457 1123 preparari
1478 1077 1586 1112 ante
1602 1078 1873 1113 nostrorum

227 1143 334 1184 illuc
359 1143 611 1184 aduentum
634 1148 887 1194 oporteret.
912 1142 1068 1194 Quare
1092 1143 1525 1183 commodissimum
1546 1145 1754 1195 utrisque
1771 1144 1873 1184 fore

229 1214 381 1254 uisum
409 1221 493 1265 est,
525 1221 575 1254 ut
605 1214 809 1264 (tametsi
842 1213 936 1254 iam
970 1214 1077 1254 inde
1108 1225 1135 1254 a
1163 1212 1429 1265 Septembri
1458 1214 1636 1255 reditus
1662 1214 1710 1255 in
1737 1227 1874 1256 usum

229 1286 426 1337 Collegii
461 1285 761 1337 colligantur)
789 1291 979 1338 patrum
1006 1292 1164 1325 tamen
1202 1285 1433 1326 aduentus
1465 1285 1512 1325 in
1551 1292 1770 1338 quartum
1798 1287 1872 1327 ab·

230 1357 339 1398 hinc
361 1369 571 1398 mensem
593 1356 875 1398 differretur.
900 1356 1049 1408 Quam
1073 1357 1116 1397 in
1152 1357 1434 1397 sententiam
1455 1357 1760 1398 libentissime
1782 1358 1874 1409 ipsi

233 1440 418 1481 quoque
440 1427 799 1469 descenderunt.

306 1500 438 1540 Haec
460 1506 583 1552 sunt,
607 1499 662 1540 R.
687 1499 754 1545 P..
780 1511 901 1551 quae
922 1499 1036 1540 mihi
1058 1511 1161 1539 sese
1191 1499 1400 1540 obtulere
1422 1499 1685 1540 scribenda.
1710 1499 1869 1540 Pater-

230 1571 390 1612 nitatis
412 1577 520 1612 tuae
537 1571 725 1612 interim
746 1571 834 1612 erit
857 1570 982 1623 apud
1003 1570 1158 1611 Deum
1174 1581 1363 1622 rogare,
1386 1576 1435 1611 ut
1458 1570 1489 1610 ii
1510 1571 1656 1610 simus
1672 1571 1871 1622 posthac

228 1643 447 1695 operarii,
472 1649 522 1684 ut
549 1654 644 1683 non
675 1642 815 1683 modo
842 1648 980 1695 parta
1006 1642 1174 1682 messis
1201 1653 1298 1682 non
1326 1642 1585 1692 amittatur,
1619 1642 1702 1683 sed
1729 1642 1871 1683 etiam

229 1720 535 1755 conseruetur
557 1720 602 1755 et
624 1720 853 1765 augescat
873 1713 920 1754 in
940 1713 1162 1753 Domino.

307 1785 358 1826 In
381 1785 571 1826 Genaro
592 1785 929 1826 1555.—-Mense
949 1784 1165 1838 Januarii
1189 1784 1306 1826 1555.

1042 1927 1335 1968 FRANCISCUS
1363 1927 1653 1969 STEPHANUS.

236 2189 237 2192 Ἴ
307 2144 370 2184 In
402 2148 577 2195 quarta
605 2143 797 2195 pagina
820 2143 932 2183 llaec
966 2146 1154 2183 tantum
1181 2141 1442 2192 leguntur.-
1463 2141 1490 2187 †
1515 2140 1679 2181 Mess.a
1698 2140 1869 2193 Janua·

227 2216 296 2256 rio
322 2216 438 2257 1555.

281 2400 289 2419 ’
331 2400 419 2428 Vide
435 2407 551 2435 supra,
566 2407 645 2435 pag.
661 2399 705 2426 45.

278 2448 294 2467 2
330 2447 515 2482 Hispanice
533 2447 654 2474 Suero.
