2047 3179
897 175 975 210 AN.
1008 175 1101 211 1555
1739 181 1810 218 637

178 270 430 322 processio,
464 282 536 311 me
568 271 781 323 rogarint
810 280 854 312 et
886 272 1198 323 impetun-inu
1230 285 1317 325 qua
1342 274 1521 314 ratione
1543 275 1718 316 factum
1739 283 1809 317 est

179 346 229 380 vt
251 341 430 382 decimo
452 349 619 394 quarto
639 342 747 396 Julii
768 343 814 383 in
835 343 997 382 eadem
1019 343 1134 383 vrbe
1156 344 1226 383 bis
1257 343 1313 383 de
1337 356 1595 395 pauperum
1614 347 1809 387 subuen-

178 411 303 451 tione
331 413 605 453 concionem
630 414 925 454 instituerim.
957 413 1053 453 Nec
1082 414 1170 453 hoc
1192 414 1358 455 iterato
1381 415 1530 455 officio
1554 417 1680 457 ciues
1702 429 1807 457 con-

179 483 308 532 tenti,
331 484 442 522 mihi
464 485 710 524 vniuersas
730 485 856 525 vitae
876 484 1230 525 commoditates
1246 484 1460 536 offerunt,
1483 487 1522 526 si
1544 488 1666 538 apud
1683 489 1808 539 ipsos

180 555 462 594 commorari
482 555 710 605 placeret;
732 566 842 595 nam
864 561 1000 595 antea
1023 554 1148 595 D.m¹⁵
1174 554 1475 607 Praepositus
1498 556 1555 597 D.
1579 558 1807 609 Virginis,

178 621 399 664 Vicarius
425 625 668 666 Generalis
691 625 783 666 R.d1
806 625 1004 666 Abbatis
1029 626 1243 667 coenobii
1266 627 1324 667 D.
1356 627 1587 668 Amabilis
1615 628 1641 679 ¹,
1667 641 1809 680 penes

180 705 316 744 quem
338 695 571 746 deligendi
593 696 638 736 in
659 696 928 737 Aduentum
948 697 1263 738 Ecclesiastae
1294 699 1551 738 auctoritas
1577 707 1666 749 est,
1695 701 1808 740 mihi

179 765 394 814 proximo
433 765 653 806 Aduentu
693 767 1002 807 concionandi
1041 779 1208 808 munus
1245 769 1425 808 obtulit.
1467 769 1552 810 Cui
1585 771 1808 821 respondi

178 833 361 875 Rmum.
385 835 666 888 Episcopum
691 838 783 877 iam
803 837 939 878 fidem
956 837 1140 879 dedisse
1157 838 1530 880 Biliomensibus.
1550 840 1708 892 Itaque
1730 841 1806 881 de-

180 907 428 947 cimonono
457 907 567 961 Julii
596 908 721 949 D.11¹lS
746 908 1045 961 Praepositus
1074 910 1337 962 Euscopiae
1368 911 1491 962 apud
1520 911 1806 963 Episcopum

176 988 393 1028 pranSUS‚
431 979 714 1029 persuadere
749 980 982 1032 Episcopo
1019 980 1202 1032 nititur,
1239 987 1310 1032 vt,
1349 983 1424 1022 vel
1457 982 1692 1033 Aduentu,
1730 985 1806 1024 Vel

177 1049 552 1100 Quadragesima
573 1051 801 1102 proxima,
826 1052 916 1092 mei
936 1053 1240 1093 concessione
1262 1052 1606 1104 Ryomensibus
1629 1054 1806 1105 gratifi-

177 1126 322 1160 cetur.
346 1120 525 1161 Verum
542 1121 776 1172 Episcopo
792 1122 928 1162 fidem
944 1123 1302 1163 Biliomensibus
1319 1130 1552 1175 seruante,
1571 1125 1806 1176 repulsam

176 1203 360 1243 passUS,
384 1191 492 1231 hinc
514 1191 761 1232 Biliomum
782 1192 841 1233 ad
858 1205 930 1233 me
947 1194 1089 1244 venit,
1108 1200 1303 1245 accepta
1321 1200 1478 1235 tamen
1497 1195 1555 1235 ab
1572 1195 1806 1247 Episcopo

176 1262 514 1313 pollicitatione
536 1274 586 1302 se
608 1264 698 1303 mei
720 1264 854 1315 copia
876 1275 982 1304 cum
1009 1265 1105 1304 suis
1135 1265 1406 1305 conciuibus
1432 1265 1601 1317 Ryomi
1634 1267 1807 1318 aliquo—

177 1334 261 1373 ties
283 1333 539 1384 potiturum
567 1336 640 1374 vel
661 1342 769 1374 ante
791 1334 1072 1376 Aduentum.
1096 1335 1218 1376 Hinc
1240 1337 1411 1377 accidit
1431 1342 1483 1377 vt
1503 1337 1807 1378 Biliomenses

177 1404 253 1455 pia
268 1405 468 1455 quadam
487 1405 796 1446 aemulatione
818 1406 1045 1447 aduersus
1066 1406 1359 1458 Ryomenses
1381 1408 1719 1450 contenderint.
1743 1409 1807 1450 At

178 1474 414 1527 Episcopo
436 1476 651 1527 praeside
672 1477 777 1516 freti
798 1478 1058 1518 sedatiores
1080 1490 1289 1519 euasere.

259 1545 656 1597 Vigesimoprimo
680 1546 789 1599 Julii
819 1547 1001 1588 Biliomi
1029 1549 1335 1590 concionatus
1355 1550 1442 1601 bis3
1474 1550 1711 1602 postridie,
1736 1563 1807 1591 ro-

175 1623 316 1668 gatus
347 1629 373 1657 a
403 1617 510 1657 D.”0
543 1617 815 1669 Praeposito
842 1618 1113 1670 Ryomensi,
1144 1620 1190 1660 in
1219 1631 1343 1672 pago
1365 1621 1617 1662 Estendeul
1644 1621 1658 1640 ²
1687 1622 1809 1673 (dies

177 1695 278 1728 erat
300 1700 434 1729 sacer
456 1688 513 1729 D.
534 1689 859 1740 Magdalenae)
882 1691 1155 1730 concionem
1172 1691 1327 1742 habui,
1352 1704 1410 1732 ex
1427 1692 1654 1743 proximis
1670 1693 1806 1744 pagis

178 1760 495 1811 compluribus
528 1761 574 1800 in
610 1761 701 1800 mei
735 1761 939 1811 gratiam
970 1761 1324 1802 confluentibus.
1362 1762 1511 1803 Feriis
1546 1762 1603 1803 D.
1639 1764 1803 1817 Jacobi

176 1829 367 1870 Maioris
412 1838 518 1871 ante
567 1832 807 1871 meridiem
847 1831 1206 1873 Biliomensibus
1244 1833 1554 1884 Euangelium
1592 1835 1802 1886 exposui.

175 1900 395 1941 Proximo
427 1902 498 1942 die
530 1902 788 1952 dominico,
821 1903 1050 1953 vigesimo
1081 1910 1251 1944 octauo
1286 1904 1410 1957 Julii,
1442 1905 1576 1945 binas
1605 1905 1764 1945 Issorii
1790 1905 1806 1924 ⁵

174 1972 424 2012 conciones
444 1973 599 2013 habui.
620 1972 704 2013 Cui
725 1973 829 2012 vrbi
851 1973 967 2013 adeo
988 1980 1153 2024 gratus
1173 1974 1252 2024 fui,
1276 1981 1327 2015 vt
1350 1987 1375 2015 a
1398 1976 1577 2016 ciuibus
1599 1976 1802 2027 domum,

175 2042 391 2094 vitaeque
421 2043 679 2094 impendia,
713 2044 910 2095 denique
939 2044 1130 2085 liberale
1161 2045 1456 2097 stipendium,
1490 2046 1804 2097 offerentibus,

174 2113 233 2154 ad
252 2120 528 2165 perpetuam
545 2126 726 2155 moram
746 2115 970 2155 inuitatus
990 2116 1170 2167 fuerim,
1195 2117 1548 2158 obsecrantibus
1569 2118 1710 2158 etiam
1731 2130 1805 2159 me

174 2184 219 2224 in
240 2185 506 2236 proximum
528 2185 809 2226 Aduentum.
830 2185 1000 2227 Verbis
1022 2199 1135 2228 sane
1156 2189 1378 2240 consequi
1400 2201 1642 2241 nequeam,
1666 2202 1806 2241 quam-

174 2255 368 2296 mirifico
405 2267 477 2296 me
513 2255 684 2296 affectu
714 2268 769 2296 ac
804 2257 1059 2297 honorifico
1100 2258 1253 2299 studio
1288 2259 1533 2310 Biliomus,
1576 2259 1802 2312 Ryomus,

174 2332 312 2377 atque
333 2326 554 2366 Issorium
586 2334 940 2378 prosequantur.
966 2327 1120 2368 Primo
1140 2328 1345 2380 Augusti
1372 2329 1418 2369 in
1450 2330 1564 2370 aede
1594 2330 1650 2371 D.
1685 2331 1805 2383 Lupi

173 2397 479 2437 concionatus
509 2408 612 2437 sum
642 2398 765 2448 apud
795 2397 1112 2450 Biliomenses;
1136 2399 1208 2439 die
1229 2412 1342 2440 vero
1365 2400 1614 2452 dominico,
1638 2409 1806 2453 quarto

174 2468 392 2517 Augusti,
425 2473 530 2519 post
560 2467 807 2518 prandium
843 2469 888 2508 in
924 2480 1104 2509 summo
1140 2471 1310 2522 templo
1349 2471 1554 2523 Biliomi;
1591 2480 1694 2523 post
1729 2485 1805 2513 ve-

173 2538 431 2588 spertinum
454 2537 653 2578 officium
676 2538 798 2590 apud
819 2538 1025 2579 Montem
1046 2539 1300 2591 Morinum,
1323 2548 1518 2592 rogatus
1539 2555 1565 2582 a
1583 2542 1801 2595 Domina,

105 2659 107 2662 .
173 2609 449 2649 concionem
469 2609 623 2649 habui.

252 2679 424 2730 Quinto
446 2679 649 2730 Augusti
670 2680 829 2721 literas
851 2693 877 2721 a
898 2681 1240 2734 Ryomensibus
1262 2684 1438 2735 accepi,
1463 2685 1628 2736 quibus
1651 2687 1695 2726 in
1717 2687 1804 2728 As-

171 2751 483 2801 sumptionem
506 2750 811 2792 Beatissimae
833 2752 1046 2803 Virginis
1070 2765 1142 2794 me
1164 2753 1497 2806 efflagitabant,
1522 2757 1646 2808 apud
1667 2769 1805 2810 quos,

229 2887 238 2906 ¹
281 2886 831 2916 §nint-Amant-Roclze-Savz·ne.-2

227 2934 240 2952 ⁴²
281 2934 576 2965 Sic1Estandeuil.

227 2982 240 3001 ⁵
278 2981 412 3009 Issoire.
