2047 3179
270 128 318 165 34
787 128 1012 169 LITTERAE
1040 142 1400 175 QUADRmESTREs

532 533 814 562 Praecedentium
832 534 1026 562 litterarum
1041 535 1211 563 Edmundi
1227 536 1369 571 Augerii
1387 536 1495 563 latina
1510 535 1624 564 versio
1643 537 1663 564 ¹.

347 938 448 979 Pax
470 938 660 989 Christi,
685 946 774 979 etc.

344 1010 448 1050 Hoc
482 1010 681 1061 facilius,
716 1009 770 1050 R.
802 1011 848 1051 in
879 1010 1067 1052 Christo
1095 1011 1248 1061 Pater,
1280 1023 1416 1062 spero
1447 1023 1520 1052 me
1541 1018 1648 1053 tuae
1670 1015 1905 1055 voluntati

264 1083 634 1133 satisfacturum,
667 1093 759 1134 qua
790 1094 863 1122 me
885 1083 958 1123 vis
983 1082 1029 1123 in
1057 1083 1305 1123 scribendo
1333 1083 1585 1124 dilucidam
1605 1085 1737 1136 sequi
1757 1086 1906 1126 breui-

265 1160 425 1204 tatem,
464 1165 555 1206 quo
593 1165 750 1194 rerum
783 1159 1027 1205 gestarum
1061 1154 1196 1206 copia
1239 1154 1410 1205 elapsis
1452 1155 1665 1206 proxime
1703 1163 1905 1208 quatuor

263 1226 502 1266 mensibus
536 1225 688 1265 minor
721 1224 820 1265 fuit.
852 1224 987 1276 Quod
1012 1236 1107 1265 non
1134 1232 1229 1266 tam
1262 1225 1576 1276 negligentiae
1611 1227 1726 1268 vitio
1761 1240 1903 1280 quam

262 1298 330 1347 (vt
364 1308 529 1337 verum
565 1296 731 1346 fatear)
763 1308 915 1348 pauco
950 1296 1025 1337 hic
1056 1303 1242 1337 tuorum
1278 1308 1472 1337 numero
1508 1297 1804 1339 tribuendum
1838 1300 1903 1340 vi-

264 1369 415 1409 detur.

341 1439 507 1480 Nullus
542 1440 666 1480 enim
701 1446 785 1490 est,
824 1440 902 1491 qui
937 1439 983 1479 in
1011 1440 1275 1480 animarum
1303 1441 1502 1482 salutem
1529 1442 1716 1493 pietatis
1751 1442 1902 1482 officia

260 1511 619 1563 diligentissime
650 1522 746 1551 non
774 1516 1010 1551 exerceat.
1044 1510 1254 1561 Quorum
1282 1513 1436 1552 visum
1467 1519 1537 1553 est
1570 1512 1773 1554 Domino
1800 1525 1902 1554 coe-

261 1590 356 1623 tum
392 1583 596 1635 aliquem
626 1593 817 1633 augere,
848 1587 986 1634 atque
1017 1582 1219 1634 aliquem
1250 1583 1440 1624 tandem
1468 1596 1527 1624 ex
1556 1584 1644 1624 hac
1675 1584 1900 1625 Perusina

258 1656 399 1706 plaga
422 1655 468 1694 in
490 1653 773 1695 Societatem
802 1654 1051 1694 asciscere.
1080 1653 1164 1694 Est
1192 1655 1266 1694 hic
1295 1655 1476 1696 iuuenis
1504 1667 1677 1707 genere
1712 1657 1898 1707 nobilis,

257 1727 430 1767 virtute
453 1732 609 1766 tamen
645 1737 700 1766 ac
730 1725 856 1766 vitae
887 1725 1121 1776 probitate
1149 1727 1292 1766 multo
1315 1727 1528 1767 nobilior:
1553 1728 1607 1778 is,
1633 1734 1739 1779 post
1759 1728 1899 1768 tradi-

256 1805 354 1838 tam
386 1797 476 1837 sibi
511 1810 537 1838 a
572 1797 710 1837 Patre
739 1805 900 1836 nostro
938 1796 1269 1837 exercitiorum
1303 1798 1584 1849 spiritalium
1610 1799 1895 1849 methodum,

256 1869 507 1910 Societatis
557 1868 822 1909 institutum
865 1874 934 1908 est
982 1869 1291 1920 amplexatus.
1332 1869 1393 1910 Ut
1433 1876 1589 1910 autem
1626 1870 1756 1910 breui
1798 1871 1896 1911 voti

255 1953 448 1992 compos
478 1940 574 1987 fiat,
608 1941 702 1980 iam
733 1939 932 1980 Romam
962 1951 1066 1980 cum
1094 1940 1242 1980 tribus
1273 1941 1369 1981 suis
1396 1941 1634 1991 fratribus,
1668 1954 1785 1994 quos
1821 1953 1892 1982 eo-

254 2013 359 2053 dem
395 2024 420 2052 a
442 2012 646 2052 Domino
668 2011 904 2052 existimat
934 2011 1074 2051 etiam
1096 2018 1308 2062 vocatos,
1333 2013 1400 2053 ire
1422 2019 1572 2065 parat:
1599 2013 1716 2054 faxit
1737 2013 1895 2054 Domi-

254 2096 340 2124 nus
361 2091 412 2124 vt
434 2095 525 2135 quo
547 2095 744 2134 coepere
762 2083 918 2122 animo
940 2088 1157 2134 pergant,
1181 2090 1287 2123 sunt
1305 2084 1428 2123 enim
1446 2095 1648 2135 magnae
1665 2085 1765 2136 spei
1786 2084 1894 2125 ado-

250 2157 495 2196 lescentes.
520 2154 634 2195 Sunt
664 2160 708 2194 et
742 2154 820 2194 alii
850 2154 963 2205 ipsis
985 2155 1227 2194 voluntate
1257 2155 1475 2207 proximi,
1507 2167 1707 2207 quorum
1735 2167 1893 2207 spera·

250 2239 353 2267 mus
375 2227 552 2278 aliquot
580 2237 827 2266 romanum
858 2225 946 2265 iter
973 2225 1243 2276 propediem
1272 2233 1558 2278 arrepturos,
1597 2227 1715 2267 Vtin
1737 2226 1894 2268 Socie-

249 2304 395 2338 tatem
417 2298 739 2338 admittantur.

327 2369 398 2410 De
429 2369 691 2409 studiorum
720 2374 876 2408 autem
911 2374 1180 2408 nostrorum
1215 2369 1397 2409 ratione
1418 2381 1475 2409 ac
1497 2369 1660 2410 ordine
1684 2370 1798 2410 ninil
1822 2376 1893 2409 est

247 2441 305 2481 ab
328 2452 396 2491 eo,
424 2441 480 2480 de
502 2452 592 2492 quo
625 2441 741 2480 alias
769 2447 813 2479 te
841 2439 1090 2479 certiorem
1124 2439 1334 2491 fecimus,
1368 2441 1679 2481 immutatum.
1708 2441 1758 2481 Id
1777 2452 1892 2481 vero

245 2513 430 2553 silentio
453 2512 643 2552 minime
664 2510 945 2563 praeteribo,
976 2510 1101 2562 quod
1129 2523 1254 2551 nunc
1285 2512 1343 2552 ab
1372 2512 1585 2552 omnibus
1612 2511 1710 2552 fere
1740 2512 1891 2552 litera-

244 2596 349 2624 rum
384 2583 731 2635 professoribus
767 2581 985 2632 methodo
1008 2587 1198 2622 nostrae
1240 2583 1460 2631 docendi,
1495 2583 1654 2623 diuino
1694 2594 1888 2623 munere

243 2655 497 2706 deferatur;
521 2667 604 2707 pro
628 2666 718 2706 qua
743 2665 888 2705 Vsque
911 2652 1027 2693 adeo
1050 2653 1200 2704 nobis,
1224 2660 1274 2694 vt
1296 2655 1440 2706 probe
1461 2654 1599 2705 nosti,
1622 2653 1707 2694 fuit
1729 2654 1887 2694 hacte-

240 2738 329 2767 nus
350 2726 704 2775 decertandum,
728 2724 928 2766 necdum
950 2724 1138 2765 omnino
1162 2731 1399 2766 cessatum
1421 2731 1505 2766 est.
1529 2725 1647 2766 Sunt
1669 2725 1793 2766 enim
1810 2725 1887 2766 ad-

296 2863 304 2883 ί
346 2863 428 2890 Tria
443 2867 521 2890 sunt
538 2863 637 2897 hujus
653 2862 822 2890 versionis
838 2862 979 2896 antiqua
995 2862 1208 2897 apographa;
1226 2870 1329 2891 unum
1357 2863 1389 2891 in
1417 2862 1542 2897 duplici
1558 2862 1638 2890 folio
1653 2870 1707 2890 nn.
1728 2863 1764 2890 50
1787 2867 1822 2891 et
1844 2864 1890 2892 53Υ

239 2912 273 2938 in
288 2911 355 2939 vol.
371 2910 560 2944 ,Quadrima
578 2910 791 2944 1553-1.354,·
807 2910 956 2937 alterum
983 2910 1013 2936 in
1038 2909 1116 2937 folio
1139 2910 1220 2937 item
1241 2911 1379 2945 duplici,
1404 2918 1458 2938 nn.
1479 2910 1514 2937 60
1538 2914 1571 2937 et
1595 2910 1646 2945 61,
1672 2911 1816 2939 tertium
1831 2912 1887 2940 de-

239 2959 339 2994 nique
355 2958 388 2986 in
405 2958 484 2986 solio
501 2958 606 2985 eliam
623 2957 761 2993 duplici,
778 2965 832 2985 nn.
847 2957 881 2984 64
897 2957 990 2985 0165.
1008 2957 1100 2985 Haec
1116 2957 1180 2986 duo
1196 2963 1373 2992 postrema
1390 2958 1422 2986 in
1444 2959 1511 2985 vol.
1537 2957 1725 2991 Quadrim.
1750 2959 1850 2988 1555.
