2047 3179
214 167 285 204 456
734 165 962 203 LITTERAE
978 176 1336 210 QUADRIMESTRES

218 264 470 315 uiuentem,
505 269 734 312 sanctam,
766 269 1012 315 acceptam
1039 263 1155 312 Deo,
1191 261 1470 302 rationalem
1499 260 1673 299 cultum
1703 269 1861 308 suum,

218 346 369 386 neque
387 346 436 375 se
450 335 809 375 accommodant
827 333 885 374 ad
903 334 1040 374 huius
1057 332 1216 373 mundi
1232 332 1447 383 figuram,
1462 342 1580 382 quae
1598 330 1690 370 cito
1708 334 1856 369 trans-

221 406 268 445 it:
301 418 468 447 verum
496 405 702 458 quotidie
731 405 933 457 probant
961 416 1079 456 quae
1108 403 1168 443 sit
1193 403 1415 443 voluntas
1442 401 1531 441 Dei
1559 401 1697 451 bona,
1729 411 1856 440 acce-

220 485 317 531 pta,
341 478 563 530 perfecta,
588 489 784 528 eamque
806 487 988 527 semper
1006 474 1230 527 perficere
1248 481 1492 514 conantur.
1507 473 1608 512 Hac
1626 472 1768 523 igitur
1790 482 1858 510 ra-

222 551 348 590 tione
380 561 472 590 non
500 549 638 589 modo
668 548 754 587 sibi
782 547 1046 597 consulunt,
1077 546 1160 586 sed
1188 551 1232 586 et
1254 545 1484 595 omnibus,
1515 544 1593 595 qui
1621 553 1726 583 cum
1746 542 1860 593 ipsis

223 621 396 662 habent
419 619 818 668 consuetudinem,
843 623 951 658 sunt
974 616 1248 668 disciplinae
1276 623 1319 656 et
1347 616 1558 666 exemplo
1581 620 1625 654 et
1647 624 1862 654 sermone

224 699 269 732 et
289 692 443 743 factis,
468 692 594 731 cultu
616 691 785 730 docent
806 689 1076 729 luxuriosas
1096 691 1252 729 uestes
1273 687 1568 736 reiiciendas,
1588 696 1700 736 opes
1719 684 1862 735 negli-

225 763 420 815 gendas,
451 762 689 803 Christum
716 759 984 800 amandum.
1016 759 1252 800 Exercent
1278 764 1525 810 praeterea
1548 757 1729 796 animos
1754 767 1863 795 suos

226 834 494 885 virtutibus,
518 835 737 873 excolunt
759 831 949 882 ingenia
969 830 1131 881 literis,
1162 836 1212 870 ut
1242 841 1321 870 eas
1355 829 1414 869 ad
1442 838 1736 868 communem
1760 826 1862 866 affe·

226 913 333 946 rant
353 905 617 945 utilitatem.
647 903 707 943 Hi
729 903 852 943 enim
879 902 1138 952 disciplinis
1168 901 1401 951 humanis,
1434 906 1533 940 tum
1561 898 1746 950 graecis
1769 904 1866 937 tum

227 977 399 1027 latinis,
423 981 613 1026 vacant,
634 985 807 1026 easque
829 974 889 1014 ad
905 972 1164 1025 juuentutis
1194 977 1373 1012 rectam
1403 970 1743 1012 institutionem
1763 980 1866 1020 pro-

229 1048 397 1088 ferunt.
422 1047 491 1088 Illi
512 1047 662 1087 sacris
683 1046 830 1086 literis
852 1045 1125 1086 incumbunt
1145 1050 1195 1084 ut
1217 1043 1458 1084 obtineant
1471 1053 1591 1092 eum,
1607 1041 1685 1092 qui
1705 1052 1865 1080 secun-

231 1120 339 1160 dum
369 1118 632 1159 doctrinam
653 1123 738 1168 est,
761 1116 945 1157 fidelem
966 1126 1245 1165 sermonem,
1275 1120 1325 1155 ut
1354 1113 1534 1165 possint
1561 1111 1802 1153 exhortari
1823 1111 1873 1150 in

232 1191 447 1231 doctrina
470 1201 585 1230 sana
608 1196 652 1229 et
674 1188 1053 1229 contradicentes
1073 1187 1334 1227 reuincere.

310 1262 523 1313 Fratres,
555 1261 723 1313 quibus
750 1259 1067 1300 instituendae
1098 1258 1355 1299 iuuentutis
1384 1268 1499 1297 cura
1536 1255 1751 1306 delegata
1783 1259 1867 1304 est,

233 1334 357 1375 omni
381 1346 467 1386 ope
487 1333 712 1383 nituntur,
737 1338 787 1372 ut
808 1332 937 1371 illam
957 1337 1056 1371 tum
1079 1342 1105 1370 a
1127 1329 1315 1370 libidine
1338 1328 1414 1379 (ad
1435 1339 1575 1379 quam
1596 1326 1715 1366 haec
1738 1331 1869 1365 aetas

232 1406 529 1458 potissimum
561 1410 631 1445 est
660 1403 910 1456 propensa)
941 1408 1181 1452 reuocent,
1215 1400 1275 1441 ad
1304 1399 1579 1452 pudicitiam
1608 1402 1795 1447 vocent,
1824 1396 1872 1435 in

232 1484 422 1530 pectore
443 1477 533 1517 Dei
554 1476 771 1516 timorem
790 1474 1074 1526 insculpant,
1097 1473 1209 1527 Jesv
1237 1483 1447 1512 amorem
1477 1469 1750 1519 inscribant,
1775 1474 1872 1508 tum

235 1550 378 1590 castis
400 1549 634 1589 instruant
663 1546 825 1597 literis,
850 1552 949 1586 tum
969 1556 1083 1586 uero
1107 1544 1167 1585 ad
1188 1550 1412 1594 Veterem,
1445 1547 1873 1594 quantumcumque

234 1626 445 1673 possunt,
471 1619 768 1671 disciplinam
798 1623 842 1658 et
873 1616 1158 1657 christianos
1189 1626 1345 1655 mores
1376 1614 1640 1654 informent.
1673 1610 1874 1652 Proinde

235 1691 590 1743 diligentissime
613 1702 668 1730 ac
690 1688 1052 1740 vigilantissime
1073 1687 1262 1728 lectioni
1282 1685 1484 1735 student,
1506 1685 1648 1724 libros
1666 1690 1710 1723 et
1727 1681 1874 1722 maxi-

236 1776 308 1804 me
331 1769 502 1813 castos,
527 1767 571 1802 et
592 1760 651 1801 ad
671 1761 856 1801 illorum
879 1765 1082 1799 aetatem
1102 1765 1147 1799 et
1165 1757 1474 1798 eruditionem
1492 1754 1887 1795 accommodatos.

236 1847 292 1876 ac
314 1840 466 1886 aptos,
490 1833 742 1885 exquirunt
765 1838 809 1872 et
831 1832 1126 1884 praelegunt,
1151 1830 1231 1882 qui
1252 1836 1295 1869 et
1324 1829 1384 1869 ad
1404 1828 1593 1879 linguae
1616 1827 1807 1876 cultum,
1832 1832 1876 1865 et

238 1907 297 1947 ad
317 1908 445 1947 vitae
467 1904 752 1946 christianae
786 1903 994 1943 rationes
1023 1901 1312 1951 formandas,
1342 1900 1514 1940 ualent.
1546 1898 1648 1949 Quo
1679 1897 1877 1938 consilio

237 1979 510 2019 moderator
542 1976 745 2027 collegii,
776 1974 916 2015 Pater
944 1973 1231 2014 Franciscus
1259 1972 1482 2021 Palmius,
1507 1969 1722 2010 omnibus
1750 1968 1878 2009 feriis

239 2062 265 2089 a
301 2049 500 2102 prandio
535 2047 683 2088 uoluit
716 2045 927 2098 praelegi
956 2044 1200 2096 discipulis
1228 2042 1601 2095 prouectioribus
1631 2046 1879 2080 testamen·

240 2128 338 2162 tum
372 2131 549 2161 nouum
582 2126 833 2171 graecum3
877 2116 1145 2157 rudioribus
1179 2127 1293 2155 vero
1329 2115 1527 2154 alterum
1564 2112 1768 2152 libellum
1803 2111 1880 2151 ad-

240 2192 430 2233 modum
446 2192 591 2244 pium,
610 2190 656 2230 id
673 2196 756 2240 est,
778 2188 977 2229 disticha
994 2186 1238 2227 Michaelis
1255 2185 1446 2226 Verrini
1467 2184 1492 2234 ¹,
1516 2190 1566 2224 ut
1587 2184 1676 2224 hac
1697 2194 1882 2234 quoque

242 2265 321 2305 via
342 2264 561 2304 iuuentus
581 2261 768 2301 facilius
789 2272 816 2300 a
837 2259 966 2299 vitiis
988 2263 1237 2299 reuocetur
1260 2263 1304 2297 et
1328 2256 1485 2297 acrius
1508 2254 1567 2295 ad
1592 2253 1776 2294 honesti
1792 2259 1883 2293 stu-

244 2337 370 2376 dium
392 2334 723 2375 inflammetur.
749 2331 878 2383 Quas
900 2337 1027 2370 certe
1048 2329 1273 2369 lectiones
1296 2339 1475 2368 summa
1495 2326 1736 2377 diligentia
1753 2336 1883 2377 prae-

255 2412 471 2459 ceptores
492 2409 857 2457 persequuntur,
883 2407 926 2442 et
947 2401 1037 2441 hoc
1056 2400 1302 2441 consilium
1322 2399 1455 2440 multi
1478 2398 1568 2438 viri
1595 2397 1717 2447 boni,
1743 2402 1788 2436 et
1807 2407 1887 2448 po-

246 2478 479 2518 tissimum
501 2481 737 2528 parentes,
757 2473 1188 2514 salutisliberorum
1209 2470 1380 2521 cupidi,
1399 2469 1537 2510 valde
1555 2467 1886 2509 commendant

247 2549 536 2599 mirificeque
558 2547 774 2599 probant.
800 2544 956 2596 Quum
977 2544 1346 2594 interpretantur
1368 2541 1571 2593 aliquem
1593 2538 1886 2591 antiquitatis

252 2621 520 2670 authorem,
545 2624 591 2658 et
611 2618 742 2657 locus
764 2615 942 2666 incidit,
967 2615 1045 2667 qui
1079 2613 1298 2654 conducit
1320 2611 1380 2652 ad
1408 2623 1661 2664 puerorum
1689 2609 1887 2662 discipli-

250 2703 374 2741 nam,
399 2690 609 2742 pleniore
631 2688 895 2739 explicatur
917 2698 1011 2736 ore,
1037 2696 1264 2737 acresque
1281 2683 1455 2724 stimuli
1473 2683 1706 2723 adduntur
1723 2681 1782 2721 ad
1798 2680 1892 2721 vir-

251 2768 413 2802 tutem.
439 2760 659 2810 “Habete,
684 2759 916 2810 inquiunt,
935 2757 1074 2798 fidem
1094 2756 1306 2808 gentium
1322 2754 1543 2805 tenebris,
1569 2754 1608 2795 si
1623 2753 1714 2793 luci
1737 2753 1888 2792 Evan-

311 2944 318 2964 ¹
359 2943 512 2970 Verbum
543 2941 685 2969 Verrinz'
709 2941 839 2968 addidit
864 2940 933 2967 alia
962 2946 1083 2967 manus
1107 2939 1199 2965 intra
1223 2938 1332 2965 lineas
1355 2945 1375 2965 a
1401 2937 1557 2972 Scipione
1581 2936 1740 2970 scriptas.
1773 2933 1892 2961 Eritne

256 2999 368 3019 sermo
385 2991 423 3018 de
441 2990 582 3018 Catonis
600 2988 772 3015 Distz'clris
788 2989 830 3015 ab
847 2988 960 3021 aliquo
976 2987 1115 3013 Verrini
1130 2986 1330 3013 illustratis?
1345 2985 1432 3013 Vide
1445 2992 1560 3019 supra,
1573 2991 1651 3018 pag.
1666 2982 1726 3014 164.
1739 2984 1853 3010 annot.
1865 2981 1893 3008 6.
