2047 3179
239 160 311 197 494
764 159 991 202 L1TTERAE
1010 168 1369 202 QUADRiMEsTREs

902 609 1212 664 COGXOH

311 842 567 880 Bernardus
586 840 813 879 Oliverius

358 907 481 945 Patri
500 906 670 954 Ignatio
693 905 746 943 de
767 905 951 952 Loyola.

450 972 667 1017 Tornaco,
689 971 735 1009 30
754 971 858 1018 Maii
880 970 972 1008 1555
993 971 1019 1006 ².

1007 1179 1107 1257 uis

238 1395 546 1447 Omnipotens
569 1396 718 1442 Dens,
740 1395 822 1446 qm'
848 1406 934 1434 7205
965 1405 1136 1434 vocare
1166 1394 1404 1444 dignatus
1432 1397 1503 1432 est
1523 1393 1573 1432 in
1597 1392 1878 1432 Societatem

236 1466 455 1516 Filitsm',
467 1471 626 1507 seruet
641 1478 727 1507 nos
741 1478 902 1506 omnes
915 1471 1099 1517 semper
1114 1465 1165 1505 in
1182 1477 1272 1505 sua
1290 1464 1458 1515 gratia
1475 1468 1519 1504 et
1529 1469 1660 1515 pace.
1678 1464 1828 1504 Amen
1846 1463 1874 1503 ²².

313 1539 401 1579 Tot
418 1539 659 1580 obruimur
677 1538 882 1589 quotidie
900 1538 988 1589 piis
1006 1537 1408 1588 occupationibus,
1428 1535 1681 1576 admodum
1701 1535 1803 1575 Rde
1829 1535 1877 1576 in

232 1610 314 1652 X.⁰
336 1611 489 1659 Pater,
515 1617 564 1650 vt
580 1614 857 1662 praestaret
879 1609 892 1627 ³
910 1621 989 1649 eas
1012 1621 1152 1660 opere
1170 1608 1338 1660 exequi
1356 1619 1497 1659 quam
1514 1608 1691 1658 scripto
1719 1619 1876 1647 recen-

232 1694 364 1734 sere,
403 1683 491 1722 nisi
522 1688 686 1722 sancta
726 1681 990 1722 obedientia
1019 1680 1221 1732 primum
1258 1680 1304 1720 in
1347 1680 1563 1720 omnibus
1598 1680 1753 1719 locum
1788 1678 1874 1719 sibi

232 1755 398 1794 merito
434 1753 723 1794 vendicaret.
761 1753 911 1793 Huius
940 1753 1096 1803 itaque
1118 1753 1262 1801 iussu,
1295 1763 1414 1803 quae
1443 1751 1659 1802 proximo
1689 1750 1872 1802 quadri-

231 1826 392 1866 mestri
420 1825 496 1866 hic
521 1825 832 1875 contigerunt
854 1823 882 1874 ⁴¹⁴,
908 1824 1072 1875 paucis
1102 1824 1404 1874 complectar.

310 1897 450 1938 Pater
465 1904 624 1937 noster
641 1896 692 1936 R.
717 1896 967 1947 Quintinus
988 1894 1001 1913 ⁵
1018 1895 1215 1946 singulis
1235 1894 1398 1934 diebus
1416 1893 1597 1934 festinis
1619 1898 1662 1933 et
1680 1892 1872 1933 domini-

228 1969 296 2009 cis
312 1969 466 2020 pergit
479 1968 751 2009 concionari
764 1974 807 2008 et
821 1967 1084 2007 doctrinam
1101 1966 1410 2006 christianam
1423 1975 1672 2016 exponere:
1695 1970 1740 2004 et
1754 1964 1873 2004 sicut

226 2040 274 2080 in
291 2041 390 2080 dies
411 2040 582 2081 crescit
611 2039 879 2079 auditorum
900 2049 1138 2087 numerus,
1154 2038 1219 2077 ita
1237 2037 1510 2077 eorumdem
1528 2036 1698 2076 crescit
1722 2034 1874 2087 profe-

222 2117 342 2162 ctus;
366 2111 555 2163 plurimi
576 2111 714 2159 enim,
739 2116 933 2162 peracta
961 2110 1202 2159 concione,
1235 2108 1530 2158 confitentur,
1561 2118 1759 2159 quorum
1796 2106 1872 2146 ali·

227 2183 305 2234 qui
326 2183 383 2223 ab
414 2183 600 2223 haeresi
634 2182 931 2233 resipiscunt,
963 2180 1041 2221 alii
1076 2192 1102 2220 a
1139 2180 1281 2220 vitiis.
1317 2179 1442 2219 Inter
1473 2184 1655 2219 ceteros
1685 2178 1870 2229 quidam

223 2253 433 2295 famosus
455 2253 775 2306 impudicitiae
798 2252 950 2293 fautor
973 2259 1017 2292 et
1039 2253 1226 2304 hospes,
1258 2251 1336 2303 qui
1366 2250 1491 2290 domi
1512 2261 1625 2289 suae
1656 2256 1764 2289 octo
1790 2258 1870 2289 aut

223 2327 380 2378 plures
404 2327 584 2377 publice
606 2325 882 2377 prostitutas
911 2324 1090 2375 puellas
1126 2323 1294 2373 alebat,
1332 2328 1526 2374 peracta
1568 2320 1866 2361 confessione

222 2398 435 2449 generali
455 2397 606 2438 eidem
623 2396 766 2445 Patri,
790 2396 913 2436 serio
931 2395 1143 2446 resipuit,
1163 2401 1207 2435 et
1225 2405 1386 2434 omnes
1403 2393 1582 2444 puellas
1600 2393 1704 2432 illas
1726 2403 1752 2431 a
1769 2391 1868 2432 suis

225 2469 419 2509 aedibus
440 2469 625 2518 abiecit,
657 2479 800 2508 Vnam
822 2467 1015 2507 tradidit
1050 2466 1229 2518 nuptui,
1269 2472 1313 2506 et
1338 2466 1487 2505 altera
1523 2469 1685 2504 nostro
1723 2474 1869 2503 suasu

278 2654 288 2673 ¹
328 2654 580 2688 Autographae
596 2653 721 2688 duplici
740 2653 832 2686 solio,
855 2659 912 2679 nn.
930 2651 983 2678 369
1005 2656 1038 2678 et
1052 2650 1335 2683 370.—Quaedam
1357 2650 1388 2676 in
1409 2650 1449 2676 iis
1471 2648 1663 2683 suppressit
1687 2646 1870 2676 Petamus,

225 2701 295 2728 alia
307 2709 568 2736 suppressorum
584 2702 657 2729 loco
669 2701 859 2733 substituit,
877 2704 908 2726 et
925 2700 1122 2727 litterarum
1137 2698 1185 2725 sic
1201 2698 1461 2724 emendatarum
1476 2696 1715 2731 apographum
1728 2696 1826 2720 extat
1839 2693 1872 2720 in

223 2749 341 2776 eodem
357 2749 484 2783 codiee,
501 2749 581 2776 folio
596 2747 734 2783 duplici,
751 2755 804 2775 nn.
820 2748 870 2775 371
888 2751 921 2774 et
935 2747 998 2774 372.
1017 2746 1096 2779 Nos,
1110 2750 1146 2773 ut
1163 2750 1279 2773 noster
1295 2752 1367 2772 mos
1382 2749 1445 2779 est,
1469 2744 1528 2771 illa
1551 2743 1678 2771 italicis
1701 2741 1794 2777 typis
1817 2741 1872 2768 de-

223 2796 422 2830 scribemus,
439 2797 524 2824 haec
540 2797 583 2824 ad
599 2797 747 2831 paginae
763 2796 892 2823 calcem
909 2801 1152 2829 supponemus.

277 2844 290 2863 ²
329 2844 457 2871 Horum
472 2845 546 2872 loco
562 2844 701 2879 scripsit
718 2844 888 2871 Polaticus
906 2843 981 2869 Pax
995 2842 1050 2869 X.2·

279 2891 292 2910 ⁵
331 2892 468 2919 malim.
485 2892 670 2919 Polancus.

278 2940 291 2958 ‘⁴
332 2941 410 2966 acta
428 2942 523 2966 sunt.
539 2939 592 2968 Id.

277 2987 290 3005 ὅ
330 2987 366 3014 P.
381 2988 562 3019 Quintinus
578 2987 752 3015 Charlart.
