2047 3179
885 123 968 161 ΑΝ.
1000 123 1091 161 1555
1729 125 1803 163 493

168 224 340 265 simum
372 225 600 264 bonarum
640 222 810 262 artium
843 220 1053 269 studiosi,
1088 219 1363 270 ibidemque,
1394 220 1433 259 si
1468 221 1577 271 quid
1614 221 1723 261 boni
1752 222 1798 261 in

171 295 343 335 scholis
365 295 639 344 didicerant,
672 293 718 333 id
750 303 885 332 omne
909 290 1062 330 uentis
1091 296 1135 329 et
1163 290 1385 329 obliuioni
1413 291 1676 331 tradebant.
1701 292 1797 332 Iam

172 378 231 407 ex
268 366 480 407 omnibus
514 365 595 405 vix
628 375 770 404 unum
805 361 1033 414 reperias,
1067 361 1147 412 qui
1183 360 1352 401 audeat
1383 361 1526 401 animi
1554 363 1800 403 relaxandi

172 449 331 486 causa,
354 438 475 477 ultra
497 436 687 476 biduum
706 434 804 474 ruri
832 432 1020 473 morari.
1053 432 1204 472 Fuere
1233 432 1290 471 ab
1323 433 1556 472 oratoriae
1587 433 1799 473 facultati

174 508 466 550 studentibus
501 506 822 547 oratiunculae
848 503 1078 556 quaedam
1106 504 1152 543 in
1182 509 1342 543 nostra
1375 504 1573 544 ecclesia
1596 504 1799 555 habitae,

173 591 292 631 quos
326 585 423 619 tam
459 577 731 629 composite,
764 582 859 616 tam
895 580 1058 615 ornate
1080 574 1255 614 dixisse
1286 574 1486 624 (ferunt),
1517 580 1566 614 ut
1594 576 1800 615 omnium

173 650 440 702 opinionem
467 649 724 689 uincerent.

251 719 391 760 Domi
413 731 573 759 omnes
595 725 719 759 recte
741 718 911 767 ualent,
936 722 979 756 et
1001 716 1046 756 in
1068 727 1249 756 summa
1272 727 1387 767 pace
1409 715 1599 766 degunt.
1619 716 1701 757 Est
1722 728 1798 757 no-

171 792 243 832 bis
264 791 496 831 hebraeus
519 790 792 830 adolescens
813 788 1027 837 traditus,
1052 793 1102 827 ut
1124 798 1228 827 eum
1250 787 1537 827 christianae
1560 788 1803 839 religionis

171 862 410 903 elementis
439 862 713 901 imbuamus.
740 860 976 911 Quantum
1001 858 1074 899 his
1100 858 1326 909 pauculis,
1361 858 1527 910 quibus
1557 859 1682 910 apud
1711 871 1799 899 nos

173 934 282 985 egit,
307 933 469 973 diebus
490 931 754 984 profecerit,
779 943 871 971 non
906 931 1041 971 facile
1071 930 1268 970 dixeris:
1291 935 1423 969 tanta
1451 936 1520 969 est
1551 930 1598 970 in
1630 941 1685 970 eo
1720 930 1798 970 hu—

174 1004 389 1054 manitas,
409 1009 539 1043 tanta
561 1014 743 1042 morum
766 1001 987 1053 probitas,
1012 1006 1142 1040 tanta
1168 1000 1293 1040 uitae
1315 1000 1577 1051 integritas,
1602 1006 1733 1041 tanta
1755 1002 1803 1042 in

174 1086 388 1116 sermone
424 1074 691 1124 sinceritas,
729 1073 927 1124 denique
963 1072 1101 1123 (quod
1134 1078 1203 1111 est
1237 1071 1557 1122 praecipuum)
1590 1077 1721 1112 tanta
1755 1072 1803 1113 in

173 1152 392 1197 suscepto
415 1144 655 1196 proposito
688 1143 969 1193 constantia,
992 1148 1042 1182 ut
1062 1142 1175 1182 nulli
1195 1154 1287 1182 non
1310 1142 1672 1183 admirationem
1708 1154 1803 1184 mo-

173 1222 296 1258 ueat.

254 1287 325 1328 De
360 1286 583 1327 Antistite
618 1286 728 1338 quid
763 1285 941 1325 dicam?
976 1296 1116 1337 quam
1151 1285 1210 1325 sit
1236 1285 1509 1336 beneuolus,
1547 1297 1689 1337 quam
1718 1297 1807 1326 nos

174 1364 311 1408 amet,
336 1358 551 1398 omnibus
573 1363 732 1396 notum
754 1362 845 1396 est:
869 1362 1055 1396 caetera
1073 1355 1205 1396 bene.

254 1429 383 1469 Haec
411 1435 533 1473 sunt.
557 1427 657 1468 R.de
679 1427 834 1477 Pater,
870 1438 989 1478 quae
1019 1433 1148 1467 tuam
1175 1426 1512 1468 Paternitatem
1534 1428 1655 1468 scire
1683 1429 1807 1468 uole-

173 1501 355 1542 bamus:
378 1506 443 1550 tu,
467 1510 656 1551 quaeso,
681 1510 764 1550 pro
786 1498 919 1538 nobis
941 1509 1024 1538 ora
1045 1510 1101 1538 ac
1122 1498 1222 1538 Deo
1244 1499 1535 1539 commenda.
1559 1498 1694 1540 Vale.

254 1571 481 1621 Venetiis,
510 1569 536 1609 8
557 1568 735 1610 calend.
759 1569 898 1622 Junii.

255 1643 326 1683 Ex
346 1642 476 1682 iussu
496 1641 550 1681 R.
570 1640 617 1681 P.
643 1640 868 1681 Rectoris.

255 1713 401 1754 Filius
421 1712 657 1763 indignus,

1320 1855 1588 1896 ARNOLDus.

257 2070 380 2110 Loco
402 2069 825 2120 superscriptionis
855 2069 967 2109 haec
985 2068 1035 2108 in
1055 2069 1261 2108 secunda
1284 2069 1474 2120 pagina
1495 2068 1755 2119 leguntur:
1777 2070 1809 2115 †

177 2140 554 2192 Quadrimestres
574 2140 756 2181 litterae
779 2139 975 2192 Collegii
996 2140 1169 2180 veneti.

258 2211 368 2251 Alsa
390 2222 558 2251 mmm:
583 2211 696 2250 1555.
720 2210 947 2252 Venetiis.
971 2210 1347 2263 Quadrimestres
1368 2210 1420 2250 ‘25
1440 2211 1565 2251 Maii.
