2047 3179
887 132 971 169 AN.
1002 133 1092 170 1554
1740 136 1807 173 103

167 239 231 268 no
263 239 319 268 ac
349 227 449 268 Deo
480 239 562 268 suo
593 227 912 278 militaturum,
937 239 1075 279 quern
1099 241 1123 269 e
1150 229 1294 269 tantis
1322 229 1550 269 hactenus
1583 230 1805 281 periculis

167 299 471 339 liberatorem
492 298 651 339 sensit.

248 368 449 420 Quidam
469 369 587 409 alius
607 379 809 419 seruam,
835 368 892 408 ob
914 369 1075 409 nescio
1098 369 1209 421 quid
1230 370 1287 409 ab
1305 381 1359 410 ea
1382 370 1700 420 commissum,
1735 371 1804 410 in-

160 440 372 480 numeris
387 439 516 491 prius
532 450 616 490 per
636 444 786 479 totum
807 449 978 490 corpus
1003 439 1226 479 afflictam
1253 440 1406 491 plagis
1437 450 1704 492 magnoque
1728 452 1803 480 ca-

166 517 383 551 tenarum
417 510 623 561 pondere
654 509 972 560 constrictam,
1007 509 1054 549 in
1087 510 1394 550 subterranea
1423 510 1625 562 quadam
1662 511 1801 551 domo

157 592 304 633 'super
324 581 499 621 nudam
514 580 706 621 humum
726 580 878 631 ipsam
899 580 1040 621 etiam
1070 580 1245 621 nudam
1266 586 1310 621 et
1341 581 1516 633 absque
1543 582 1638 622 vllo
1669 582 1800 622 indu-

162 656 426 692 mentorum
447 662 621 702 genere
651 649 822 702 conjici
846 649 1007 701 J'ussit‚
1038 651 1117 692 vbi
1148 657 1280 692 tanta
1301 662 1416 703 erga
1444 652 1571 692 illam
1601 653 1798 693 saeuitia

156 723 403 771 Vtebatur,
439 728 488 763 ut
517 721 614 773 jam
645 722 782 763 morti
818 722 1035 773 proxima
1070 728 1209 763 esset.
1247 722 1383 775 Quod
1419 734 1526 764 cum
1558 724 1748 775 quidam
1769 736 1794 764 e

159 793 336 834 nostris
352 793 569 834 Patribus
596 793 890 844 resciuisset,
924 799 1063 845 atque
1085 805 1139 834 eo
1167 805 1217 834 se
1244 794 1539 845 contulisset,
1571 795 1697 835 omni
1723 795 1797 835 ille

156 864 343 914 (diuino
363 864 608 915 beneficio)
627 864 965 905 inhumanitate
987 864 1215 916 deposita,
1240 876 1296 905 ac
1322 865 1370 906 in
1390 865 1797 906 mansuetudinem

156 941 468 986 commutata,
498 936 671 977 lectum
697 947 863 976 seruae
889 947 1050 976 coram
1070 935 1172 987 ipso
1206 935 1345 976 Patre
1374 937 1562 985 strauit,
1595 937 1793 977 catenis-

157 1018 254 1058 ·que
291 1006 425 1057 solui,
450 1018 506 1046 ac
540 1007 791 1057 medicum,
830 1006 909 1058 qui
931 1006 973 1046 ei
1006 1006 1299 1047 curationem
1330 1006 1594 1059 adhiberet,
1629 1009 1794 1048 uocari

158 1081 309 1133 jussit.
334 1081 535 1123 Tantam
557 1083 679 1123 enim
695 1081 792 1134 jam
812 1082 934 1123 illius
956 1094 1127 1134 corpus
1148 1081 1443 1135 putredinem
1470 1089 1793 1135 contraxerat,

161 1159 212 1193 vt
239 1152 335 1204 Vix,
359 1153 498 1193 etiam
526 1153 726 1194 occlusis
747 1153 953 1205 naribus,
983 1165 1043 1194 ex
1063 1154 1166 1205 ipsa
1186 1153 1433 1206 putredine
1454 1165 1681 1195 emanans
1701 1155 1795 1195 foe-

159 1230 236 1264 tor
254 1224 449 1265 tolerari
468 1230 643 1276 posset.

241 1294 347 1336 Duo
363 1295 473 1336 item
490 1296 582 1346 alii,
597 1296 804 1347 peccatis
819 1302 951 1337 tanta
963 1297 1262 1337 inhaerentes
1274 1297 1546 1349 pertinatia,
1565 1303 1615 1337 ut
1633 1309 1797 1338 eorum

162 1366 280 1406 alter
301 1377 410 1416 vna,
435 1367 552 1406 alter
584 1378 697 1407 uero
719 1367 899 1407 duabus
935 1368 1403 1408 excommunionibus
1427 1380 1454 1408 a
1482 1374 1675 1408 sanctae
1701 1379 1797 1408 ma-

154 1437 245 1477 tris
274 1437 513 1477 Ecclesiae
533 1438 715 1488 gremio
736 1444 982 1489 separatus
1003 1445 1145 1490 esset,
1177 1437 1386 1490 ejusdem
1406 1439 1560 1480 Patris
1586 1440 1794 1491 alloquu-

152 1508 288 1548 ‘tione
310 1508 486 1557 (diuina
506 1508 829 1549 misericordia
844 1510 1058 1561 permoti,
1078 1510 1203 1551 omni
1218 1510 1296 1550 illa
1313 1510 1564 1562 pertinatia
1581 1508 1790 1561 rejecta),

157 1584 356 1630 peccata
375 1579 491 1620 fassi
517 1585 640 1620 sunt.

242 1649 387 1691 Multa
403 1656 511 1691 sunt
528 1651 633 1702 alia,
647 1650 700 1691 R.
720 1651 768 1691 in
784 1650 968 1692 Christo
986 1651 1054 1702 P.,
1073 1658 1335 1692 memoratu
1353 1658 1479 1692 certe
1499 1651 1658 1704 digna,
1676 1663 1797 1704 quae

161 1721 250 1762 hac
286 1722 347 1771 (si
375 1722 423 1762 in
448 1722 685 1774 publicum
719 1722 856 1762 edere
890 1722 1072 1773 liceret)
1109 1723 1379 1764 scriberem.
1418 1723 1699 1764 Benedictus
1737 1724 1796 1764 sit

160 1793 391 1833 bonorum
412 1793 617 1834 omnium
637 1792 834 1844 largitor
854 1793 1099 1835 Dominus,

239 1863 451 1915 Quatuor
471 1865 544 1905 his
564 1877 710 1917 prope
731 1866 902 1918 elapsis
934 1866 1185 1917 mensibus,
1219 1871 1398 1918 septem
1433 1866 1480 1906 in
1502 1866 1712 1918 Collegio
1736 1867 1796 1907 ad

151 1934 439 1976 ‘Societatem
460 1936 654 1977 admissi
675 1943 801 1987 sunt,
821 1949 846 1978 e
862 1937 1028 1989 quibus
1044 1937 1139 1978 iam
1154 1944 1357 1989 quatuor
1374 1938 1421 1977 in
1436 1938 1672 1978 secundae
1689 1949 1774 1990 pro
1785 1961 1796 1966 -

153 2006 358 2047 bationis
393 2007 555 2058 domo,
580 2014 676 2048 tres
703 2008 782 2048 alii
807 2008 855 2049 in
875 2009 1054 2061 primae
1084 2014 1290 2049 manent.
1320 2007 1393 2049 Ex
1427 2008 1483 2049 iis
1505 2009 1717 2050 nonnulli
1747 2010 1795 2049 in

150 2076 404 2119 ‘Societatis
419 2078 655 2130 Collegiis,
672 2078 855 2120 Eborae
873 2091 928 2120 ac
946 2079 1220 2131 Vlisiponae
1237 2079 1354 2130 sitiS,
1376 2079 1523 2120 literis
1540 2079 1793 2121 vacabant.

155 2148 315 2201 Neque
335 2155 513 2201 tamen,
536 2150 627 2190 nisi
646 2150 796 2202 prius,
821 2156 865 2191 et
891 2151 1087 2202 epistola
1115 2151 1257 2190 allata
1286 2157 1330 2191 et
1363 2162 1389 2191 a
1418 2150 1692 2202 parentibus
1715 2151 1796 2191 im-

153 2225 338 2272 petrata
359 2221 515 2272 copia,
539 2221 733 2261 admissi
761 2227 881 2262 sunt.
921 2221 1053 2273 Quae
1088 2221 1152 2261 illi
1173 2229 1271 2262 tam
1305 2221 1553 2272 diligenter
1577 2221 1792 2274 expedie-

151 2297 285 2343 runt,
309 2297 359 2332 ut
379 2292 587 2332 ardentis
605 2292 792 2333 Christo
809 2292 1044 2333 seruiendi
1064 2292 1284 2333 desiderii
1302 2293 1418 2333 satis
1440 2292 1632 2333 euidens
1655 2304 1790 2344 prae-

153 2363 339 2403 buerint
365 2363 700 2404 testimonium.

232 2433 304 2474 Ex
337 2434 410 2474 his
445 2434 635 2486 quidam
666 2445 772 2475 cum
804 2434 923 2486 Regi
956 2435 1228 2486 inseruiret,
1265 2434 1526 2476 faciliorem
1561 2447 1667 2476 eam
1687 2447 1791 2476 esse

152 2505 279 2545 viam
300 2506 510 2556 credens,
534 2512 583 2546 ut
604 2506 651 2546 in
671 2505 953 2547 Societatem
983 2507 1293 2558 reciperetur,
1318 2507 1358 2547 si
1386 2507 1434 2547 in
1460 2512 1622 2547 nostro
1646 2506 1793 2547 Colle·

143 2576 230 2627 gio
251 2575 519 2628 Olisiponae
540 2577 686 2617 literis
716 2588 910 2628 operam
942 2583 1160 2628 nauaret,
1200 2589 1428 2618 concessa
1460 2590 1486 2618 a
1517 2578 1791 2630 parentibus

149 2652 398 2700 Vtrumque
419 2647 621 2688 faciendi
641 2653 893 2699 potestate,
928 2648 1170 2688 literarum
1198 2647 1353 2689 studia
1388 2648 1436 2688 in
1453 2648 1619 2689 eodem
1642 2647 1794 2690 Colle-

147 2718 227 2768 gio
248 2730 343 2759 non
362 2719 507 2759 multo
524 2725 733 2770 tempore
755 2725 961 2759 sectatus
982 2725 1072 2770 est;
1097 2719 1262 2771 paucis
1283 2720 1406 2760 enim
1433 2726 1598 2772 postea
1627 2719 1791 2760 diebus

140 2789 423 2830 vexistimans
443 2791 595 2830 nullos
616 2802 676 2830 ex
697 2790 773 2841 iis,
797 2790 875 2841 qui
892 2790 939 2830 in
955 2789 1205 2831 Societatis
1223 2790 1447 2842 Collegiis
1464 2797 1789 2842 versarentur,

147 2859 271 2900 intra
292 2860 505 2902 eamdem
525 2860 810 2902 Societatem
830 2860 1034 2913 admitti,
1058 2873 1116 2902 ne
1137 2868 1234 2902 tam
1256 2861 1528 2903 ardentibus
1545 2861 1790 2903 desideriis

142 2941 176 2970 a
198 2932 446 2984 concupita
467 2944 517 2972 re
537 2932 819 2984 priuaretur,
843 2931 933 2972 huc
956 2943 1005 2972 se
1027 2931 1375 2974 Conimbricam
1397 2933 1456 2974 ad
1475 2944 1673 2985 operam
1689 2934 1790 2975 lite-
