2047 3179
933 119 1015 154 ΑΝ.
1048 118 1138 154 1554
1798 121 1868 157 143

225 223 323 257 tum
346 228 458 257 vero
479 227 565 256 nos
587 215 750 255 vocari
772 214 906 253 iussit
928 226 983 253 ac
1003 214 1140 264 pleno
1168 214 1404 252 intellectu
1436 214 1683 264 multisque
1716 215 1864 266 lacry-

226 288 314 328 mis
335 287 569 336 confessa,
598 297 780 326 necnon
816 290 1151 324 sacrosanctae
1172 283 1501 323 Eucharistiae
1523 284 1698 324 viatico
1721 287 1864 325 muni-

225 365 288 408 ta,
313 370 372 397 ex
395 358 465 397 his
486 357 687 398 miseriis
709 355 930 406 migrauit
953 355 1012 394 ad
1034 354 1302 394 Dominum.

308 428 358 468 In
377 428 683 468 concionibus
700 432 923 467 consueto
938 426 1072 476 (alias
1089 425 1277 476 saepius
1294 427 1499 467 seruato)
1519 425 1657 465 modo
1676 437 1867 476 progre-

228 500 366 539 ditur.
393 499 502 538 Post
524 499 814 547 concionem,
839 497 885 536 in
907 496 979 536 die
1000 496 1271 536 Natiuitatis
1301 496 1474 536 Beatae
1505 496 1681 536 Mariae
1713 496 1867 547 Virgi-

227 571 300 610 nis
322 570 544 619 habitam,
569 568 798 621 quaedam
818 569 970 619 virgo‚
996 578 1223 619 pomposa
1241 573 1285 607 et
1303 567 1562 607 saecularis
1581 567 1709 607 iuxta
1733 567 1870 607 huius

228 641 404 681 saeculi
438 642 722 691 prauitatem
756 646 801 680 et
830 639 1114 690 superbiam,
1149 644 1297 678 totam
1324 650 1458 678 suam
1489 649 1775 689 componens
1808 638 1869 677 vi-

228 719 338 762 tam,
363 718 645 763 compuncta
666 722 858 763 prorsus
880 709 939 749 ad
960 721 1032 749 me
1054 709 1196 759 venit,
1223 709 1379 749 omnia
1402 720 1486 748 sua
1509 709 1711 749 offerens
1737 721 1870 749 orna-

228 789 399 833 menta,
425 783 591 834 quibus
612 783 839 823 hactenus
861 780 1034 821 mundo
1056 781 1248 832 eiusque
1270 780 1452 832 pompis
1470 781 1656 832 placere
1678 781 1868 831 studuit,

229 866 445 895 asserens
467 866 516 894 se
538 854 738 906 amplius
759 854 880 893 nolle
898 852 1084 893 diabolo
1102 853 1186 892 sub
1204 852 1305 892 istis
1323 851 1574 902 figmentis,
1599 852 1681 892 sed
1699 851 1800 892 Deo
1825 852 1871 891 in

228 926 354 965 omni
381 925 640 965 humilitate
672 924 731 964 ad
758 930 956 964 mortem
985 935 1132 974 vsque
1162 924 1280 963 velle
1310 923 1525 963 militare.
1558 922 1651 962 Alii
1688 934 1872 974 quoque

228 997 441 1036 nonnulli
469 997 713 1047 Vtriusque
748 1007 889 1036 sexus
915 1006 975 1035 ex
1005 994 1261 1044 adulteriis,
1295 993 1699 1044 fornicationibus,
1735 994 1868 1044 odiis,

229 1067 457 1107 iniustitia
487 1068 684 1119 aliisque
705 1066 1038 1118 multiplicibus
1068 1071 1373 1117 peccatorum
1394 1065 1661 1116 generibus,
1687 1066 1869 1105 concio-

229 1150 341 1178 num
363 1138 801 1189 confessionumque
834 1137 999 1177 mediis
1032 1136 1238 1188 quotidie
1270 1136 1330 1176 ad
1360 1136 1549 1176 saniora
1573 1142 1870 1176 reuocantur.

310 1209 412 1249 Huc
430 1221 612 1261 quoque
631 1215 810 1260 spectat
827 1209 1010 1249 silentio
1024 1208 1213 1248 minime
1226 1207 1637 1259 praetereundum,
1659 1207 1872 1247 Rev.mum

230 1281 515 1332 Episcopum
542 1281 851 1321 Leodiensem
872 1279 897 1331 ¹,
917 1280 975 1319 ad
991 1279 1265 1319 instantiam
1282 1278 1340 1319 D.
1360 1278 1573 1329 Pictauii,
1593 1278 1874 1319 Cancellarii

228 1352 517 1401 Leodiensis,
550 1352 684 1392 nobis
715 1352 894 1391 litteras
926 1362 1010 1391 suo
1047 1351 1200 1402 sigillo
1231 1351 1436 1390 munitas
1474 1350 1672 1400 dedisse,
1706 1350 1875 1401 quibus

231 1423 476 1474 approbat,
496 1432 539 1463 et
562 1423 620 1463 ad
644 1423 955 1463 uniuersalem
977 1433 1061 1473 per
1080 1429 1226 1462 totam
1246 1433 1380 1461 suam
1401 1421 1652 1461 dioecesim
1670 1421 1874 1472 publica-

228 1495 416 1544 tionem,
439 1506 525 1534 nos
543 1500 587 1534 et
604 1494 761 1533 omnia
782 1499 943 1533 nostra
976 1493 1179 1533 admittit
1207 1493 1470 1544 priuilegia.
1496 1491 1621 1532 Idem
1642 1491 1873 1532 Dominus

230 1566 564 1615 Cancellarius,
578 1566 671 1605 iam
684 1566 860 1605 electus
881 1565 1140 1616 Episcopus
1158 1564 1439 1604 Morinensis
1460 1563 1489 1613 ⁶³,
1513 1564 1664 1615 primo
1683 1575 1867 1615 quoque

231 1644 440 1688 tempore
462 1637 540 1676 vbi
561 1636 864 1676 confirmatus
883 1636 1037 1686 fuerit,
1062 1635 1227 1676 Patres
1249 1647 1303 1675 ac
1322 1635 1514 1675 Fratres
1535 1634 1785 1675 Societatis
1808 1635 1866 1674 ad

232 1720 336 1748 eam
358 1708 600 1747 vocandos
624 1708 755 1757 dixit,
781 1719 898 1759 quos
928 1707 1071 1747 tantis
1106 1707 1303 1747 intendit
1339 1707 1502 1747 dotare
1537 1706 1797 1746 honoribus
1829 1712 1872 1746 et

233 1779 485 1829 beneficiis,
505 1785 555 1818 vt
573 1780 630 1818 ab
649 1779 750 1830 ipso
767 1779 866 1818 solo
885 1778 1026 1818 totius
1046 1778 1182 1818 huius
1203 1778 1443 1818 Inferioris
1464 1778 1748 1818 Germaniae
1770 1778 1875 1829 Epi-

238 1850 368 1901 scopi
391 1851 655 1901 exemplum
678 1850 737 1889 ad
759 1849 921 1889 eadem
942 1834 1157 1889 facienda
1180 1861 1363 1889 sumere
1386 1855 1620 1900 poterunt.

318 1920 648 1972 Superioribus
669 1920 830 1960 diebus
852 1920 1012 1961 Patres
1039 1921 1189 1960 nostri
1218 1933 1244 1961 a
1271 1920 1565 1961 Cancellario
1601 1920 1614 1939 ³
1637 1926 1681 1961 et
1703 1920 1762 1960 D.
1787 1920 1877 1959 Hc-

236 1993 307 2033 zio
329 1991 343 2011 ⁴
360 1992 582 2032 Leodium
602 1991 773 2041 vocati,
797 1991 951 2042 gratia
972 1991 1214 2043 praefatae
1231 1992 1601 2032 confirmationis
1620 1992 1878 2043 suscipien-

236 2065 339 2115 dae,
364 2064 520 2115 plures
548 2063 638 2103 illis
665 2063 928 2103 obtulerunt
955 2063 1119 2103 domos
1140 2075 1246 2103 cum
1276 2063 1423 2103 hortis
1447 2063 1621 2103 eisdem
1644 2063 1894 2103 adiunctis.

236 2147 323 2187 pro
346 2135 544 2186 collegio
576 2134 746 2174 ibidem
774 2134 1048 2175 extruendo.
1073 2134 1237 2174 Patres
1258 2146 1371 2174 vero
1400 2135 1445 2174 in
1474 2145 1737 2186 congruum
1767 2141 1879 2174 tem—

235 2218 322 2257 pus
343 2217 506 2246 eorum
528 2211 639 2245 vota
671 2205 956 2256 disponenda
987 2212 1310 2257 seposuerunt,
1343 2205 1682 2257 respondentes
1704 2206 1764 2246 ad
1786 2206 1878 2245 col-

236 2277 411 2328 legium
447 2275 756 2316 extruendum
787 2277 927 2316 aedes
956 2283 1001 2317 et
1031 2277 1191 2316 hortos
1234 2289 1326 2317 non
1355 2276 1581 2326 sufficere,
1619 2276 1700 2317 sed
1732 2277 1875 2317 etiam

235 2348 446 2388 redditus
466 2348 650 2399 aliaque
673 2347 732 2387 ad
754 2348 841 2387 hoc
863 2348 1035 2400 requiri
1057 2348 1341 2398 necessaria;
1365 2360 1450 2388 nec
1482 2348 1750 2388 dubitamus
1774 2349 1878 2387 illos

236 2419 365 2470 pium
387 2425 666 2470 conceptum
689 2430 835 2470 vsque
856 2418 915 2459 ad
943 2419 1395 2459 consummationem
1426 2426 1744 2471 promoturos,
1769 2431 1879 2471 quo-

236 2502 342 2531 rum
363 2496 559 2530 conatus
581 2489 812 2530 Dominus
842 2490 901 2530 ad
930 2491 1131 2541 gloriam
1162 2497 1206 2530 et
1234 2491 1460 2531 honorem
1483 2502 1617 2531 suum
1654 2491 1880 2543 perficere

237 2562 471 2613 dignetur,
495 2572 673 2613 nosque
701 2561 845 2601 fortes
875 2566 919 2601 et
948 2562 1131 2602 alacres
1162 2562 1222 2601 ad
1253 2561 1499 2602 colendam
1529 2573 1663 2602 suam
1685 2562 1876 2602 vineam

297 2747 306 2767 ¹
348 2746 517 2780 Georgius
533 2747 573 2773 ab
591 2746 744 2772 Austria.

292 2795 305 2812 ”-’
343 2793 533 2821 Gulielmus
555 2794 593 2820 de
616 2793 784 2827 pictavia,
807 2792 846 2820 de
862 2801 926 2827 quo
948 2793 1024 2820 vide
1049 2802 1164 2828 supra.
1191 2799 1214 2822 t.
1235 2801 1269 2828 11,
1286 2801 1362 2828 pag.
1390 2793 1452 2824 262).
1479 2798 1596 2822 annot.
1620 2794 1647 2828 Δ;
1671 2799 1703 2822 et
1722 2802 1799 2829 pag.
1818 2794 1884 2826 263„

239 2845 355 2869 annot.
375 2843 400 2868 1.

295 2889 308 2907 Γ·
346 2888 526 2922 Gulielmo,
544 2889 584 2915 de
596 2896 660 2923 quo
675 2895 785 2916 sermo
802 2892 854 2915 est
869 2888 900 2916 in
917 2889 1137 2923 praecedenti
1155 2889 1390 2917 annotatione.

295 2938 307 2956 4
346 2936 559 2963 Theodorico
574 2935 685 2962 Hezio,
