2047 3179
598 29 818 72 BOS'TOE
847 31 1110 79 chum
1137 24 1398 74 uuum

663 111 967 151 offane-1¹23?
1000 111 1146 158 lumi,
1179 112 1332 149 miss.

941 214 1022 251 ΑΝ.
1058 215 1148 251 1554
1814 221 1861 256 27

221 310 346 362 apud
369 322 475 351 eum
496 310 749 351 effecerunt
775 317 823 350 ut
846 311 943 362 ipse
974 310 1095 350 illius
1124 311 1431 351 restitutionis
1453 318 1617 352 auctor
1639 324 1741 353 esse
1766 317 1858 354 vel-

221 382 296 421 let.
333 380 407 422 Ad
435 382 551 422 haec
578 382 700 422 idem
727 387 860 433 pater
892 381 1012 421 inter
1039 381 1171 432 duos,
1202 382 1280 434 qui
1312 393 1414 422 sese
1443 383 1599 423 multis
1629 385 1764 424 annis
1801 386 1854 425 si-

220 453 490 493 multatibus
510 453 682 494 mutuis
703 464 757 493 ac
779 453 1159 504 pestilentissimo
1182 453 1288 493 odio
1309 460 1635 505 exercuerant,
1661 456 1855 496 multam

219 522 378 563 diuino
401 525 577 565 auxilio
603 536 767 576 pacem
799 525 1077 575 composuit:
1108 530 1246 576 atque
1274 525 1464 565 eosdem
1495 525 1550 565 de
1578 527 1786 576 peccatis
1810 528 1854 566 in

218 593 512 636 confessione
534 596 726 636 audiuit.

298 664 443 706 Paulo
478 679 592 708 vero
626 672 731 719 post
764 666 1139 708 Resurrectionis
1174 667 1351 719 pascha
1384 667 1475 717 (res
1504 667 1664 708 auditu
1692 668 1850 719 digna)

218 734 493 777 adolescens
515 738 700 790 quidam
722 737 942 790 Judaeus,
966 738 1119 790 patria
1152 737 1382 789 Regensis
1409 738 1532 788 (sic),
1567 750 1660 778 non
1695 750 1852 790 asper-

215 806 396 846 nendae
425 807 607 859 indolis,
639 820 787 849 annos
817 815 956 849 natus
983 809 1074 849 duo
1106 815 1148 849 et
1180 809 1362 861 viginti,
1388 810 1462 849 cui
1489 809 1719 850 Dominus
1743 816 1850 850 ante

214 876 453 918 biennium
486 879 533 919 in
564 879 769 920 animum
797 879 1046 920 induxerat
1077 885 1128 919 vt
1155 880 1440 920 christianus
1461 879 1608 930 fieret,
1633 881 1850 932 quamuis

212 947 493 990 daemonum
527 962 582 990 ac
618 956 864 1003 parentum
894 951 1066 991 astutia
1095 950 1310 991 effectum
1332 951 1390 991 sit
1417 957 1467 991 vt
1501 952 1548 991 in
1582 952 1672 991 hoc
1700 963 1849 1003 vsque

211 1025 395 1070 tempus
411 1022 510 1060 eius
526 1023 653 1062 salus
671 1021 1014 1073 quodammodo
1036 1022 1405 1073 protraheretur,
1428 1033 1589 1062 amore
1612 1028 1766 1062 tamen
1793 1034 1849 1062 ac

211 1101 383 1141 magno
405 1091 580 1132 Christi
600 1093 710 1145 Jesu
732 1092 978 1144 desyderio
1000 1094 1282 1144 compulsus,
1308 1093 1471 1133 relicta
1492 1093 1660 1144 patria,
1684 1105 1850 1145 paren-

212 1160 350 1212 tibus,
375 1163 538 1203 amicis
560 1163 785 1216 bonisque
815 1163 1027 1213 terrenis,
1049 1164 1217 1215 quibus
1238 1164 1362 1204 haud
1383 1164 1681 1204 mediocriter
1704 1165 1847 1204 abun-

210 1231 367 1284 dabat,
397 1245 446 1274 se
475 1234 534 1274 ad
561 1234 688 1275 vrbis
721 1235 858 1275 huius
886 1235 1117 1275 vicarium
1144 1236 1353 1276 contulit:
1390 1235 1627 1275 humiliter
1653 1247 1845 1276 sacrum

210 1303 442 1356 baptisma
464 1306 642 1357 petiuit,
667 1307 927 1358 missusque
957 1307 1015 1347 ad
1045 1313 1227 1358 patrem
1253 1312 1480 1347 nostrum.
1505 1312 1644 1358 atque
1679 1307 1721 1347 ei
1750 1308 1846 1358 plu-

209 1374 379 1415 rimum
402 1376 458 1416 ab
480 1377 581 1428 ipso
603 1377 783 1417 vicario
804 1377 1171 1426 commendatus,
1192 1377 1396 1418 officiose
1419 1376 1497 1430 [in]
1521 1378 1660 1418 domo
1680 1385 1842 1419 nostra

209 1444 293 1485 fuit
315 1453 552 1498 exceptus,
573 1454 617 1488 et
633 1447 795 1489 tandiu
812 1448 936 1500 apud
953 1460 1037 1488 nos
1054 1449 1164 1499 egit,
1185 1448 1332 1489 donec
1350 1449 1437 1499 his,
1462 1461 1581 1501 quae
1604 1450 1663 1490 ad
1685 1450 1843 1490 catho-

209 1516 347 1557 licam
370 1518 645 1569 religionem
673 1525 901 1571 spectant,
932 1520 1103 1571 optime
1126 1526 1249 1560 esset
1271 1520 1478 1560 edoctus.
1503 1519 1696 1572 Juuenis
1726 1533 1840 1561 vcro

208 1588 306 1639 ipse
342 1599 397 1627 ea
432 1589 725 1640 baptismatis
751 1590 922 1642 gratia,
955 1602 1095 1641 quam
1130 1591 1381 1631 clementer
1416 1597 1703 1643 susceperat,
1743 1598 1841 1632 tam

205 1659 398 1710 egregie
420 1666 489 1699 est
510 1660 738 1701 hactenus
755 1673 882 1712 vsus,
907 1668 958 1702 vt
980 1673 1120 1713 quarn
1141 1662 1517 1713 expectationem
1540 1662 1596 1702 de
1618 1674 1667 1702 se
1685 1663 1839 1703 conci-

205 1722 404 1781 tauerat,
435 1731 556 1771 hanc
585 1731 796 1772 eamdem
822 1732 959 1773 facile
987 1733 1215 1773 sustineat
1243 1745 1298 1773 ac
1326 1739 1527 1784 tueatur,
1559 1739 1608 1774 vt
1639 1734 1732 1774 iam
1762 1734 1839 1774 ad-

205 1800 442 1842 mirationi
470 1803 529 1842 sit
562 1803 789 1854 plurimis.
819 1803 971 1844 Tanta
1008 1816 1122 1844 vero
1151 1816 1322 1856 pompa
1362 1810 1459 1844 tum
1495 1805 1838 1845 ecclesiastico-

202 1883 306 1912 rum
337 1878 436 1913 tum
463 1873 603 1914 etiam
629 1874 855 1915 laicorum
876 1875 962 1915 fuit
992 1875 1049 1915 ad
1079 1887 1267 1917 sacrum
1288 1876 1463 1916 fontem
1484 1876 1531 1916 in
1553 1876 1704 1917 medio
1726 1876 1834 1916 duo-

204 1955 306 1983 rum
328 1956 386 1984 ex
407 1945 580 1984 nostris
601 1946 811 1996 patribus
832 1946 1073 1995 deductus,
1101 1953 1323 1998 tantaque
1346 1948 1553 1987 omnium
1576 1948 1835 1988 cuiuscum-

204 2026 292 2066 que
315 2016 597 2056 conditionis
618 2017 856 2057 hominum
874 2019 1193 2068 gratulatione
1210 2025 1254 2058 et
1272 2020 1501 2070 applausu
1524 2019 1622 2059 eius
1643 2030 1833 2070 regene-

203 2086 400 2127 rationis
421 2087 519 2127 dies
549 2088 745 2128 celebris
771 2088 938 2139 extitit,
969 2095 1019 2128 vt
1040 2090 1166 2129 nulla
1188 2101 1395 2141 vnquam
1416 2090 1462 2129 in
1485 2090 1599 2130 vrbe
1621 2090 1834 2130 Bononia

200 2158 301 2198 eius
321 2159 595 2199 memoriam
623 2159 776 2199 delere
803 2160 949 2212 possit
979 2161 1165 2201 obliuio.
1197 2160 1331 2212 Quod
1362 2168 1517 2201 autem
1546 2162 1592 2201 in
1619 2162 1708 2202 hoc
1736 2170 1834 2203 tam

201 2229 430 2280 singulari
459 2230 646 2281 negotio
674 2229 891 2271 Patribus
918 2232 1092 2271 nostris
1122 2232 1363 2283 magistris
1395 2245 1451 2272 ac
1473 2233 1670 2272 ducibus
1690 2233 1832 2274 suerit

199 2311 327 2349 vsus,
365 2301 446 2341 vix
476 2308 576 2341 erat
611 2313 731 2341 vnus
760 2303 838 2353 qui
866 2314 959 2343 non
992 2303 1034 2343 ei
1064 2303 1313 2354 plurimum
1342 2305 1682 2354 gratularetur.
1712 2304 1832 2345 Cum

200 2383 313 2411 vero
335 2371 456 2412 R.clus
486 2378 645 2412 noster
665 2379 800 2424 pater
815 2374 1030 2414 iuuenem
1047 2375 1171 2414 hunc
1190 2375 1282 2414 iam
1299 2386 1410 2415 vere
1426 2375 1711 2416 catholicum
1733 2388 1830 2416 non

198 2443 375 2495 absque
397 2443 556 2484 diuino
579 2444 771 2484 consilio
793 2445 852 2485 ad
879 2445 1098 2497 oppidum
1122 2457 1284 2497 vsque,
1309 2446 1432 2498 quod
1454 2445 1613 2486 Sancti
1633 2447 1830 2500 Joannis

198 2514 381 2564 dicitur,
412 2514 490 2554 vbi
518 2515 647 2565 prius
668 2515 966 2556 habitauerat
992 2528 1085 2556 non
1107 2517 1244 2567 longe
1267 2517 1324 2557 ab
1346 2517 1435 2557 hac
1457 2518 1663 2567 ciuitate,
1688 2518 1829 2558 comi-

196 2590 390 2636 taretur,
414 2597 440 2624 a
463 2592 559 2625 toto
581 2586 706 2625 clero
724 2598 779 2626 ac
800 2587 1045 2638 oppidanis
1066 2588 1279 2628 omnibus
1297 2600 1403 2628 cum
1424 2599 1597 2640 magno
1620 2589 1829 2630 omniurn

196 2656 425 2707 applausu
461 2661 601 2708 atque
635 2656 864 2707 spirituali
897 2657 1184 2699 iucunditate
1218 2671 1312 2699 vna
1347 2670 1452 2699 cum
1487 2671 1570 2699 suo
1606 2659 1828 2700 filiolo-in

195 2738 428 2767 summum
463 2727 670 2767 eiusdem
697 2728 854 2779 oppidi
880 2730 1103 2780 templum
1129 2729 1356 2771 deductus
1383 2737 1467 2781 est,
1497 2731 1575 2771 vbi
1604 2742 1709 2771 cum
1737 2731 1827 2783 piis

196 2798 404 2838 omnium
413 2798 534 2838 votis
547 2810 603 2838 ac
624 2798 840 2850 precibus
856 2799 1085 2841 obsistere
1101 2801 1351 2852 nequisset,
1370 2802 1659 2852 benignitate
1681 2803 1826 2842 omni-

193 2869 396 2920 potentis
435 2869 523 2910 Dei
559 2869 772 2910 effectum
801 2877 871 2910 est
905 2876 956 2911 vt
995 2883 1089 2911 non
1116 2883 1266 2923 paruo
1308 2884 1413 2912 cum
1452 2872 1607 2914 fructu
1641 2874 1824 2914 concio-

194 2951 300 2980 nem
321 2940 549 2981 habuerit.
574 2940 692 2981 Nam
720 2947 1049 2993 praeterquam
1077 2943 1200 2994 quod
1227 2944 1384 2994 gladio
1412 2944 1488 2984 illo
1511 2945 1658 2997 ignito
1681 2944 1823 2996 Spiri-

192 3016 267 3050 tus
287 3009 447 3052 Sancti
481 3024 536 3052 ac
557 3012 689 3052 verbi
723 3010 811 3052 Dei
838 3007 1094 3063 permultos
1120 3013 1167 3053 in
1197 3026 1370 3055 nouum
1405 3027 1460 3056 ac
1482 3022 1675 3056 sanctae
1696 3017 1824 3057 vitae
