2104 3189
922 126 1007 171 AN.
1038 126 1130 162 1554
1826 125 1849 161 7

200 224 404 277 pradicti
423 227 672 273 venerunt,
697 234 756 262 ex
777 221 946 274 quibus
963 220 1102 262 Pater
1122 221 1160 262 F
1164 222 1409 262 ranciscus
1426 221 1568 261 totius
1584 220 1842 271 Hispaniae

205 296 252 336 in
273 294 667 345 commissarium,
691 304 748 334 ac
769 292 991 344 deinceps
1013 291 1196 333 Doctor
1217 291 1376 333 Araoz
1393 290 1646 341 Castellae,
1666 290 1845 331 Doctor

204 366 376 407 Torres
411 365 650 416 Baeticae,
687 362 916 416 Magister
948 362 1120 404 Strada
1151 362 1456 414 Aragonibus
1477 394 1485 413 ,
1524 361 1573 402 in
1607 362 1844 413 praeposi-

205 443 276 477 tos
323 442 430 477 sunt
474 435 719 489 praefiniti.
767 434 923 475 Etiam
965 433 1126 475 habita
1176 433 1568 485 congregatione,
1609 430 1844 473 Constitu-

205 508 377 558 tioneS,
401 507 610 559 Regulae
632 514 774 558 atque
795 504 946 546 officia
969 511 1142 546 cuncta
1159 504 1398 556 patefacta
1419 502 1622 553 fuerunt,
1659 502 1716 543 de
1743 503 1839 553 qui-

205 579 291 618 bus
312 590 452 630 supra
475 577 664 619 modum
684 576 960 617 Paracletus
983 577 1163 616 solatus
1185 581 1255 616 est
1276 586 1362 616 nos
1387 573 1413 615 ¹.

282 648 573 690 Adolescens
588 648 835 701 quispiam,
857 647 1001 699 probe
1019 647 1259 687 intellectu
1274 646 1529 698 praeditus,
1546 644 1717 685 abhinc
1730 655 1844 695 pau-

205 721 271 760 cis
293 720 454 761 diebus
475 720 561 761 fuit
578 719 703 761 domi
724 725 938 769 nostrae,
963 718 1044 770 qui
1072 718 1157 758 sub
1187 717 1583 758 carthusiensium
1611 714 1841 766 Regulam

204 791 304 831 fore
320 803 369 831 se
390 791 709 843 recipiendum
726 801 899 842 operae
916 790 1122 841 pretium
1143 789 1289 829 duxit.
1315 787 1449 829 Alius
1465 798 1581 828 vero
1604 786 1844 827 exercitiis

204 861 357 902 adhuc
379 868 534 903 vacat:
557 862 595 903 is
615 861 799 913 ingredi
816 859 1106 901 Societatem
1122 859 1347 910 decreuit,
1367 859 1447 911 qui
1462 858 1706 909 utriusque
1724 855 1843 907 juris

204 933 430 984 facultati,
454 932 682 974 Pontificii
702 932 881 973 scilicet
903 938 947 972 et
977 931 1220 982 Caesarei,
1252 942 1445 982 operam
1472 929 1680 970 dederat.

282 1003 334 1044 In
355 1004 569 1045 omnibus
589 1010 633 1045 et
653 1015 736 1056 per
758 1004 915 1044 omnia
943 1002 1160 1043 laudetur
1187 1008 1232 1043 et
1258 1001 1546 1053 glorificetur
1573 999 1717 1040 totius
1734 998 1843 1038 boni

203 1075 309 1115 fons
331 1081 471 1127 atque
492 1075 640 1126 origo,
665 1074 881 1116 Christus
897 1074 1033 1128 Jesus
1051 1073 1283 1114 Dominus
1301 1079 1346 1113 et
1362 1071 1646 1123 Redemptor
1663 1075 1839 1119 noster,

204 1157 342 1197 quem
363 1147 559 1198 supplex
579 1145 805 1198 deprecor
826 1151 876 1186 vt
904 1144 1243 1186 paternitatem
1270 1150 1401 1184 tuam
1427 1142 1560 1183 nobis
1588 1141 1664 1182 diu
1686 1146 1842 1181 seruet

205 1217 484 1258 incolumem
506 1218 689 1269 tuisque
710 1217 925 1258 omnibus
952 1216 1161 1256 consiliis
1193 1221 1332 1267 atque
1363 1213 1609 1255 conatibus
1639 1211 1841 1264 Spiritus

208 1286 368 1328 Sancti
385 1289 540 1339 gratia
556 1294 601 1329 et
616 1288 776 1329 fauore
788 1299 974 1340 semper
992 1288 1197 1328 assistat.
1219 1287 1271 1327 In
1284 1286 1553 1337 sanctisque
1572 1285 1682 1324 item
1699 1283 1841 1323 sacri·

206 1359 325 1399 ficiis
346 1360 526 1412 piisque
549 1359 837 1401 orationibus
857 1359 1160 1400 Paternitatis
1177 1365 1286 1398 tuae
1308 1357 1607 1408 omniumque
1625 1354 1842 1396 charissi-

207 1440 390 1470 morum
411 1430 601 1471 Patrum
624 1442 680 1472 ac
700 1430 938 1481 Fratrum,
962 1430 1039 1482 qui
1056 1430 1193 1470 isthic
1215 1434 1377 1480 agunt,
1394 1437 1698 1478 summopere
1719 1425 1842 1476 cupi-

208 1512 310 1541 mus
332 1502 665 1553 commendari,
684 1509 734 1542 vt
751 1501 882 1553 digni
899 1501 1157 1542 efficiamur
1178 1501 1258 1552 qui
1278 1509 1526 1551 supremae
1543 1496 1843 1538 beatitudinis

206 1572 438 1623 promissa
460 1585 653 1614 munera
675 1574 885 1614 obtinere
907 1584 1185 1614 mereamur.

285 1642 587 1696 Methymnae
608 1644 771 1697 Campi
792 1645 942 1698 pridie
970 1643 1211 1685 Kalendas
1233 1643 1404 1685 Iunias.

285 1714 458 1756 Rector
479 1715 617 1756 Pater
638 1715 896 1767 Seuillano,
922 1715 1047 1768 quod
1069 1715 1274 1756 Abulam
1293 1725 1462 1755 versus
1493 1714 1582 1753 iter
1604 1711 1839 1760 habuerit,

208 1797 235 1826 a
256 1786 528 1838 Methymna
551 1788 696 1828 abest.

287 1857 337 1899 P.
360 1863 467 1899 tuae
489 1859 708 1900 minimus
729 1865 773 1900 et
789 1859 1010 1911 indignus
1032 1859 1168 1910 filius,

1117 2002 1348 2055 JOSEPHUS
1377 2013 1439 2041 DE
1470 1999 1673 2041 AcosTA.

261 2137 270 2157 ¹
311 2137 398 2165 Hinc
415 2138 593 2165 evidenter
607 2139 750 2173 eruitur,
765 2139 818 2166 sin
834 2140 945 2167 minus
962 2140 1101 2167 initium
1118 2144 1152 2167 et
1167 2139 1304 2167 duratio
1318 2139 1450 2174 primae
1467 2137 1755 2172 Congregationis
1768 2136 1848 2164 Pro-

207 2185 366 2213 vincialis
381 2184 414 2212 S.
427 2185 453 2219 J.
466 2185 498 2213 in
512 2185 691 2220 Hispania,
706 2188 831 2215 saltem
842 2187 989 2222 mensis,
1006 2187 1039 2215 in
1056 2195 1120 2222 quo
1138 2187 1314 2214 celebrata
1330 2186 1404 2220 fuit,
1422 2186 1508 2221 quod
1524 2185 1659 2220 quidem
1673 2184 1846 2219 hucusque

206 2231 378 2259 historicis
393 2232 506 2260 fuerat
521 2233 685 2267 ignotum.
699 2233 788 2261 Vide
806 2233 932 2261 Cartas
945 2234 988 2261 de
1005 2234 1078 2261 San
1094 2234 1251 2268 Ignacz'o,
1266 2238 1294 2262 t.
1313 2241 1359 2268 1v,
1376 2240 1457 2268 pag.
1477 2232 1518 2267 10,
1535 2235 1651 2260 annot.
1666 2231 1692 2265 2,
1705 2232 1763 2259 ubi
1779 2231 1848 2258 edi-

207 2283 310 2312 tores,
324 2280 558 2315 conjectando,
574 2281 683 2308 minus
698 2288 718 2309 a
730 2282 882 2310 veritate
899 2283 1108 2310 aberrarunt
1124 2289 1226 2316 quam
1242 2281 1365 2309 harum
1379 2288 1495 2308 rerum
1509 2280 1708 2314 scriptores,
1722 2280 1777 2314 qui
1790 2286 1847 2306 eos

208 2334 442 2361 praecessere.

261 2374 378 2402 Etiam
393 2382 435 2402 ex
450 2375 588 2409 litteris,
604 2376 751 2404 nondum
764 2378 797 2404 in
807 2378 917 2406 lucem
927 2378 1042 2410 editis,
1057 2385 1077 2405 a
1089 2377 1125 2404 P.
1139 2377 1258 2404 Natali
1271 2376 1426 2404 exaratis
1437 2379 1471 2403 et
1482 2375 1688 2403 Vallisoleto
1701 2373 1844 2401 Romam

207 2422 250 2450 ad
265 2422 302 2449 P.
317 2422 356 2449 N.
369 2422 543 2457 Ignatium
557 2423 677 2457 missis,
692 2425 779 2452 satis
794 2427 889 2453 clare
905 2425 1086 2453 deducitur
1101 2425 1136 2452 in
1152 2432 1266 2452 mense
1279 2424 1392 2459 Aprili
1408 2423 1565 2451 habitam
1580 2422 1682 2450 fuisse
1696 2420 1846 2455 Congre-

207 2470 391 2504 gationem.
407 2470 468 2499 Ait
483 2478 564 2506 ergo
580 2471 730 2501 Natalis.
748 2472 819 2500 “Yo
834 2475 926 2507 parti
944 2474 983 2500 de
1000 2475 1078 2508 aqui
1094 2473 1320 2506 (Vallisoleto
1342 2472 1474 2505 nempe)
1490 2477 1568 2498 creo
1585 2472 1605 2497 a
1618 2469 1653 2497 20
1673 2469 1714 2496 de
1730 2468 1844 2501 Marco

208 2525 293 2553 para
307 2518 524 2549 salamanca.
538 2527 560 2555 y
575 2519 653 2547 vine
666 2522 686 2547 a
701 2519 846 2555 Medina,
862 2521 1023 2556 publique
1040 2522 1091 2548 las
1107 2520 1385 2553 constitucioneS,
1402 2519 1435 2546 di
1450 2518 1578 2553 Reglas
1591 2539 1597 2553 ,
1612 2526 1634 2554 y
1648 2517 1773 2545 ordene
1795 2517 1845 2544 los

210 2566 372 2601 collegios
387 2574 427 2594 en
442 2567 521 2595 todo
536 2567 568 2594 lo
584 2575 647 2602 que
661 2576 714 2596 me
730 2569 868 2604 parecio
884 2569 1080 2597 necessario
1096 2577 1118 2605 y
1132 2569 1198 2596 vtil
1213 2575 1255 2595 en
1269 2569 1300 2595 el
1316 2567 1422 2595 Sefior
1436 2570 1593 2600 nuestro,
1610 2574 1630 2602 y
1646 2572 1688 2592 en
1710 2564 1845 2592 Medina

208 2613 408 2642 hallandose
424 2615 455 2642 el
469 2614 529 2642 P.e
546 2614 741 2649 Francisco‚
757 2617 788 2644 el
802 2616 866 2644 Dr.
888 2618 1015 2651 Araoz,
1033 2618 1063 2644 el
1079 2616 1140 2644 Dr.
1154 2616 1292 2649 Torres,
1308 2616 1339 2643 el
1355 2614 1421 2643 Μ.ο
1440 2614 1611 2650 Strada,y
1623 2614 1654 2641 el
1665 2613 1719 2640 P.e
1736 2613 1846 2640 Villa-

209 2668 320 2689 nueua
333 2670 355 2698 y
370 2662 413 2697 io,
427 2670 462 2690 se
478 2663 553 2690 hizo
567 2664 597 2690 la
614 2664 786 2698 particion
801 2665 905 2693 delas
920 2665 1128 2700 prouincias,
1144 2672 1166 2700 y
1177 2665 1375 2699 pusieronse
1387 2664 1437 2691 los
1448 2662 1679 2697 prouinciales
1692 2669 1715 2697 y
1727 2661 1844 2688 comis-

207 2708 308 2736 sario.
325 2709 368 2736 El
382 2709 446 2738 Dr.
464 2710 578 2739 Araoz
595 2719 636 2738 en
651 2711 797 2741 Castilla
813 2721 834 2747 y
850 2712 969 2748 Reyno
985 2713 1024 2740 de
1040 2712 1179 2746 Toledo,
1195 2713 1226 2739 el
1239 2711 1298 2739 Dr.
1312 2711 1437 2739 Torres
1454 2718 1491 2737 en
1507 2709 1699 2737 Andaluzia
1712 2717 1735 2744 y
1750 2707 1844 2735 Stre-

209 2756 364 2791 madura,
378 2759 410 2786 el
423 2758 491 2787 Μ.ο
509 2760 637 2789 strada
650 2768 736 2796 para
752 2761 907 2795 Aragon,
923 2760 1093 2790 Valencia
1105 2769 1127 2796 y
1144 2760 1325 2792 Catalufia‚
1341 2767 1363 2795 y
1379 2759 1409 2786 el
1424 2759 1478 2786 Re
1495 2757 1555 2785 Μ.ο
1572 2756 1681 2784 Miron
1695 2756 1843 2791 quedam-

206 2811 289 2839 dose
303 2818 389 2847 para
405 2811 535 2838 acabar
550 2817 588 2837 su
603 2808 760 2843 triennio;
777 2817 799 2844 y
814 2809 845 2836 el
860 2808 915 2835 P.e
934 2807 1120 2836 Francisco
1136 2809 1237 2835 sobre
1253 2807 1350 2834 todos
1366 2827 1380 2840 „

258 2858 332 2886 Hae
347 2865 430 2885 vero
446 2858 584 2885 litterae
601 2864 666 2884 non
681 2855 900 2892 Methymnae
915 2857 975 2884 sed
989 2856 1187 2884 Vallisoleti
1202 2862 1262 2883 x1v
1278 2854 1357 2890 Maji
1379 2853 1445 2881 1554
1460 2853 1596 2880 fuerunt
1612 2856 1791 2885 exaratae,
1807 2856 1841 2878 et

205 2906 322 2934 inillis
336 2905 376 2933 de
391 2905 538 2933 diversis
560 2906 671 2938 rebuS,
693 2908 770 2939 post
794 2904 1106 2938 Congregationem
1127 2903 1280 2938 peractis
1301 2901 1338 2930 fit
1359 2908 1488 2929 sermo:
1511 2901 1648 2929 fuerunt
1669 2907 1753 2935 ergo
1776 2907 1842 2927 non

204 2953 323 2988 paucis
336 2958 412 2988 post
428 2953 739 2988 Congregationem
754 2953 871 2980 diebus
885 2952 1049 2987 scriptae.
