2047 3179
863 136 896 172 A
909 146 933 172 Ν
939 163 946 170 .
983 136 1074 171 1555
1717 137 1789 172 660-

157 234 247 273 hoc
275 234 570 274 sanctissimo
590 232 793 284 jubilaeo
824 243 915 271 non
944 231 1097 270 minus
1126 242 1309 281 quoque
1338 231 1511 270 laboris
1542 232 1599 271 ab
1622 232 1783 272 eodem

156 311 423 356 susceptum
445 316 546 344 esse
564 304 687 344 scias
710 304 764 354 (si
786 309 941 343 tamen
963 302 1094 341 labor
1116 301 1154 340 is
1177 308 1244 340 est
1267 301 1504 350 dicendus,
1538 302 1582 342 in
1612 315 1701 354 quo
1724 304 1784 343 di-

157 375 293 415 uinae
322 375 581 415 Maiestatis
602 386 769 414 nomen
801 372 1050 421 extollitur,
1086 378 1131 411 et
1158 383 1252 411 non
1272 372 1427 422 potius
1456 384 1636 412 summa
1659 375 1785 414 volu-

155 448 291 497 ptas),
321 447 359 486 si
381 446 581 497 quidem,
607 445 863 486 accersitus
886 457 912 484 a
943 443 1124 483 filiabus
1152 442 1310 491 Ducis,
1345 455 1505 482 earum
1534 444 1785 485 confessio-

154 528 260 556 nem
283 517 460 557 audiuit
483 523 621 568 atque
643 516 832 563 eisdem,
857 520 900 554 et
921 514 1055 554 fratri
1078 513 1280 553 Domino
1305 512 1515 564 Aloysio,
1542 515 1784 566 sororique

152 587 284 627 Illmi.
310 587 470 637 Ducis,
503 600 557 628 ac
585 586 863 639 quibusdam
893 584 1161 625 domesticis
1183 584 1468 624 mulierculis
1497 592 1683 635 postero
1713 587 1785 626 die

153 659 500 698 sanctissimum
528 664 874 698 sacramentum
902 655 1201 705 ministrauit3
1226 666 1422 706 cumque
1450 657 1674 706 temporis
1706 669 1782 697 an-

151 729 336 779 gustiae
365 730 636 769 concionem
663 740 756 768 non
786 733 1073 786 paterentur,
1106 737 1224 776 eam,
1249 737 1390 777 quam
1421 726 1682 766 habendam
1708 739 1785 778 pa-

150 806 341 840 rauerat
369 799 521 849 Pater,
552 800 597 839 in
629 799 675 839 19
702 799 868 839 horam
896 797 1087 838 distulit:
1122 808 1215 836 non
1244 803 1401 836 tamen
1432 803 1588 837 tacere
1618 799 1784 848 potuit,

151 871 233 911 sed
254 882 404 922 pauca
422 870 477 910 de
496 869 801 910 Sanctissimo
819 868 1124 910 Sacramento
1143 867 1398 919 praemisit,
1418 868 1533 908 hora
1551 875 1708 909 autem
1727 870 1784 910 de

151 953 242 993 qua
276 947 595 981 conuenerant
623 941 836 992 proxima
868 940 927 980 ad
954 939 1269 979 nobilissimas
1298 939 1517 979 mulieres
1546 939 1686 980 uenit.
1722 941 1784 981 At

152 1012 280 1052 dices
311 1013 420 1064 quo?
451 1012 591 1064 Apud
626 1012 963 1052 monasterium
993 1010 1319 1061 religiosarum
1349 1011 1674 1061 quarumdam,
1708 1012 1784 1051 ubi

153 1090 338 1124 centum
361 1090 404 1123 et
426 1084 583 1123 nescio
605 1083 748 1123 etiam
769 1085 807 1122 si
828 1083 985 1133 plures
1007 1081 1316 1121 communiter
1333 1081 1510 1131 uiuunt,
1529 1081 1650 1122 inter
1667 1094 1786 1134 quas

150 1166 285 1194 soror
312 1154 458 1194 Ducis
489 1166 543 1194 eo
572 1154 813 1204 religionis
834 1153 1021 1193 uinculo
1044 1153 1237 1203 alligata
1259 1152 1401 1203 degit,
1426 1152 1579 1204 ibique
1601 1153 1784 1193 concio—

150 1231 288 1266 natus
309 1231 391 1265 est.
417 1225 487 1265 De
510 1225 734 1265 concione
755 1236 867 1264 uero
886 1223 999 1263 nihil
1020 1223 1184 1263 attinet
1205 1223 1376 1273 dicere,
1397 1223 1442 1262 in
1468 1235 1558 1274 qua
1581 1223 1637 1263 de
1658 1223 1784 1264 Nati-

149 1297 295 1337 uitate
312 1296 524 1346 Virginis
536 1295 726 1345 Mariae,
744 1295 1039 1335 sanctissimo
1054 1293 1379 1334 Eucharistiae
1396 1292 1720 1343 SacramentO,
1738 1302 1783 1335 et

149 1368 317 1419 gratiis
339 1380 364 1407 a
387 1366 575 1407 Summo
598 1366 819 1406 Pontifice
842 1365 1080 1406 concessis
1097 1365 1349 1417 praecipue
1366 1365 1609 1416 agebatur,
1637 1377 1780 1417 quan-

149 1439 208 1478 do
232 1439 517 1489 cogitatione
534 1438 699 1478 melius
721 1436 1067 1488 comprehendi,
1092 1448 1235 1488 quam
1256 1436 1405 1476 literis
1423 1436 1604 1477 abunde
1622 1438 1781 1488 scribi,

147 1510 309 1562 possit.
340 1509 442 1550 Hoc
471 1509 608 1549 modo
636 1508 861 1560 scriptum
890 1508 1029 1548 uelim
1058 1507 1320 1548 doctrinam
1342 1520 1445 1547 eam
1476 1507 1781 1557 declaratam,

149 1593 268 1633 quae
288 1580 502 1621 utilitatis
523 1580 626 1631 plus
648 1586 748 1619 erat
770 1580 986 1629 allatura,
1012 1590 1154 1630 quam
1183 1578 1450 1618 continebat
1481 1578 1780 1630 difficultatis,

147 1652 376 1704 siquidem
399 1652 465 1692 sic
487 1653 643 1691 omnia
666 1650 1034 1702 exponebantur.
1059 1656 1108 1689 ut
1136 1649 1280 1690 etiam
1302 1649 1507 1690 difficilia
1536 1649 1693 1691 facilia
1716 1651 1781 1692 ui—

147 1724 381 1764 derentur.
415 1722 707 1774 Sperandum
735 1721 920 1773 quidem
939 1727 1009 1761 est
1041 1720 1280 1761 Christum
1306 1721 1466 1774 Jesum
1497 1722 1676 1761 semina
1711 1722 1780 1762 sui

146 1794 307 1835 Sancti
329 1793 529 1846 Spiritus
551 1794 596 1833 in
618 1805 779 1833 eorum
802 1792 969 1832 animis
990 1792 1236 1843 sparsisse,
1261 1792 1448 1844 quando
1466 1800 1654 1843 praeter
1671 1805 1779 1833 uen-

145 1872 242 1906 tum
264 1866 513 1917 quicquam
534 1865 635 1905 dari
657 1864 715 1904 ab
737 1864 925 1904 homine
946 1875 1038 1903 non
1061 1869 1231 1914 potest.

225 1937 295 1978 De
317 1936 491 1976 nostris
513 1944 672 1975 autem
693 1934 911 1975 Patribus
932 1941 976 1974 et
997 1934 1223 1974 fratribus
1246 1933 1355 1986 quid
1378 1934 1431 1974 R.
1455 1934 1504 1974 P.
1524 1934 1575 1974 T.
1597 1935 1785 1986 pollice—

143 2008 183 2048 ri
205 2019 405 2059 possem,
430 2008 517 2047 hoc
538 2007 705 2046 habeo:
728 2017 808 2046 eos
829 2005 1006 2045 scilicet
1027 2017 1081 2045 eo
1104 2005 1350 2045 charitatis
1380 2005 1548 2045 ardore
1576 2005 1778 2057 flagras-

142 2092 192 2120 se
213 2085 263 2120 ut
283 2078 548 2119 ualetudine
570 2077 770 2117 aduersa
792 2081 974 2116 utentes
997 2077 1140 2116 semel
1159 2076 1290 2116 bisue
1313 2077 1607 2116 consolatum
1624 2089 1779 2118 acces-

142 2151 273 2200 sisse,
303 2162 396 2189 non
424 2149 527 2189 dico
558 2147 616 2188 ad
646 2146 953 2197 xenodochia,
984 2147 1079 2197 sed,
1114 2147 1222 2187 dum
1253 2147 1442 2197 licebat,
1475 2148 1533 2187 ad
1563 2148 1781 2200 proprias

143 2222 322 2270 domos,
346 2220 432 2260 sibi
455 2232 548 2260 non
565 2218 893 2268 satisfecerint,
915 2229 1169 2269 eorumque
1187 2218 1506 2258 confessiones
1523 2219 1777 2269 audiuisse,

143 2291 224 2332 sed
246 2292 418 2344 pluries
440 2291 529 2331 hoc
550 2290 724 2330 amoris
747 2288 954 2329 officium
983 2295 1226 2340 praestare
1250 2289 1496 2339 uolue1·int;
1528 2290 1592 2330 ita
1615 2296 1665 2330 ut
1685 2301 1778 2330 non

143 2363 421 2412 recusarint,
445 2362 538 2401 imo
564 2372 675 2401 uero
698 2360 1025 2412 expetiuerint,
1058 2366 1220 2400 noctes
1249 2371 1355 2399 cum
1376 2360 1432 2400 iis
1453 2361 1665 2411 uigilare,
1699 2362 1781 2413 qui

140 2434 353 2474 ultimum
389 2433 510 2473 diem
545 2431 750 2472 clausuri
782 2431 1057 2471 dicebantur
1093 2432 1394 2483 (quamquam
1432 2443 1524 2471 non
1562 2432 1780 2472 accersiti

140 2513 381 2556 nunquam
401 2502 670 2544 eorumdem
693 2502 861 2542 domus
883 2501 1151 2553 adiuerint),
1177 2507 1315 2553 atque
1338 2502 1394 2542 iis
1416 2514 1555 2553 quam
1575 2503 1779 2543 libentis-

140 2576 256 2616 sime
277 2575 524 2615 astiterint.

219 2646 470 2687 Praeterea
506 2643 627 2696 quod
663 2655 826 2684 eorum
859 2643 1003 2695 aliqui
1036 2644 1083 2684 in
1110 2644 1283 2695 templo
1311 2650 1472 2684 nostro
1509 2644 1779 2684 concionati

139 2719 310 2759 fuerint
325 2718 418 2758 iam
441 2717 492 2757 T.
514 2716 567 2756 R.
591 2715 641 2756 P.
661 2722 951 2767 compertum
979 2727 1082 2756 esse
1105 2727 1256 2767 spero:
1282 2715 1510 2766 siquidem
1535 2715 1565 2756 ii
1587 2721 1780 2757 sanctae

139 2788 430 2830 obedientiae
450 2787 621 2827 uirtute
642 2786 762 2837 freti,
788 2786 919 2827 cuius
942 2787 1170 2827 mandato
1200 2786 1245 2826 id
1268 2785 1671 2839 ingrediebantur,
1694 2799 1781 2828 suo

139 2871 331 2900 munere
352 2858 651 2899 mediocriter
671 2857 819 2898 functi
835 2857 979 2898 fuere.

223 2929 408 2971 Accidit
431 2941 616 2981 quoque
638 2936 686 2969 ut
708 2928 780 2969 his
802 2929 964 2969 diebus
986 2927 1276 2980 cumJ'udaeo
1300 2929 1502 2981 quodam
1518 2936 1679 2970 nostro
1700 2929 1781 2969 Pa-
