2047 3179
903 133 985 170 AN.
1019 133 1106 169 1534
1753 133 1819 167 1723

178 239 313 273 extat
335 233 468 272 nobis
489 233 715 283 scriptum
740 231 797 270 ab
820 230 1098 278 oratoribus3
1124 229 1205 268 sed
1224 228 1281 267 ob
1303 228 1527 278 temporis
1549 229 1817 277 angustiam

184 306 268 344 hos
289 304 547 355 scriptores
568 302 760 343 alternis
782 301 1130 341 enucleabimus
1147 299 1323 339 diebus.
1348 298 1500 338 Feriis
1520 297 1816 338 decreuimus

178 375 426 415 vdeclarare
461 374 664 425 aliquam
707 371 947 413 Ciceronis
984 371 1269 419 orationem,
1306 375 1355 408 ut
1399 369 1611 419 exemplo
1654 374 1697 407 et
1733 380 1818 407 usu

184 446 357 486 rectius
379 452 630 496 praecepta
652 443 926 494 percipiant.
950 441 1051 481 Hoc
1081 452 1249 481 munus
1277 440 1496 479 libentius
1528 440 1749 490 suscipio,
1781 440 1820 478 si

184 516 322 556 mo'do
344 516 518 568 possim
539 515 763 555 fratribus
786 514 900 553 meis
922 513 968 552 in
999 513 1087 551 hac
1117 523 1165 551 re
1197 511 1436 562 prodesse,
1461 510 1538 561 qui
1561 518 1604 549 et
1632 510 1820 561 pietatis

183 594 228 627 et
265 587 524 638 sapientiae
561 585 715 637 cupidi
750 592 870 633 sunt,
910 595 1050 635 quam
1093 584 1293 622 alterum
1334 581 1589 621 iuuentutis
1634 581 1820 620 italicae

176 658 480 705 crudiendae,
507 658 551 697 in
570 669 658 708 qua
682 656 870 696 omnino
892 666 1042 706 neque
1064 653 1305 701 modestia,
1330 664 1480 703 neque
1500 652 1647 700 labor,
1672 662 1820 702 neque

182 729 320 768 timor
341 729 436 768 vim
467 728 638 768 habent
674 728 829 776 ullam,
859 738 944 766 nec
980 725 1217 765 humilitas
1249 726 1341 764 ulla
1364 730 1448 773 est,
1473 735 1621 774 neque
1653 723 1818 774 pietas,

181 811 269 840 nec
290 800 478 839 omnino
503 800 803 839 simulacrum
831 797 1020 849 aliquod
1056 803 1135 836 aut
1169 796 1421 846 vestigium
1450 794 1760 835 uerecundiae
1793 793 1817 832 ¹.

262 870 312 910 In
347 871 555 910 omnium
590 869 870 911 Sanctorum
905 868 1035 908 feriis
1068 866 1258 907 interfui
1297 866 1517 907 concioni
1548 865 1701 906 Patris
1736 865 1820 905 Re-

176 942 325 981 ctoris
342 941 369 991 ²,
395 953 453 981 ex
470 953 561 992 qua
583 941 636 991 (si
658 941 767 993 quid
788 940 833 980 in
854 940 943 979 hac
965 950 1014 979 re
1043 950 1235 990 possum
1263 938 1487 987 iudicare)
1516 937 1721 988 cognoui
1743 948 1819 975 ex-

177 1013 353 1052 cellens
374 1012 528 1052 Patris
556 1019 655 1053 tum
684 1012 939 1062 ingenium,
969 1017 1068 1050 tum
1100 1010 1333 1050 actionem
1366 1015 1410 1049 et
1431 1020 1598 1048 vocem
1627 1008 1822 1048 multam

180 1089 227 1124 et
250 1084 438 1132 bonam,
463 1090 574 1133 tum,
600 1083 722 1135 quod
744 1088 812 1123 est
833 1081 1164 1134 praestantius,
1189 1080 1516 1120 auctoritatem
1539 1084 1583 1119 et
1605 1079 1820 1130 spiritum

180 1154 369 1194 bonum.
393 1154 527 1195 Unde
548 1166 732 1194 mecum
758 1154 940 1205 agitare
970 1152 1102 1203 coepi
1130 1151 1208 1203 qui
1243 1151 1375 1191 fieret
1403 1156 1452 1190 ut
1485 1157 1583 1190 tam
1612 1150 1819 1201 praecla-

177 1237 283 1266 rum
305 1227 544 1277 ingenium
565 1227 731 1266 lateret
752 1232 795 1266 et
819 1225 951 1277 quasi
972 1224 1055 1264 sub
1085 1223 1256 1273 modio,
1283 1228 1449 1263 contra
1477 1221 1668 1262 Domini
1688 1233 1820 1273 prae-

178 1298 426 1349 scriptum,
460 1298 785 1346 collocaretur,
809 1307 957 1347 neque
979 1307 1065 1335 sua
1096 1301 1139 1334 et
1162 1294 1375 1334 doctrina
1400 1299 1444 1333 et
1469 1293 1659 1344 ingenio
1680 1293 1821 1332 latius

178 1369 394 1419 pluribus
414 1370 723 1420 praeluceret.
747 1367 861 1407 Rem
884 1377 996 1417 ergo
1020 1366 1078 1406 ad
1107 1365 1296 1405 Patrem
1318 1364 1485 1415 refero,
1511 1370 1554 1404 et
1576 1364 1733 1404 animo
1756 1364 1820 1403 in—

179 1450 336 1490 genuo
363 1439 428 1479 illi
456 1439 696 1479 declaraui
727 1449 879 1478 meam
906 1436 1187 1477 sententiam
1215 1436 1271 1476 de
1298 1436 1527 1476 concione
1562 1435 1738 1485 habita,
1776 1441 1821 1475 et

177 1511 315 1560 -coepi
351 1510 593 1550 cohortari
627 1516 675 1549 ut
710 1509 832 1549 idem
859 1509 1126 1560 frequenter
1157 1507 1349 1557 faceret;
1381 1518 1494 1546 nam
1520 1506 1611 1546 hac
1639 1506 1822 1545 ratione

180 1582 384 1622 maxime
419 1593 519 1621 rem
554 1581 858 1621 christianam
887 1585 1201 1631 promoueret.
1243 1578 1370 1618 “Non
1406 1578 1554 1629 inquit
1591 1578 1680 1617 hoc
1717 1589 1821 1617 mea

176 1653 371 1704 negotia
392 1653 647 1704 patiuntur,
663 1651 828 1703 quibus
846 1651 905 1691 ad
925 1662 1157 1690 summum
1176 1649 1626 1701 caputimme1·gor.„
1648 1648 1818 1699 “Quae,

174 1725 384 1776 inquam,
409 1730 515 1764 sunt
537 1724 683 1763 istaec
710 1722 941 1774 negotia?‚‚
969 1721 1139 1762 “Multa
1171 1720 1371 1773 quidem,
1404 1720 1487 1760 sed
1513 1720 1742 1772 grauiora
1777 1726 1823 1760 et

181 1795 514 1846 principaliora
536 1793 882 1834 confessionum
902 1793 1079 1843 turba.‚,
1106 1791 1252 1843 “Quid
1272 1803 1455 1842 narras,
1479 1791 1684 1843 inquam,
1709 1803 1820 1831 non—

179 1879 238 1906 ne
260 1867 384 1906 domi
406 1866 605 1906 manetis
626 1871 825 1916 quatuor
847 1864 1161 1913 sacerdotes?‚,
1189 1862 1350 1914 “Salie,
1380 1863 1545 1914 inquit,
1576 1862 1659 1903 sed
1680 1863 1727 1902 in
1747 1874 1821 1902 me

176 1949 342 1978 *omnes
363 1937 708 1978 confessionum
730 1935 898 1975 fluctus
929 1934 1208 1975 redundant.
1243 1933 1481 1985 Siquidem
1502 1933 1641 1974 Pater
1661 1934 1822 1984 Augu-

180 2009 330 2048 stinus
358 2007 386 2058 ³,
423 2019 529 2048 cum
558 2007 754 2047 scientia
781 2012 825 2046 et
854 2006 1122 2056 cognitione
1144 2017 1302 2045 rerum
1325 2004 1643 2045 conscientiae
1665 2011 1710 2044 et
1731 2005 1821 2055 spi-

177 2081 298 2120 ritus
328 2086 398 2120 est
426 2086 531 2131 tyro
554 2077 589 2129 ⁴,
619 2086 715 2118 tum
748 2078 900 2128 magis
930 2077 1131 2117 cubiculi
1153 2083 1196 2116 et
1218 2076 1484 2116 solitudinis
1506 2087 1646 2127 quam
1677 2078 1822 2115 ecclc-

177 2152 278 2191 siae
307 2157 505 2199 amator‚
537 2156 635 2189 tum
665 2149 788 2188 nulla
817 2148 1071 2188 foelicitate
1100 2148 1147 2187 in
1175 2147 1264 2187 hoc
1294 2159 1486 2187 munere
1514 2152 1746 2196 uersatur,
1771 2154 1822 2187 ut

178 2228 400 2273 stupeant
421 2220 576 2261 cuncti
597 2220 675 2271 qui
698 2219 795 2259 fieri
817 2219 961 2270 possit
983 2225 1032 2259 ut
1054 2219 1299 2270 presbyter
1317 2217 1567 2258 Societatis
1584 2218 1710 2257 nullo
1735 2229 1821 2258 usu

176 2301 225 2333 et
245 2292 492 2344 prudentia
517 2303 672 2331 rerum
695 2291 837 2330 animi
859 2296 902 2330 et
924 2290 1242 2330 conscientiae
1263 2289 1322 2329 sit
1344 2290 1574 2329 excultus.
1599 2289 1647 2329 P.
1673 2288 1828 2328 Fran·-

177 2365 337 2406 ciscus
359 2363 628 2404 Parmensis
649 2369 748 2402 tum
770 2373 935 2412 nouus,
964 2367 1062 2401 tum
1090 2362 1228 2401 huius
1262 2361 1331 2401 rei
1352 2361 1561 2412 ignarus,
1598 2366 1642 2400 et
1672 2360 1816 2409 rudis,

178 2435 422 2486 confusus,
447 2440 491 2474 et
511 2445 606 2473 non
627 2434 784 2472 clarus
806 2432 852 2472 in
879 2433 950 2472 his
978 2432 1140 2472 officiis
1168 2430 1481 2484 praestandis,
1514 2430 1584 2470 De
1607 2430 1655 2471 P.
1681 2430 1820 2471 Seba-

234 2572 243 2591 ¹
283 2571 376 2599 Dure
391 2570 490 2598 nimis
505 2570 590 2597 haec
605 2569 698 2596 dicta
711 2568 871 2596 videntur
885 2569 925 2596 de
941 2569 1060 2596 italica
1075 2569 1213 2596 saeculo
1230 2569 1494 2603 xv1juventute;
1512 2576 1632 2595 verum
1650 2569 1821 2596 meminis-

176 2627 215 2646 se
230 2623 365 2654 oportet
381 2626 466 2653 quae
481 2617 609 2652 passim
624 2617 657 2644 in
674 2615 838 2644 Chronico
853 2620 993 2643 enarrat
1006 2616 1190 2647 Pomxcus.
1205 2624 1340 2650 praesen
1352 2617 1411 2644 tim
1426 2617 1480 2643 ubi
1497 2616 1536 2643 de
1558 2615 1722 2650 Collegiis
1737 2615 1818 2643 Fer·

179 2667 336 2700 atriensi,
352 2665 544 2699 Mutinensi,
563 2664 735 2696 Perusino.
752 2664 1008 2698 Argentinensi,
1025 2668 1078 2691 etc
1099 2685 1103 2697 ,
1119 2664 1204 2698 agit.

230 2714 244 2733 ⁴2
280 2714 398 2741 Patris
413 2712 590 2740 Francisci
606 2712 736 2739 Palmii.

234 2761 248 2779 Γ·
285 2761 322 2788 Ρ.
339 2760 552 2795 Augustinus
568 2758 669 2785 Riva.

231 2809 246 2828 4
283 2808 375 2844 Tyro
389 2807 524 2842 quidem
539 2812 614 2834 erat
629 2807 666 2833 P.
684 2807 895 2841 Augustinus·
915 2808 954 2835 de
971 2809 1002 2835 la
1019 2808 1118 2841 Riva,
1134 2809 1161 2835 si
1179 2812 1321 2843 tempus,
1338 2808 1425 2843 quod
1441 2809 1474 2836 in
1497 2808 1671 2836 Societate
1698 2816 1821 2841 exege-

176 2860 247 2889 rat,
261 2856 474 2890 inspiciatur;
489 2855 546 2881 sed
563 2854 650 2888 quod
665 2854 706 2881 ad
723 2858 875 2882 aetatem
889 2856 1014 2882 attinet,
1029 2859 1062 2882 et
1078 2863 1192 2883 rerum
1207 2855 1468 2890 experientiam,
1482 2856 1568 2883 haec
1583 2856 1623 2883 de
1635 2863 1675 2883 eo
1691 2856 1740 2884 ait
1754 2855 1819 2883 Po-

176 2910 312 2930 saneus:
327 2904 421 2930 “cum
435 2910 540 2936 ⁸senex
555 2906 656 2933 esset.
672 2906 706 2928 et
720 2901 809 2929 domi
824 2901 973 2936 aliquam
997 2908 1193 2930 nostrorum
1207 2910 1325 2941 curam
1346 2904 1508 2936 habebat.
1531 2908 1565 2931 et
1589 2903 1672 2931 foris
1691 2903 1821 2931 confes·

178 2951 325 2978 lienibus
340 2950 519 2978 audiendis
535 2953 568 2976 et
583 2948 745 2983 operibus
759 2949 902 2983 pietatis
916 2957 1056 2984 operam
1071 2950 1212 2984 dabat.„
1228 2950 1270 2978 T.
1288 2958 1334 2985 w,
1350 2958 1427 2985 pag.
1443 2950 1505 2987 109,
1521 2958 1553 2978 n.
1567 2950 1631 2978 209.
