2047 3179
240 164 315 202 {³38
761 166 988 203 L1TrEaAE
1006 175 1364 207 QUADRIMESTRES

243 272 300 300 nc
331 260 638 301 Biliomenses
673 261 972 312 offenderem,
1007 261 1311 301 excusatione
1342 262 1550 312 legitima
1587 263 1657 302 vti
1691 269 1886 304 coactus

243 331 320 371 fui.
352 330 503 372 Feriis
525 331 976 384 Transfigurationis
1006 332 1312 372 concionatus
1343 343 1447 372 sum
1479 332 1663 373 Biliomi
1692 334 1739 373 in
1770 334 1885 374 aede

242 400 607 443 Canonicorum.
632 402 903 443 Praefectus
920 403 1217 443 Biliomensis
1238 402 1394 443 itidem
1417 408 1464 443 et
1495 403 1746 454 primarius
1767 404 1885 445 Con-

243 474 314 512 sul
344 473 615 514 Issoriensis
645 474 789 514 filium
819 486 952 514 suum
987 474 1111 525 apud
1132 474 1366 525 hospitem
1386 485 1541 514 meum
1563 476 1812 516 collocauit
1838 476 1885 516 in

241 544 447 594 gratiam
467 545 573 596 mei,
598 553 648 586 vt
674 547 774 585 solo
796 546 922 585 vitae
944 545 1158 596 exemplo
1187 550 1231 584 et
1252 545 1504 585 arbitraria
1526 558 1669 598 opera
1699 559 1803 587 mea
1824 547 1885 588 ad

239 615 411 656 bonam
431 615 614 667 frugem
635 617 879 668 Vtriusque
900 616 1019 656 filius
1041 616 1344 667 prouehatur.
1368 616 1718 668 Discipulorum
1735 625 1884 659 cater-

239 697 301 726 ua
327 699 400 727 me
428 688 661 738 obrueret,
695 689 735 728 si
765 700 844 727 eos
874 688 1043 727 vellem
1074 687 1335 728 admittere.
1367 687 1629 729 Vndecimo
1662 689 1881 740 Augusti,

239 757 474 799 dominico
497 759 584 809 die,
619 770 755 799 mane
783 758 906 810 apud
938 757 995 798 D.
1019 757 1218 810 Lupum,
1248 766 1353 810 post
1375 760 1623 811 prandium
1643 761 1690 800 in
1712 762 1883 812 templo

239 840 423 870 summo
447 831 755 870 concionatus
778 840 895 870 sum.

319 901 496 941 Eodem
518 901 591 941 die
614 914 640 941 a
662 900 864 941 Domino
892 901 1081 941 Darson
1107 900 1115 919 ¹
1139 901 1186 941 in
1207 900 1593 953 Assumptionem
1614 901 1884 943 Sacratissi-

238 983 344 1012 mae
372 972 586 1024 Virginis
615 980 811 1023 rogatus
837 984 961 1022 sum,
996 972 1152 1012 missis
1180 973 1238 1012 ad
1266 985 1339 1013 me
1366 980 1411 1012 et
1442 973 1500 1013 ad
1530 973 1756 1014 Consules
1788 975 1883 1014 lite-

238 1043 324 1094 ris,
359 1045 491 1084 cuius
522 1055 633 1084 vere
666 1045 728 1095 pii
749 1055 804 1084 ac
837 1044 1006 1084 nobilis
1027 1044 1119 1084 viri
1148 1044 1364 1094 precibus
1393 1031 1646 1095 suffragari
1678 1057 1771 1085 non
1805 1057 1884 1097 po-

239 1114 320 1165 tui,
344 1115 434 1155 nisi
465 1127 571 1155 cum
599 1114 777 1155 offensa
806 1115 1182 1165 Biliomensium;
1216 1127 1501 1167 quamquam
1532 1116 1570 1156 is
1592 1117 1880 1168 propediem,

237 1186 327 1226 mei
356 1187 579 1226 consortii
608 1186 842 1227 desiderio
874 1186 1058 1236 ductus,
1091 1187 1181 1226 huc
1213 1187 1527 1238 commigrare
1560 1188 1824 1228 decreuerit
1859 1200 1883 1228 e

237 1268 361 1309 pago
393 1258 603 1298 Brocaeo
635 1258 647 1276 ‘·'
681 1258 885 1310 quinque
916 1258 1086 1298 abhinc
1114 1258 1389 1299 milliaribus
1421 1259 1601 1300 dissito.
1641 1258 1762 1299 Rdus
1792 1258 1883 1300 Ab·

238 1329 323 1369 bas
357 1327 414 1369 D.
453 1329 701 1379 Amabilis,
734 1330 963 1381 simulque
993 1329 1133 1370 Curio
1163 1329 1490 1381 Ambertinus,
1529 1331 1620 1371 mei
1650 1330 1883 1371 desiderio

238 1401 373 1450 tacti,
405 1413 478 1441 me
506 1400 787 1441 Ambertum
815 1399 849 1450 ⁵,
881 1401 1103 1452 oppidum
1135 1401 1333 1451 celebre,
1368 1402 1583 1442 inuitant.
1619 1401 1769 1442 Feriis
1796 1401 1883 1442 As-

238 1472 518 1523 sumptionis
544 1472 811 1523 Marianae,
841 1484 978 1512 mane
1011 1473 1134 1524 apud
1163 1471 1219 1512 D.
1251 1472 1450 1524 Lupum,
1481 1485 1594 1513 mox
1624 1486 1650 1513 a
1680 1473 1881 1525 prandio

237 1543 282 1582 in
312 1554 494 1583 summo
526 1545 699 1595 templo
731 1543 938 1594 Biliomi,
971 1544 1167 1595 denique
1199 1551 1303 1595 post
1325 1545 1647 1596 vespertinum
1679 1544 1880 1585 officium

236 1614 360 1666 apud
381 1615 588 1655 Montem
611 1615 846 1656 Morinum
873 1616 1179 1656 concionatus
1200 1627 1317 1656 sum.
1342 1615 1561 1656 Proxime
1578 1617 1879 1667 subsequenti

237 1686 310 1726 die
339 1686 591 1736 dominico,
627 1687 698 1727 bis
726 1687 887 1727 itidem
912 1687 1096 1727 Biliomi
1123 1687 1441 1728 Ecclesiastae
1469 1699 1661 1728 munere
1689 1688 1878 1728 functus

236 1768 355 1797 sum.

317 1828 467 1869 Feriis
489 1829 547 1869 D.
572 1828 925 1870 Bartholomaei
945 1830 992 1869 in
1022 1840 1146 1881 pago
1178 1829 1303 1869 Bord
1326 1837 1612 1881 nuncupato,
1637 1830 1746 1870 hinc
1769 1830 1878 1870 duo-

236 1901 321 1941 bus
338 1900 615 1941 milliaribus
637 1901 846 1951 distanti,
872 1901 1097 1941 concione
1117 1901 1293 1951 habita,
1317 1901 1574 1941 honorifice
1597 1914 1623 1941 a
1645 1901 1877 1942 nobilibus

235 1979 460 2023 exceptus
480 1983 600 2012 sum.
624 1972 713 2012 Die
735 1971 985 2012 Dominico
1006 1971 1098 2012 25.O
1116 1971 1337 2022 Augusti,
1359 1973 1405 2013 in
1423 1983 1546 2024 pago
1565 1972 1713 2024 Fayet
1731 1973 1878 2013 nomi-

235 2049 360 2092 nato,
390 2055 543 2088 mane,
577 2050 621 2083 et
651 2043 776 2095 apud
796 2042 1004 2083 Montem
1025 2043 1276 2094 Morinum,
1305 2043 1486 2096 Fayeto
1518 2044 1740 2094 vicinum,
1774 2051 1879 2095 post

236 2115 485 2166 prandium
506 2115 654 2155 verba
679 2115 736 2155 ad
758 2116 977 2166 populum
1001 2114 1106 2154 feci.
1139 2114 1385 2165 Vigesimo
1413 2115 1617 2166 Augusti
1645 2115 1881 2156 Reueren-

236 2185 456 2226 dissimus
473 2185 738 2237 Episcopus
756 2185 1129 2226 Clarmontensis
1146 2186 1396 2226 Biliomum
1412 2187 1556 2237 venit,
1574 2197 1797 2237 meaeque
1814 2186 1879 2226 in-

235 2257 392 2298 terfuit
415 2258 712 2309 theologicae
732 2257 1028 2309 professioni,
1054 2257 1129 2297 cui
1150 2269 1245 2298 non
1267 2269 1432 2309 parum
1455 2258 1630 2310 placuit
1648 2270 1702 2298 ea
1722 2257 1876 2305 lectio,

235 2340 376 2380 quam
398 2336 507 2369 tunc
529 2329 758 2380 temporis
788 2340 949 2369 coram
977 2329 1078 2380 ipso
1106 2329 1262 2370 habui.
1294 2329 1336 2370 Is
1365 2341 1437 2369 me
1466 2329 1640 2380 insigni
1673 2329 1878 2381 quodam

235 2400 404 2441 affectu
438 2401 753 2451 amplectitur,
790 2407 834 2440 et
866 2401 1151 2452 Euscopiam
1178 2413 1272 2441 non
1298 2412 1407 2441 raro
1438 2407 1579 2441 vocat
1615 2400 1675 2441 ad
1703 2412 1767 2451 se,
1801 2400 1879 2452 qui

234 2471 431 2523 Collegii
453 2471 703 2512 extruendi
725 2472 933 2512 animum
954 2472 1355 2524 promptissimum
1377 2473 1654 2524 concepisse
1686 2472 1871 2513 asserit:

235 2554 326 2594 qua
354 2544 410 2583 de
440 2555 490 2583 re
517 2543 570 2583 20
606 2542 813 2594 Augusti
842 2543 902 2583 ad
935 2542 1081 2584 Ryiam
1112 2543 1164 2584 T.
1195 2544 1355 2584 literas
1383 2543 1523 2594 misit,
1556 2555 1611 2584 ac
1644 2543 1879 2583 secundas

237 2622 371 2664 parat
392 2614 422 2654 ⁴.

288 2750 298 2770 ¹
338 2750 403 2784 Sic;
420 2752 529 2778 eritne
546 2752 599 2778 hic
616 2759 715 2785 quem
732 2751 813 2778 Prat
829 2751 983 2785 appellat
1000 2749 1048 2778 Le
1065 2751 1240 2785 seigneur
1254 2751 1447 2786 d‘rslpclzon,
1464 2758 1689 2784 gouverneur
1708 2752 1754 2778 du
1767 2752 1880 2786 pays?

232 2797 303 2825 Loc
331 2798 399 2831 cit.,
417 2805 504 2832 part.
522 2806 567 2828 111,
584 2799 639 2826 lib.
656 2805 677 2832 1,
695 2798 849 2833 pag.317.

287 2844 301 2863 ’ἱ
340 2845 388 2872 Le
405 2845 504 2873 Broc.

288 2892 302 2910 ³
341 2893 496 2920 Ambert.

291 2940 300 2958 ‘¹
341 2939 445 2967 Binae
465 2942 527 2968 hae
544 2942 680 2969 litterae
697 2941 839 2974 periisse
862 2942 1031 2971 videntur:
1049 2942 1174 2969 nullam
1197 2943 1285 2970 enim
1309 2950 1426 2970 earum
1451 2944 1656 2970 mentionem
1680 2943 1762 2970 facit
1784 2942 1876 2973 Prae.

237 2988 267 3013 in
285 2987 335 3014 liis
352 2989 453 3015 rebus
468 2988 761 3022 diligentissimus.
