2047 3179
264 170 337 208 484
784 173 1011 211 LITTERAE
1027 185 1386 219 QUADRIMESTRES

268 268 409 320 cant),
434 280 540 309 cum
562 269 620 310 ad
641 269 770 310 illum
801 270 1087 322 deferuntur,
1121 272 1193 311 uel
1211 271 1503 323 theologicae
1523 273 1597 313 uel
1617 272 1901 325 philosophi-

267 351 367 392 cae,
392 341 451 382 ad
472 353 559 382 nos
579 342 809 393 imprimis
830 343 1081 383 mittendas
1103 350 1251 393 curat,
1277 349 1321 383 et
1350 343 1465 384 satis
1487 356 1588 385 esse
1609 351 1741 396 putat
1762 346 1802 386 si
1822 358 1899 386 110-

265 418 470 453 5110111111
495 413 718 454 iudicium
744 414 788 454 in
812 413 996 454 illarum
1018 414 1303 466 expensione
1330 415 1622 457 adhibeatur.
1653 416 1697 457 Is
1724 429 1903 469 paucos

265 490 372 525 ante
394 484 493 525 dies
510 497 615 525 curn
636 486 830 525 solemni
848 486 1128 537 publicoque
1145 486 1317 527 iudicio
1340 494 1438 527 tum
1457 488 1573 527 alios
1590 487 1696 528 fidei
1711 494 1910 529 nostrae—

264 556 564 596 aduersarios
586 556 689 596 aliis
711 556 966 607 suppliciis,
999 562 1097 597 tum
1119 568 1277 605 vnum,
1310 558 1388 609 qui
1415 558 1462 597 in
1488 558 1726 599 haeretica
1747 560 1900 611 praui-

265 633 362 668 tate
389 627 620 667 obstinate
646 627 928 678 perstiterat,
956 627 1096 668 morti
1121 636 1243 668 esset
1268 628 1636 680 adiudicaturus,
1662 629 1770 670 huic
1790 641 1901 681 qua-

264 705 370 739 tuor
387 710 445 739 ex
467 698 696 738 coenobio
713 697 915 749 quodam
938 699 1182 750 religiosos
1204 699 1330 739 uiros
1352 700 1517 740 adesse
1539 701 1756 741 iusserat:
1781 712 1898 752 quos

263 781 370 810 cum
391 781 533 821 aegre
566 770 611 810 id
647 770 802 810 facere
832 770 1171 821 conspexisset,
1208 771 1321 811 dure
1361 764 1844 823 increpans‚'duobus
1874 786 1899 812 6

261 841 435 882 11051115
452 841 710 881 accersitis:
737 842 818 881 “en
840 841 1036 892 (inquit),
1060 853 1175 893 quos
1197 854 1290 882 non
1311 842 1452 894 pudet
1474 843 1642 883 horum
1659 854 1893 894 operum„.

260 912 422 953 Voluit
456 913 600 964 igitur
628 919 678 953 ut
698 912 848 953 nostri
869 912 1124 963 adstarent,
1148 925 1235 953 nec
1258 920 1415 954 tamen
1436 914 1554 965 illos,
1578 920 1628 954 ut
1658 914 1894 961 uolebant,

259 984 431 1025 liberos
452 984 642 1035 dimisit,
666 984 747 1024 sed
769 991 819 1024 ut
840 984 1035 1025 comites
1056 992 1364 1037 sequerentur
1381 986 1570 1026 omnino
1588 985 1841 1038 praecepit.

336 1055 434 1096 Nec
462 1062 617 1096 tamen
650 1055 896 1096 defuerunt
923 1057 1000 1107 qui
1027 1056 1134 1096 huic
1164 1056 1219 1096 de
1241 1063 1400 1097 nostro
1429 1058 1629 1108 collegio
1659 1057 1893 1097 existima—

256 1128 371 1168 tioni
394 1127 550 1167 conati
572 1134 678 1167 sunt
706 1139 890 1178 semper
918 1128 1204 1179 obstrepere,
1236 1128 1314 1180 qui
1342 1135 1386 1167 et
1412 1140 1536 1168 nunc
1558 1128 1638 1168 uix
1660 1140 1685 1168 a
1708 1127 1903 1168 maledi-⁷

256 1199 346 1239 ctis
368 1199 616 1247 abstinent,
641 1199 753 1238 illud
775 1198 992 1239 Patribus
1013 1199 1188 1239 nostris
1210 1199 1498 1247 obiicientes‚
1523 1199 1646 1251 quod
1668 1199 1798 1250 impii
1818 1210 1893 1239 ne-

255 1270 442 1310 roniani
462 1270 509 1310 in
531 1270 676 1310 Beato
698 1269 836 1310 Petro
859 1270 1187 1320 concionante,
1213 1282 1390 1322 suoque
1411 1282 1628 1311 sermone
1649 1277 1692 1311 et
1713 1269 1893 1310 monitu

255 1354 282 1382 a
303 1342 464 1383 mundi
485 1342 684 1382 fallaciis
704 1342 928 1393 virgines,
951 1342 1009 1382 ad
1026 1341 1288 1383 Saluatoris
1304 1343 1454 1383 nostri
1474 1343 1586 1395 Jesu
1603 1341 1744 1383 Cristi
1759 1341 1892 1381 fidele

254 1414 528 1465 obsequium
547 1413 828 1463 attrahente,
848 1414 1236 1454 criminabantur.
1256 1413 1431 1454 Dicunt
1448 1415 1571 1454 enim
1584 1419 1770 1453 nostros
1787 1425 1893 1453 con-

255 1486 526 1537 iugatorum
559 1491 687 1525 toros
715 1485 994 1534 dissoluere‚
1024 1485 1147 1536 quod
1174 1496 1338 1525 uerum
1372 1497 1430 1525 ne
1459 1485 1518 1524 sit
1545 1496 1605 1524 an
1634 1485 1804 1524 falsum
1830 1489 1892 1523 te—

252 1557 337 1597 stis
365 1562 449 1608 est,
480 1567 619 1608 quern
645 1556 759 1596 nihil
784 1557 931 1597 latere
959 1563 1125 1608 potest,
1156 1556 1300 1597 Deus.
1331 1556 1428 1596 Nos
1455 1562 1634 1605 tamen,
1671 1554 1891 1607 quoniam

251 1640 348 1668 non
370 1628 542 1668 mundo
566 1628 647 1668 sed
680 1627 867 1668 Christo
888 1628 1157 1677 militamus,
1188 1637 1415 1679 quantum
1442 1627 1616 1667 mundo
1644 1627 1791 1667 simus
1817 1637 1890 1666 ac—

251 1700 390 1752 cepti,
422 1711 517 1740 non
545 1700 740 1740 nimium
773 1699 1064 1749 laboramus,
1097 1699 1137 1739 si
1172 1699 1310 1739 modo
1342 1698 1443 1739 Deo
1475 1699 1649 1750 optimo
1684 1697 1889 1737 maximo

250 1772 536 1824 placeamus.
574 1770 695 1822 Quin
717 1776 761 1811 et
791 1783 849 1811 ex
883 1770 956 1811 his
987 1782 1078 1810 non
1114 1771 1268 1822 pauci,
1298 1777 1546 1822 perspecta
1573 1769 1642 1809 rei
1671 1768 1895 1819 veritate,¹

250 1843 545 1884 contumeliis
565 1843 659 1882 iam
684 1841 874 1882 tandem
898 1841 1088 1882 modum
1112 1842 1449 1893 imposuerunt.
1468 1840 1559 1882 Sed
1575 1840 1685 1892 quid
1703 1839 1888 1880 audien-

249 1915 337 1955 dae
366 1914 526 1967 populi
553 1925 695 1954 uoces
724 1926 779 1954 ac
802 1925 1058 1962 murmura,
1090 1913 1214 1965 apud
1243 1924 1379 1964 quem
1409 1912 1595 1964 quiduis
1624 1912 1778 1964 potius
1799 1910 1887 1950 effi-

249 1987 363 2038 cias,
388 1998 529 2038 quam
557 1992 606 2026 ut
628 1987 728 2026 eius
749 1986 939 2036 linguae
960 1984 1174 2025 fraenum
1196 1985 1431 2036 imponas?
1458 1983 1706 2024 Caeterum
1728 1993 1813 2022 nec
1834 1993 1888 2022 ea

246 2064 317 2099 est
337 2057 426 2098 hac
449 2058 505 2098 de
526 2069 576 2097 re
598 2057 722 2109 apud
744 2057 970 2108 populum
999 2055 1141 2106 fama,
1173 2062 1221 2096 ut
1242 2056 1316 2096 uel
1346 2067 1372 2095 a
1395 2055 1529 2095 nobis
1550 2054 1711 2105 magni
1732 2053 1887 2094 existi·

246 2130 366 2170 mari
388 2129 570 2179 debeat,
594 2130 667 2169 uel
690 2129 813 2180 apud
833 2128 1061 2169 bonorum
1084 2134 1263 2168 mentes
1288 2126 1462 2178 aliquid
1483 2127 1652 2167 ualeat.

327 2201 463 2253 Quod
485 2208 643 2241 autem
663 2200 723 2240 ad
744 2207 907 2240 nostra
930 2200 1131 2251 pertinet
1154 2199 1397 2249 exercitia,
1421 2199 1574 2238 nullus
1604 2204 1688 2247 est,
1715 2197 1792 2248 qui
1813 2197 1887 2236 uel

248 2273 294 2313 in
315 2271 689 2312 confessionibus
711 2270 970 2319 audiendis,
996 2272 1069 2311 uel
1085 2270 1366 2310 lectionibus
1388 2268 1767 2320 interpretandis,
1793 2279 1886 2308 non

244 2343 604 2396 diligentissima
621 2354 736 2384 cura
754 2342 944 2382 Domini
962 2343 1148 2383 uineam
1167 2342 1368 2391 excolat,
1388 2352 1535 2392 eoque
1553 2351 1676 2379 nunc
1694 2339 1883 2390 diligen-

243 2415 366 2467 tiori,
389 2426 478 2467 quo
496 2414 645 2455 maior
663 2421 733 2454 est
750 2413 1070 2454 confitentium
1092 2424 1316 2453 numerus
1337 2419 1381 2452 et
1398 2411 1686 2452 studentium
1707 2410 1880 2451 feruor.

244 2486 535 2528 Concionum
556 2485 742 2538 quidem
764 2497 915 2525 nouus
936 2484 1127 2537 quidam
1155 2496 1209 2524 ac
1232 2495 1377 2536 prope
1402 2481 1641 2523 inauditus
1672 2481 1718 2522 in
1746 2481 1892 2521 huius.

245 2558 451 2612 ciuitatis
472 2557 739 2598 hominibus
771 2564 968 2608 apparet
998 2557 1193 2597 fructus.
1223 2553 1326 2595 Non
1356 2554 1478 2594 enim
1507 2555 1690 2594 occulta
1722 2553 1882 2593 obscu-

227 2641 389 2681 -raque
412 2640 544 2680 uoce,
568 2629 649 2669 sed
682 2629 853 2680 palam,
876 2627 1158 2668 confitentur
1180 2638 1357 2676 omnes,
1381 2626 1440 2666 ab
1467 2637 1521 2666 eo
1544 2631 1769 2676 tempore,
1793 2635 1891 2675 quo>

239 2701 389 2741 nostri
410 2701 502 2740 huc
523 2699 855 2749 aduentarunt,
886 2710 1032 2751 usque
1053 2697 1172 2738 adeo
1194 2693 1444 2748 corruptos
1465 2696 1707 2736 hominum
1727 2706 1883 2735 mores

240 2772 287 2811 in
308 2772 525 2812 meliores
548 2771 689 2812 fuisse
718 2781 988 2819 conuersos,
1023 2776 1072 2809 ut
1102 2769 1219 2809 haec
1248 2768 1431 2817 ciuitas,
1462 2778 1581 2818 quae
1611 2766 1720 2806 olim
1741 2766 1878 2806 latro-

238 2854 350 2882 num
371 2848 416 2882 et
436 2842 727 2893 praedonum
742 2841 1093 2893 receptaculum
1110 2845 1248 2890 esset,
1267 2838 1581 2890 frequentium
1598 2837 1887 2877 concionum.

238 2913 478 2963 beneficio,
502 2913 691 2964 pietatis
711 2918 756 2952 et
777 2912 1018 2963 religionis
1040 2917 1221 2951 tantum
1242 2922 1367 2950 nunc
1394 2909 1575 2950 emittat
1597 2908 1803 2955 odorem,
1826 2911 1875 2946 ut

238 2985 381 3034 uulgo
407 2984 548 3035 (quod
569 2990 614 3023 et
635 2984 734 3034 ipse
756 2995 897 3034 saepe
919 2983 1094 3031 audiui)
1125 2989 1292 3022 sancta
1322 2985 1617 3031 nuncupetur
1638 2978 1872 3019 Messana.
