2047 3179
857 136 939 172 ΑΝ.
970 136 1062 173 1555
1712 137 1785 176 335

154 231 211 271 ob
233 231 474 285 daemonis
494 238 774 283 potestatem
795 243 877 283 per
899 232 1038 272 aliam
1055 232 1182 272 uiam
1199 233 1496 284 dilaberetur,
1523 234 1651 274 missi
1673 242 1781 276 sunt

151 302 293 342 etiam
314 303 392 342 alii
412 302 437 341 6
458 303 568 353 bini,
592 303 669 354 qui
690 303 749 343 ad
770 302 960 342 ianuam
988 303 1161 354 oppidi,
1192 304 1238 343 in
1272 304 1423 344 medio
1454 304 1633 354 itinere,
1668 312 1712 346 et
1733 306 1781 346 in

153 374 256 413 loco
285 373 344 413 ad
371 374 731 425 exequutionem
760 379 855 413 tam
889 373 1135 413 insolentis
1156 373 1397 413 discursus
1428 375 1676 426 destinato,
1701 388 1781 416 eas

151 445 552 495 praestolarentur
573 444 752 496 paratis
772 444 831 484 ad
852 444 899 484 id
934 444 1249 485 concionibus.
1286 445 1536 485 Caeterum
1564 458 1781 497 praesen-

151 515 318 555 tientes
340 515 724 556 concionatorem
744 514 865 555 velle
1298 516 1305 533 ¹
1329 515 1568 566 impedire,
1594 517 1667 556 uel
1688 529 1782 557 non

152 586 412 636 exiuerunt,
437 587 511 626 uel
532 597 752 637 egressae
773 585 880 635 iam,
905 584 1095 625 domum
1124 585 1347 626 confusae
1378 586 1630 627 redierunt.
1662 588 1779 628 Eua-

151 662 311 697 serunt
341 663 498 697 tamen
523 668 606 708 per
635 657 775 697 aliam
796 656 923 696 viam
944 656 1293 696 concionatoris
1316 669 1483 697 manus
1512 660 1777 710 nonnullae,

152 739 268 779 quas
295 739 381 767 nos
411 727 471 767 ad
497 734 684 779 portum
710 726 1110 779 deprehendentes
1138 728 1303 767 saltem
1331 727 1568 768 effecimus
1600 735 1650 769 ut
1677 741 1779 780 pro-

151 798 388 838 mitterent
417 798 530 838 nihil
552 810 601 838 se
622 798 894 838 indecorum
921 803 1001 837 aut
1032 798 1254 838 indecens
1282 799 1631 849 commissuras,
1657 800 1779 851 quod

150 868 366 909 effectum
381 874 466 916 est,
490 881 583 909 non
605 869 705 909 sine
721 869 999 909 intuentium
1021 869 1348 909 admiratione.

229 939 361 980 Multi
382 940 522 980 etiam
545 945 789 991 apostatae
809 939 869 979 ad
885 939 1200 979 intermissam
1217 940 1404 980 uiuendi
1420 941 1654 982 rationem
1672 948 1777 992 post

151 1010 510 1062 exequutionem
553 1010 774 1050 salutaris
811 1009 1126 1061 poenitentiae
1166 1016 1274 1050 sunt
1315 1012 1508 1052 reuersi.
1556 1012 1778 1053 Nonnulli

151 1082 305 1132 etiam,
326 1093 384 1121 ex
401 1081 560 1121 mundi
576 1082 780 1121 tenebris
797 1081 949 1132 soluti,
968 1081 1144 1121 relictis
1161 1081 1391 1132 omnibus,
1411 1094 1461 1123 se
1483 1088 1605 1123 totos
1622 1084 1668 1124 in
1690 1084 1779 1124 Dei

150 1153 424 1204 obsequium
446 1158 796 1192 consecrarunt.
821 1151 892 1192 Ex
913 1152 1151 1192 exercitiis
1172 1152 1493 1204 spiritualibus
1516 1166 1608 1194 non
1637 1155 1778 1206 pauci

148 1229 254 1264 sunt
274 1223 322 1263 in
342 1223 431 1263 hac
453 1231 617 1263 sancta
641 1223 792 1263 Domo
814 1223 874 1263 ad
890 1222 1225 1275 perfectionem
1248 1224 1575 1275 euangelicam
1593 1237 1777 1277 promo-

148 1295 196 1346 ti,
220 1306 279 1335 ex
300 1294 467 1346 quibus
487 1305 633 1346 nuper
655 1301 750 1334 tres
770 1306 819 1334 se
840 1293 1062 1334 Societati
1085 1294 1415 1345 adiunxerunt‚
1447 1303 1634 1347 praeter
1656 1298 1778 1338 alios

145 1365 365 1417 quinque,
389 1376 506 1416 quos
528 1364 582 1404 R.
606 1365 658 1405 T.
683 1364 946 1405 Paternitas
968 1365 1016 1405 in
1041 1364 1240 1406 fratrum
1264 1366 1556 1407 consortium
1579 1367 1775 1418 dignata

149 1442 219 1477 est
247 1441 487 1487 cooptare.

225 1506 357 1547 Haec
378 1513 500 1556 sunt,
524 1505 578 1546 R.
603 1505 668 1554 Ρ.,
694 1518 812 1559 quae
834 1506 990 1547 diuina
1021 1507 1221 1557 bonitas,
1245 1518 1328 1558 per
1349 1519 1435 1548 nos
1464 1508 1649 1549 inutiles
1671 1516 1777 1550 tuos

147 1577 281 1628 filios,
304 1577 395 1618 hoc
416 1577 747 1629 quadrimestri
769 1576 963 1629 dignata
984 1584 1054 1618 est
1081 1578 1268 1629 operari
1296 1578 1343 1618 in
1371 1578 1460 1618 hac
1491 1591 1614 1621 noua
1637 1580 1776 1621 uinea

147 1649 363 1689 coelestis
394 1648 647 1700 agricolae,
681 1660 800 1700 quae
830 1649 1010 1689 maiora
1036 1649 1257 1700 fuissent,
1283 1649 1322 1689 si
1344 1649 1774 1692 abundantissimus

145 1719 349 1760 influxus
386 1719 602 1760 coelestis
632 1719 814 1770 gratiae
851 1720 1269 1760 instrumentorum
1306 1720 1486 1762 uilitate
1522 1721 1774 1774 impeditus

143 1801 237 1830 non
257 1790 434 1831 fuisset.
459 1789 714 1842 Speramus
734 1791 857 1831 enim
878 1791 1144 1831 orationum
1175 1798 1363 1831 tuarum
1383 1792 1619 1843 praesidio
1643 1805 1670 1833 a
1691 1805 1773 1834 no-

146 1860 215 1901 bis
235 1860 477 1901 uberiores
495 1860 677 1901 fructus
698 1861 745 1901 in
765 1870 1006 1913 posterum
1035 1868 1363 1913 prouenturos.
1387 1862 1524 1914 Vale,
1559 1862 1699 1906 Pater
1725 1865 1782 1909 in„

144 1931 229 1972 X.⁰
249 1931 690 1973 obseruandissime.

225 2001 402 2044 Datum
422 2002 595 2053 Loreti,
618 2001 644 2042 8
671 2003 774 2044 idus
795 2003 972 2055 Aprilis
997 2003 1114 2044 1555.

516 2073 589 2114 Ex
611 2074 937 2115 commissione
956 2074 1011 2115 R.
1036 2073 1085 2115 P.
1108 2073 1340 2115 RectoriS.

680 2144 807 2185 Tuus
827 2145 1047 2197 indignus
1067 2145 1114 2185 in
1136 2144 1257 2198 Xpo.
1282 2144 1417 2196 filius,

1126 2286 1358 2331 RAPHAEL
1388 2289 1558 2330 ROERA.

199 2445 207 2464 ¹
247 2444 311 2473 Hic
329 2449 406 2474 sunt
421 2446 486 2474 duo
503 2447 620 2482 verba,
637 2455 724 2482 quae
739 2448 860 2476 charta
876 2449 1003 2477 detrita
1021 2451 1135 2484 legere
1152 2458 1216 2478 non
1232 2451 1412 2485 permittit.
