2047 3179
203 149 276 188 304
724 150 948 188 LITTERAE
965 161 1325 195 QUADRJMESTRES

208 252 401 297 uterquc
430 258 654 298 magnum
685 247 1003 288 adiumentum
1031 249 1170 288 habet
1207 248 1266 287 ad
1302 248 1544 287 arabicum
1582 259 1849 290 sermonem

207 316 567 358 addiscendum:
604 325 827 359 exercent
862 331 911 359 se
943 319 1191 370 diligenter
1226 318 1448 370 quotidie,
1480 330 1587 358 cum
1614 319 1846 370 loquendo

206 394 304 428 tum
326 389 589 441 scribendo,
623 390 666 430 in
692 403 746 430 ea
772 391 954 441 lingua:
985 402 1229 442 speramus
1259 390 1368 430 hinc
1395 401 1620 441 magnum
1643 390 1848 430 fructum

209 461 486 501 animarum.
525 460 821 513 Quapropter
865 462 983 502 haec
1018 461 1233 501 instituta
1279 461 1591 502 sanctissimis
1631 461 1850 512 precibus

211 529 260 570 Ρ.
284 531 336 571 T.
363 533 759 573 commendamus

288 603 532 644 Venerunt
567 605 657 644 huc
695 610 800 644 octo
835 603 1157 644 adolescentes
1178 604 1399 644 Valentia
1429 616 1522 644 vna
1561 615 1667 644 curn
1703 604 1850 644 fratre

207 681 385 725 nostro,
411 687 549 726 quem
583 676 690 716 illuc
726 676 1029 716 miseramus:
1055 686 1217 715 omnes
1247 686 1476 727 magnam
1509 675 1852 727 ingenuitatem

208 759 320 799 prae
344 759 393 787 se
416 747 594 797 serunt,
632 753 676 787 et
707 759 915 787 amorem
949 758 1175 798 magnum
1206 747 1394 788 Christo
1431 747 1667 787 seruiendi
1702 753 1852 787 osten—

207 818 335 858 dunt.
359 819 580 859 Nonnulli
602 830 764 858 eorum
786 830 1011 870 magnum
1032 830 1339 870 progressum
1368 819 1415 858 in
1438 818 1602 859 studiis
1624 819 1851 869 fecerunt,

208 890 302 930 iam
335 890 497 930 officiis
532 890 802 930 domesticis
838 889 1112 942 funguntur,
1150 896 1256 942 post
1292 889 1351 930 ad
1391 891 1578 930 scholas
1619 890 1850 930 mittendi.

206 961 340 1001 Duos
370 973 429 1001 ex
459 962 536 1001 illo
567 973 762 1001 numero
791 960 1060 1001 Messanam
1090 961 1323 1012 misimus,
1355 973 1410 1001 ac
1446 961 1582 1001 simul
1619 973 1724 1001 curn
1762 961 1853 1001 illis

208 1038 304 1072 tres
337 1032 508 1073 fratres
542 1032 924 1083 amandauimus,
961 1044 1160 1084 quorum
1196 1032 1287 1072 duo
1322 1032 1443 1072 inter
1478 1044 1573 1082 eos,
1606 1032 1682 1083 qui
1703 1032 1852 1072 literis

207 1116 400 1155 operam
423 1104 616 1154 dabant,
643 1103 955 1155 antiquissimi
983 1103 1335 1155 doctissimique
1358 1110 1507 1155 erant,
1532 1115 1585 1143 ea
1609 1103 1664 1143 de
1687 1114 1847 1155 causa,

211 1182 259 1214 ut
275 1175 493 1214 Messana
512 1173 779 1226 Syracusas
799 1174 1161 1226 proficiscantur
1183 1181 1227 1214 et
1249 1174 1308 1214 ibi
1333 1175 1545 1214 scholam
1567 1174 1796 1226 aperiant.

289 1246 339 1285 P.
364 1245 683 1297 Hieronymus
706 1245 980 1286 Domenech
1002 1247 1092 1286 huc
1115 1257 1222 1286 cum
1240 1245 1446 1296 Prorege
1468 1245 1689 1285 Messana
1708 1245 1852 1295 Venit,

209 1326 267 1367 tt,
292 1324 542 1369 postquam
563 1316 612 1356 P.
637 1316 839 1357 Michael
871 1317 880 1335 ¹
905 1317 1111 1357 cessauit
1134 1329 1160 1356 a
1190 1316 1529 1367 concionando,
1554 1316 1602 1356 Ρ.
1627 1316 1855 1367 Hierony-

210 1401 313 1430 mus
336 1395 379 1429 et
404 1388 449 1429 P.
475 1388 648 1428 Paulus
670 1387 684 1406 ‘²
705 1388 917 1428 vicissim
937 1399 1180 1428 sermones
1203 1387 1261 1427 ad
1283 1388 1507 1439 populum
1529 1388 1718 1428 habent.

291 1459 463 1501 Sumus
484 1460 532 1500 in
561 1460 650 1500 hoc
673 1459 874 1511 collegio
905 1471 986 1511 per
1015 1459 1105 1499 Dei
1136 1459 1343 1511 gratiam
1371 1459 1554 1499 collecti
1574 1458 1641 1509 41,
1677 1470 1857 1499 omnes-

211 1544 299 1584 que
316 1532 435 1572 bene
453 1531 687 1583 occupati,
701 1537 745 1571 et
761 1543 847 1583 pro
866 1531 989 1571 uirili
1005 1531 1276 1572 laboramus
1294 1531 1353 1571 ad
1369 1531 1571 1582 gloriam
1589 1529 1679 1571 Dei
1695 1536 1739 1571 et
1754 1542 1856 1582 pro-

214 1603 329 1644 ximi
351 1604 616 1644 utilitatem.

293 1675 585 1716 Admisimus
604 1675 651 1715 in
668 1681 881 1715 nostram
901 1673 1185 1715 Societatem
1203 1675 1419 1715 iuuenem
1437 1674 1691 1714 admodum
1707 1673 1859 1713 bonae

213 1747 402 1798 indolis,
427 1747 505 1798 qui
527 1746 643 1787 duos
666 1758 815 1786 annos
837 1747 1086 1786 continuos
1107 1747 1328 1798 ‘gnauiter
1350 1745 1546 1796 studuit,
1571 1745 1860 1797 summisque

212 1819 431 1871 precibus
452 1819 599 1870 recipi
618 1817 878 1869 contendit3
898 1825 941 1858 et
964 1829 1070 1858 cum
1092 1830 1174 1869 per
1197 1824 1416 1869 parentes
1434 1829 1527 1856 non
1549 1817 1711 1857 liceret
1731 1813 1860 1867 (nam

214 1902 321 1931 cum
349 1890 665 1942 intelligerent
691 1889 846 1941 ipsum
876 1889 975 1930 eius
1010 1890 1155 1929 animi
1190 1901 1317 1940 esse,
1356 1901 1450 1929 non
1483 1889 1695 1929 siuerunt
1730 1889 1860 1928 illum

214 1962 273 2003 ad
307 1962 496 2003 scholas
539 1960 741 2012 uenire),
780 1961 991 2012 captauit
1025 1967 1211 2011 tempus
1248 1966 1565 2012 opportunum
1600 1965 1644 1999 et
1679 1959 1739 1999 ad
1772 1971 1860 1999 nos

214 2036 337 2075 clam
365 2032 599 2084 confugit,
625 2045 681 2073 ac
715 2033 762 2073 in
790 2032 980 2072 domum
1009 2032 1137 2072 illum
1169 2031 1465 2072 admisimus:
1498 2042 1696 2082 cumque
1730 2031 1858 2070 nulla

213 2106 397 2147 ratione
418 2112 577 2157 posset
600 2104 770 2145 adduci
790 2110 839 2144 ut
861 2104 1052 2144 domum
1086 2109 1335 2154 paternam
1369 2102 1427 2142 ad
1463 2103 1640 2154 aliquot
1670 2102 1770 2142 dies
1790 2113 1858 2142 re-

213 2183 493 2227 uerteretur,
511 2176 634 2228 patri
651 2188 735 2216 suo
750 2187 851 2216 rem
868 2175 1195 2225 iudicauimus3
1215 2175 1307 2226 qui,
1328 2186 1434 2214 cum
1455 2174 1676 2224 uenisset,
1701 2173 1860 2213 multis

213 2249 474 2290 conabatur
491 2247 676 2288 efficere
698 2253 747 2287 ut
768 2247 1062 2299 propositum
1083 2251 1301 2296 mutaret,
1322 2257 1447 2285 nunc
1470 2244 1735 2296 magnificis
1754 2256 1858 2296 pro-

211 2320 383 2371 missis,
407 2331 531 2360 nunc
551 2319 824 2370 lachrymis:
849 2317 931 2358 sed
947 2329 1054 2357 cum
1077 2317 1277 2369 amplius
1295 2317 1463 2366 horam
1480 2316 1526 2356 in
1545 2315 1860 2356 dissuadendo

215 2391 600 2442 consumpsisset,
625 2403 712 2430 nec
733 2390 878 2430 filium
900 2400 1199 2430 commouere
1220 2394 1395 2440 posset,
1419 2387 1636 2428 discessit
1654 2387 1858 2438 domum,

215 2469 465 2515 postquam
494 2469 737 2502 reuertens
760 2461 956 2501 adduxit
979 2472 1139 2501 secum
1167 2459 1351 2500 affinem
1380 2471 1530 2510 suum,
1561 2456 1640 2510 qui
1662 2469 1861 2510 conque-

217 2535 406 2575 rebatur
424 2540 624 2574 matrem
640 2533 822 2573 iuuenis
836 2532 954 2573 adeo
972 2543 1186 2572 moerore
1201 2530 1384 2582 confici,
1404 2537 1453 2570 ut
1470 2530 1714 2571 minimum
1731 2529 1861 2569 abes-

217 2612 287 2646 set
308 2606 419 2657 quin
441 2612 717 2645 moreretur.
743 2603 986 2655 Cognatus
1009 2609 1180 2653 autem,
1206 2603 1284 2654 qui
1313 2602 1446 2642 diues
1468 2600 1721 2641 admodum
1742 2606 1859 2651 erat,

218 2677 404 2717 dicebat
442 2676 570 2716 illum
604 2677 708 2716 loco
748 2675 828 2716 filii
866 2676 982 2715 uelle
1022 2674 1197 2714 habere
1234 2673 1358 2725 quod
1399 2673 1498 2724 ipse
1538 2684 1632 2712 non
1667 2671 1864 2712 haberet

215 2746 359 2787 filiurn
384 2748 659 2797 masculum3
697 2758 862 2786 uerum
884 2746 1175 2796 adolescens,
1199 2745 1317 2784 haec
1355 2743 1510 2784 omnia
1541 2742 1651 2782 forti
1685 2742 1866 2794 spreuit

277 2949 286 2969 ¹
328 2949 365 2976 P.
383 2948 527 2976 Michael
545 2949 710 2976 Botellus.

276 2999 290 3017 ‘³
328 2998 361 3025 P.
380 2997 506 3024 Paulus
522 2997 715 3031 d·Aehi11is,
732 2996 857 3024 Rector
871 2995 1033 3029 Collegii.
