2047 3179
817 115 900 152 AN.
931 114 1022 152 1555
1672 114 1743 152 333

108 218 220 252 cata
243 212 345 252 ausi
372 217 479 252 sunt
509 212 733 252 reuelare.
758 210 901 251 Nobis
933 217 1087 251 autem
1115 222 1209 250 non
1239 211 1391 251 solum
1411 211 1554 251 libere
1583 211 1739 251 omnia

116 282 413 332 confitentur,
446 282 527 322 sed
554 282 799 333 generales
827 281 1150 321 confessiones
1178 280 1335 321 facere
1359 282 1536 332 uolunt,
1568 287 1616 321 ut
1644 287 1742 321 tan—

109 353 221 394 ·dem
243 353 493 404 aliquando
514 353 715 405 puritate
736 351 1051 393 conscientiae
1072 351 1388 402 perfruantur.
1406 351 1645 392 Iniunctas
1674 363 1741 392 sa-

119 424 410 464 tisfactiones
432 423 632 473 (etiamsi
653 424 745 464 sint
765 423 994 474 publicae,
1027 434 1133 462 cum
1162 433 1239 462 res
1266 422 1428 473 exigit,
1452 421 1742 474 disciplinae)

121 495 428 535 libentissimo
450 495 605 535 animo
628 493 902 545 suscipiunt.
926 493 1105 534 Tantus
1134 494 1181 533 in
1207 493 1297 533 illis
1325 493 1454 544 uiget
1483 492 1745 533 deuotionis

119 565 294 605 feruor!

202 635 318 677 Sunt
339 637 482 676 etiam
501 637 648 687 multi,
680 636 759 689 qui
789 636 892 676 aliis
918 637 1081 676 nolunt
1104 635 1331 687 confiteri,
1362 635 1578 688 quamuis
1598 635 1647 675 in
1677 646 1748 674 eo-

116 706 228 747 dem
248 707 350 747 loco
372 707 616 748 nobiscum
636 707 828 748 audiant
849 706 1184 757 confessiones,
1207 707 1478 758 maluntque
1509 706 1587 747 diu
1614 717 1748 757 expe-

123 783 272 828 ctare,
303 778 395 818 imo
425 778 566 819 etiam
599 778 851 829 aliquando
882 777 981 818 sine
1013 777 1308 818 confessione
1335 777 1525 818 domum
1560 777 1748 827 reuerti,

125 859 267 900 quam
287 855 555 889 nostrorum
576 861 738 890 carere
755 849 1074 890 consolatione
1092 855 1136 889 et
1152 848 1324 900 gratia,
1343 860 1484 900 quam
1500 848 1548 888 in
1565 848 1750 889 audien-

126 919 197 959 dis
217 918 587 960 confessionibus
606 919 735 960 Deus
756 919 979 961 Societati
1000 926 1070 960 est
1091 920 1332 971 elargitus.
1357 920 1459 960 Hoc
1475 919 1753 971 praesertim

132 990 252 1030 solet
274 990 548 1041 contingere
578 991 648 1042 iis,
679 991 838 1043 quiex
870 990 1038 1031 uicinis
1066 990 1334 1031 ciuitatibus
1361 996 1405 1031 et
1433 989 1617 1042 oppidis
1643 989 1754 1030 data

127 1072 270 1112 opera
292 1060 351 1100 ad
372 1073 456 1102 nos
477 1062 629 1102 solent
651 1062 825 1113 uenire,
845 1067 1003 1114 utpote
1023 1073 1082 1102 ex
1098 1061 1313 1112 Ancona,
1335 1061 1591 1113 Macerata,
1610 1061 1756 1101 Reca-

127 1137 255 1182 nato,
277 1131 609 1184 Montephano,
635 1132 997 1182 Castroficardo,
1022 1138 1066 1173 et
1087 1133 1192 1173 aliis
1212 1132 1380 1173 uicinis
1403 1132 1602 1185 oppidis,
1626 1132 1750 1184 quip-

131 1214 188 1254 pe
210 1202 287 1254 qui
308 1204 381 1243 uel
403 1215 461 1243 ex
493 1204 627 1244 suaui
648 1204 952 1256 experientia,
976 1205 1050 1244 uel
1078 1216 1136 1244 ex
1163 1203 1362 1244 aliorum
1381 1205 1531 1244 relatu
1557 1204 1648 1244 mel
1669 1204 1758 1256 spi—

131 1273 314 1324 rituale,
344 1274 469 1325 quod
496 1274 625 1315 Deus
651 1275 748 1315 suis
778 1274 987 1316 fidelibus
1018 1286 1101 1326 per
1127 1280 1316 1315 nostros
1345 1276 1586 1326 elargitur,
1620 1281 1759 1315 antea

127 1351 240 1385 sunt
260 1345 455 1397 experti.

211 1416 362 1457 Huius
382 1417 524 1457 etiam
539 1417 696 1469 oppidi
717 1418 940 1470 hospiteS,
963 1418 1002 1457 si
1024 1429 1141 1469 quos
1168 1418 1400 1470 recipiunt
1430 1418 1659 1469 dignitate
1689 1418 1763 1458 uel

135 1489 348 1529 doctrina
377 1490 532 1529 claros
559 1489 703 1539 uirOS,
736 1490 886 1529 solent
913 1489 1017 1530 illos
1053 1489 1112 1529 ad
1142 1501 1227 1530 nos
1263 1489 1461 1530 mittere.
1498 1489 1591 1541 Ipsi
1624 1490 1764 1529 etiam

134 1571 241 1600 cum
262 1560 539 1611 coniugibus
560 1566 605 1600 et
625 1560 783 1600 liberis
803 1560 1105 1601 libentissime
1126 1561 1262 1601 nobis
1283 1560 1578 1612 confitentur,
1602 1566 1765 1612 estque

134 1631 384 1672 Societatis
405 1643 575 1672 nornen
597 1642 805 1672 summae
826 1632 1121 1672 auctoritatis
1142 1631 1267 1684 apud
1282 1632 1425 1684 ipsos.
1449 1631 1608 1672 Animi
1625 1631 1767 1673 etiam

138 1704 390 1743 multorum
411 1703 761 1753 canonicorum,
785 1708 830 1743 et
852 1702 1048 1743 aliorum
1070 1703 1207 1743 huius
1224 1703 1398 1755 templi,
1417 1703 1510 1755 qui,
1532 1703 1590 1743 ob
1607 1703 1766 1743 nescio

140 1785 258 1825 quas
292 1774 600 1826 suspicioneS,
632 1774 677 1814 in
700 1774 830 1814 initio
860 1774 994 1814 nobis
1022 1785 1116 1814 non
1148 1774 1428 1815 uidebantur
1448 1774 1566 1815 bene
1593 1773 1766 1825 affecti,

141 1851 475 1885 mansuescunt
497 1845 544 1885 in
566 1844 679 1896 dies,
704 1851 749 1885 et
769 1844 991 1896 dignatur
1011 1850 1204 1885 aeterna
1233 1845 1418 1886 bonitas
1448 1845 1675 1897 paulatim
1696 1857 1769 1886 eo-

137 1928 247 1957 rum
268 1916 412 1957 corda
434 1927 518 1956 suo
533 1916 707 1956 lumine
729 1916 978 1956 illustrare.

224 1987 495 2028 Brutiorum
516 1987 709 2038 Prorex,
734 1998 906 2038 magno
929 1988 1136 2040 equitum
1164 1994 1208 2028 et
1239 1987 1561 2028 ministrorum
1582 1987 1771 2028 comita-

143 2066 206 2111 tu,
230 2060 352 2100 hanc
374 2058 724 2099 sanctissimam
744 2058 931 2099 domum
953 2059 1127 2109 inuisit,
1151 2064 1313 2110 estque
1336 2059 1578 2099 confessus
1608 2064 1771 2099 nostro

145 2131 194 2172 Ρ.
217 2130 405 2171 Rectori
430 2136 562 2171 tanta
589 2129 733 2169 animi
763 2129 1097 2180 consolatione,
1127 2136 1177 2170 ut
1207 2130 1395 2170 iusserit
1426 2130 1523 2170 suis
1558 2129 1773 2170 omnibus

143 2203 235 2242 hac
256 2201 420 2242 eadem
439 2200 532 2241 frui
551 2200 890 2241 benedictione.
916 2200 1129 2241 Confessi
1157 2201 1313 2252 itaque
1341 2207 1449 2241 sunt
1474 2201 1608 2241 nobis
1635 2200 1776 2241 aulici

150 2284 312 2313 omnes
346 2284 493 2324 usque
529 2270 587 2312 ad
625 2271 833 2311 infimum
867 2283 1094 2323 equorum
1129 2271 1393 2312 ministrum
1427 2283 1534 2312 cum
1568 2272 1775 2312 maxima

148 2344 472 2384 consolatione
495 2348 538 2382 et
559 2342 728 2392 fructu,
753 2342 817 2381 ita
838 2348 888 2382 ut
908 2353 1081 2382 nouam
1102 2342 1290 2382 uiuendi
1306 2353 1523 2382 normam
1543 2342 1687 2394 aliqui
1702 2354 1777 2394 pe-

152 2421 304 2456 terent
337 2419 381 2454 et
410 2414 731 2466 impetrarent.
764 2412 867 2464 Ipse
895 2424 1008 2453 uero
1038 2413 1263 2464 Princeps
1284 2425 1333 2453 se
1370 2419 1518 2453 totum
1551 2425 1778 2465 suamque

155 2486 485 2527 auctoritatem
515 2484 785 2537 plenissime
820 2483 984 2524 obtulit
1019 2483 1258 2525 Societati.
1296 2484 1425 2524 Patri
1452 2496 1565 2525 uero
1591 2483 1781 2525 Rectori

155 2563 337 2598 tantum
365 2556 542 2607 detulit,
575 2560 801 2607 quantum
826 2566 913 2595 nec
942 2555 1041 2607 ipse
1069 2555 1358 2605 admittebat,
1387 2567 1474 2595 nec
1501 2556 1682 2596 aulicae
1709 2567 1780 2596 ur-

154 2628 378 2669 banitatis
400 2627 520 2667 ratio
543 2626 783 2677 edocebat,
805 2626 868 2666 ita
891 2632 940 2667 ut
971 2638 1118 2679 usque
1140 2627 1187 2667 in
1207 2626 1398 2667 domum
1418 2632 1625 2667 nostram
1664 2626 1781 2667 reni-

155 2706 333 2740 tentem
352 2698 541 2739 Patrem
561 2697 763 2738 uoluerit
784 2697 1014 2738 comitari.

238 2771 371 2811 R.11¹u⁵
392 2769 533 2810 etiam
555 2767 820 2809 Cardinalis
846 2766 1048 2809 Sanctae
1067 2767 1120 2820 ᾖ
1141 2768 1199 2809 ab
1221 2769 1436 2810 omnibus
1455 2769 1590 2810 nobis
1609 2769 1694 2809 fuit
1715 2780 1783 2809 sa-

146 2844 349 2892 lutatus,
374 2840 611 2891 noluitque
631 2845 793 2880 nostro
815 2838 944 2880 Patri
960 2838 1186 2891 confiteri,
1210 2845 1255 2880 et
1270 2840 1444 2880 nostris
1459 2840 1683 2881 fratribus
1699 2851 1787 2880 sua

159 2924 303 2956 manu
326 2913 379 2953 -in
407 2910 669 2955 dominicae
699 2909 1043 2951 Incarnationis
1079 2910 1611 2960 sacelloEucharistiae
1631 2922 1787 2952 sacra·
