2047 3179
855 168 938 201 Ax.
970 165 1060 201 1555>
1697 165 1767 203 569

135 263 220 310 tia,
245 270 287 302 et
311 262 539 302 Praefecti
563 262 880 302 sacrificorum
906 261 1102 310 Regium
1126 261 1253 310 (sse),
1276 270 1317 299 ct
1343 261 1553 300 Rectoris
1580 262 1767 301 Uniuer·

137 333 307 382 sitatis,
337 341 380 373 et
409 334 585 373 Prioris
617 333 856 373 Ecclesiae
886 332 1084 382 primae,
1110 339 1152 370 ct
1184 331 1506 370 sacrificorum
1535 332 1765 372 Basilicae

138 403 328 454 Regiae,
362 410 405 443 et
437 404 642 455 equitum
670 408 960 451 auratorum,
995 408 1038 441 et
1067 402 1355 452 collegarum
1383 403 1589 442 omnium
1619 402 1763 443 Colle-

138 474 336 521 Qiorum.
371 474 547 524 Quibus
569 474 754 525 quidem
774 472 1095 516 inuisionibus,
1120 484 1179 511 an
1199 472 1286 523 ipsi
1308 473 1533 512 maiorem
1556 474 1764 512 consola-

135 545 311 585 tionem
329 546 639 596 perceperint,
664 557 723 585 an
745 544 882 584 Pater
904 543 1068 583 maiori
1090 542 1227 583 fuerit
1258 544 1530 583 confusione
1553 543 1762 592 affectus,

136 627 224 667 ego
253 628 365 656 sane
386 627 578 667 prorsus
600 617 779 667 ignoro.
805 615 1051 655 Caeterum
1069 620 1138 653 est
1155 615 1277 665 quod
1299 626 1385 654 nos
1407 627 1499 654 non
1521 615 1764 655 mediocri-

136 694 208 726 ter
241 687 523 737 consoletur,
559 687 819 737 gratiarum
849 697 1014 736 nempe
1044 685 1144 724 Deo
1175 686 1313 734 actio,
1338 697 1455 736 quas
1483 686 1631 725 cidem
1660 697 1763 736 age-

136 759 263 807 bant,
288 758 409 808 quod
431 758 521 797 huc
544 757 825 798 Societatem
856 756 1127 797 adduxisset
1148 756 1195 795 in
1217 756 1463 796 utilitatem
1485 768 1579 796 non
1602 757 1763 808 vulga-

136 841 248 877 rem,
274 840 412 879 quam
436 841 494 868 ex
516 842 568 868 ea
592 829 834 880 percipere
854 834 1033 879 putant.

215 900 285 940 Ex
317 900 388 939 his
421 900 577 951 itaque
606 907 649 940 et
671 900 716 940 id
744 911 894 950 genus
916 899 1034 947 aliis,
1058 911 1177 950 quae
1199 899 1274 938 hic
1302 898 1439 938 Pater
1467 899 1598 949 vidit,
1621 911 1764 940 ausus

130 976 206 1011 est
227 971 459 1010 affirmare
481 982 529 1010 se
551 982 782 1022 nusquam
804 969 977 1010 vidisse
999 971 1208 1010 locorum
1230 969 1512 1021 quempiam,
1532 981 1648 1021 quos
1665 970 1763 1021 ipse

133 1043 372 1091 lustrarat,
411 1042 488 1081 ubi
522 1053 615 1081 vno
651 1042 856 1082 omnium
888 1053 967 1081 ore
998 1048 1093 1081 tam
1128 1041 1244 1081 bene
1275 1040 1331 1080 de
1364 1040 1597 1081 Societate
1627 1048 1672 1081 et
1708 1041 1763 1081 de

136 1113 371 1153 exercitiis
404 1113 623 1152 sentitum
655 1113 728 1162 sit,
753 1124 891 1164 quam
919 1113 965 1152 in
995 1113 1083 1152 hac
1119 1113 1324 1162 ciuitate,
1356 1118 1516 1163 vtpote
1554 1113 1631 1164 qui
1661 1124 1764 1152 eru-

133 1185 323 1233 ditione,
354 1184 595 1234 dignitate,
635 1184 892 1233 nobilitate,
925 1184 1028 1223 aliis
1062 1189 1321 1235 praestant,
1354 1190 1535 1223 tantum
1570 1184 1701 1224 abest
1737 1196 1763 1224 a

133 1240 367 1296 Societate
390 1255 682 1304 dissentiant,
713 1262 762 1294 vt
789 1266 948 1294 secum
978 1265 1120 1305 agere
1150 1266 1245 1294 non
1275 1261 1530 1294 vereantur
1559 1266 1762 1306 quonam

132 1327 222 1378 ipsi
243 1332 380 1378 pacto
403 1326 566 1366 eadem
598 1337 818 1366 exercere
848 1327 1052 1365 valeant.
1078 1325 1337 1365 Memoratu
1360 1325 1547 1377 quidem
1569 1326 1763 1377 dignum

132 1404 217 1447 est,
241 1397 364 1448 quod
387 1409 412 1436 a
435 1397 638 1448 quodam
664 1397 780 1447 uiro,
807 1397 951 1436 literis
980 1403 1024 1436 et
1055 1396 1282 1436 virtutum
1312 1397 1600 1437 ornamentis
1631 1409 1761 1448 prae-

133 1469 284 1519 cipuo,
309 1468 591 1519 accepimus.
626 1467 742 1507 Cum
764 1467 885 1507 enim
914 1467 962 1507 P.
993 1467 1301 1507 Prouincialis
1336 1474 1497 1518 ageret
1528 1480 1634 1508 cum
1664 1470 1758 1519 illo,

133 1551 378 1591 sermoque
401 1540 457 1579 de
479 1539 718 1579 exercitiis
740 1539 995 1588 incidisset,
1020 1539 1141 1578 hanc
1163 1538 1210 1578 in
1231 1539 1433 1579 medium
1451 1541 1759 1590 comparatio-

132 1622 238 1651 nem
265 1611 432 1659 attulit,
464 1610 626 1649 dicens
658 1609 796 1660 quod,
826 1609 1218 1661 quemadmodum
1249 1609 1465 1660 Apostoli
1494 1611 1539 1650 in
1568 1611 1644 1650 illa
1672 1612 1761 1663 pri-

134 1694 299 1722 maeua
321 1682 519 1721 ecclesia
543 1681 823 1720 documenta
846 1680 1077 1731 quaedam
1098 1680 1346 1731 habebant,
1365 1681 1529 1732 quibus
1547 1682 1762 1722 homines

132 1752 191 1792 ad
211 1752 300 1792 Dei
321 1753 495 1792 cultum
521 1752 776 1801 allicerent,
807 1752 870 1791 ita
904 1752 1116 1791 eumdem
1148 1752 1397 1792 tradidisse
1423 1753 1648 1793 exercitia
1682 1753 1760 1794 So-

133 1824 303 1874 cietati‚
328 1824 495 1875 quibus
516 1823 728 1862 homines
750 1823 1033 1862 inducantur
1056 1822 1115 1862 ad
1137 1823 1390 1863 saluandos
1411 1824 1605 1875 seipsos

210 1894 285 1935 Ad
314 1895 515 1946 primam
543 1895 832 1944 concionem,
869 1905 1005 1945 quam
1044 1893 1092 1933 P.
1132 1894 1334 1933 Basilius
1368 1895 1551 1945 publice
1581 1895 1757 1945 habuit,

130 1977 303 2017 magna
326 1967 580 2017 peritorum
610 1965 851 2005 hominum
881 1971 924 2004 et
946 1966 1235 2015 collegarum
1266 1972 1404 2017 atque
1436 1966 1758 2007 sacrificorum

132 2037 331 2088 Regium
352 2037 461 2087 (sic)
483 2037 617 2088 copia
650 2037 935 2076 aduentauit.
966 2036 1179 2077 Interfuit
1207 2037 1347 2077 etiam
1368 2036 1494 2077 D.1¹¹³S
1518 2036 1757 2090 Archiepi-

131 2120 318 2160 scopus,
342 2109 418 2159 qui
441 2114 689 2148 contentus
711 2120 765 2147 ea
786 2119 931 2159 usque
954 2108 1068 2148 adeo
1091 2108 1298 2156 recessit,
1320 2114 1370 2147 vt
1388 2109 1632 2160 proximae
1655 2121 1760 2149 con—

130 2179 267 2230 cioni,
289 2191 427 2231 quarn
447 2179 570 2230 apud
586 2178 737 2218 Diuae
755 2178 921 2219 Annae
943 2179 1118 2226 habuit,
1139 2179 1354 2229 adfuerit,
1379 2178 1641 2219 admiratus
1664 2181 1757 2231 qui-

126 2250 236 2290 dem
256 2256 434 2290 tantam
457 2249 700 2289 hominum
721 2249 1076 2299 multitudinem,
1102 2250 1179 2301 qui
1200 2249 1387 2289 Patrem
1415 2250 1644 2290 audirent.
1671 2250 1758 2290 Re-

129 2321 303 2373 liquum
334 2327 490 2361 autem
522 2321 694 2371 vulgus
730 2321 980 2360 conciones
1015 2322 1210 2361 multum
1241 2320 1518 2371 frequentat.
1549 2321 1613 2361 At
1649 2322 1758 2373 quid

129 2392 226 2432 dixi
261 2392 451 2442 vulgus?
488 2392 628 2431 immo
662 2403 823 2431 omnes
853 2391 947 2432 fere
976 2392 1153 2443 equites
1184 2392 1335 2431 aurati
1365 2398 1643 2443 sequuntur,
1682 2404 1757 2432 au-

130 2463 260 2502 diunt
281 2463 421 2502 etiam
445 2463 640 2503 libenter
662 2462 912 2502 conciones
940 2462 1106 2510 Patris,
1129 2462 1265 2502 valde
1296 2463 1582 2514 multumque
1609 2463 1758 2503 incre-

128 2534 284 2585 pantis
324 2534 369 2573 in
409 2532 558 2573 Deum
599 2533 825 2584 optimum
863 2533 1118 2573 maximum
1156 2540 1352 2584 peccata
1392 2534 1671 2584 commissa,
1713 2541 1758 2574 et

127 2604 404 2662 immodicos
432 2606 631 2645 uestium
659 2605 825 2654 cultus,
858 2605 1024 2656 quibus
1054 2604 1143 2654 ipsi
1169 2605 1321 2644 ornati
1347 2604 1564 2644 incedere
1590 2605 1756 2654 solent,

127 2687 293 2715 verum
314 2675 402 2726 ipsi
424 2675 560 2716 minis
582 2687 637 2715 ac
659 2675 881 2715 vitiorum
899 2675 1205 2715 detestatione
1222 2675 1385 2726 territi,
1405 2682 1455 2715 vt
1474 2677 1626 2715 oleum
1647 2676 1757 2716 vino

127 2745 340 2786 infundat
377 2751 558 2797 petunt,
589 2752 640 2786 vt
669 2745 1040 2786 misericordiam
1070 2746 1273 2786 iustitiae
1311 2746 1568 2786 admisceat
1604 2753 1754 2786 orant.

128 2817 191 2857 At
211 2828 324 2856 uero
345 2815 497 2867 Pater,
523 2817 690 2868 spiritu
711 2816 798 2856 Dei
819 2817 972 2867 potius
995 2817 1161 2857 ductus
1189 2828 1329 2868 quam
1354 2829 1514 2857 eorum
1538 2817 1757 2868 efflagita-

129 2887 349 2939 tionibus,
373 2899 464 2939 quo
486 2888 638 2939 magis
660 2887 1030 2928 misericordiam
1051 2887 1324 2939 efflagitant,
1348 2900 1401 2928 eo
1423 2888 1574 2940 magis
1597 2900 1755 2929 eorum

128 2959 326 2999 vulnera
357 2965 619 3010 penetrare,
650 2959 905 3011 eademque
940 2959 1206 3011 patefacere
1242 2966 1458 3001 conatur.
1494 2959 1758 3001 Conciones
