2047 3179
868 164 908 199 A
916 174 953 199 Ν.
985 164 1076 199 1555
1738 162 1808 199 229

813 611 1166 667 COGXLIH

231 839 495 879 Gonzalvus
515 842 569 879 de
585 841 775 880 Silveira

285 907 406 943 Patri
425 907 594 953 Ignatio
616 907 668 943 de
688 906 873 954 Loyola.

331 971 612 1019 Ulyssipone,
632 972 648 1009 1
669 971 869 1019 januarii
890 970 981 1008 1555
997 971 1021 1005 ¹.

921 1125 1049 1203 Iesus

248 1323 413 1364 Gratia
434 1323 623 1364 Domini
643 1324 792 1364 nostri
818 1324 921 1365 Iesu
955 1324 1130 1365 Christi
1159 1323 1281 1364 adsit
1311 1334 1495 1374 semper
1524 1321 1692 1362 animis
1721 1333 1799 1361 no-

162 1394 291 1434 stris.
317 1394 483 1435 Amen.

246 1464 472 1514 Scribam,
499 1467 610 1506 R.11²e
631 1466 786 1518 Pater,
823 1466 1215 1518 quemadmodum
1247 1465 1477 1517 praecipit
1506 1470 1671 1504 sancta
1693 1463 1797 1503 obe-

160 1536 358 1587 dientia,
383 1549 501 1588 quae
524 1538 597 1578 his
617 1538 845 1589 proximis
866 1538 891 1577 4
911 1537 1164 1588 mensibus,
1193 1536 1283 1577 Dei
1312 1536 1486 1588 Optimi
1506 1535 1701 1576 Maximi
1725 1534 1799 1574 be·

167 1606 348 1658 neficio,
373 1619 454 1658 per
475 1620 561 1648 nos
583 1620 746 1649 seruos
767 1609 954 1649 inutiles
984 1609 1030 1648 in
1052 1608 1167 1648 aede
1187 1607 1299 1648 Diui
1319 1607 1471 1647 Rochi
1492 1612 1598 1646 acta
1619 1612 1740 1646 sunt.

247 1677 456 1718 Primum
492 1680 698 1719 omnium
732 1679 894 1720 Patres
925 1691 980 1720 ac
1009 1679 1194 1729 fratres,
1229 1689 1426 1730 quorum
1461 1689 1706 1717 numerum
1728 1688 1801 1716 co-

160 1759 369 1800 ggnosces
388 1762 445 1789 ex
461 1751 694 1801 catalogo,
715 1750 794 1802 qui
811 1762 917 1791 cum
932 1750 1004 1790 his
1020 1750 1188 1790 litteris
1204 1749 1424 1790 reddetur
1446 1748 1474 1799 ²,
1494 1754 1682 1788 strenue
1697 1759 1799 1799 pro-

167 1821 319 1871 gressi
354 1827 459 1861 sunt
482 1822 528 1861 in
557 1822 632 1861 uia
669 1821 878 1872 Domini,
912 1822 1152 1862 studentes
1185 1820 1359 1861 nostris
1390 1819 1800 1860 constitutionibus

165 1897 307 1943 atque
328 1892 502 1943 regulis
524 1899 838 1943 congruenter
858 1893 1020 1933 viuere
1038 1893 1187 1944 iisque
1208 1892 1478 1933 muneribus
1509 1890 1656 1942 fungi,
1682 1901 1801 1942 quae

169 1962 227 2002 ab
264 1962 524 2003 obedientia
564 1965 964 2015 praescribuntur.

248 2033 382 2085 Quod
405 2035 464 2075 ad
491 2035 807 2075 ualetudinem
829 2036 1010 2087 attinet,
1041 2035 1340 2076 incommoda
1370 2035 1557 2075 interim
1583 2033 1656 2074 usi
1676 2038 1798 2082 sunt,

167 2117 260 2146 non
294 2113 451 2146 tamen
473 2106 753 2157 periculosa.

247 2176 324 2217 Ad
358 2177 623 2227 conciones,
662 2177 885 2218 lectiones
917 2178 1158 2219 doctrinae
1189 2178 1489 2227 christianae,
1521 2182 1659 2227 atque
1695 2187 1801 2215 con-

166 2247 397 2288 fessiones
413 2248 462 2288 fit
480 2249 713 2288 maximus
730 2260 1002 2290 concursus.
1027 2249 1308 2290 Benedictus
1329 2249 1472 2289 Deus,
1496 2248 1546 2288 In
1568 2247 1803 2287 concioni-

163 2319 251 2359 bus
278 2325 322 2359 et
349 2319 577 2360 doctrinis
605 2331 853 2360 versamur
874 2331 962 2371 ego
986 2327 1031 2361 et
1053 2320 1102 2361 Pu
1129 2320 1366 2361 Gonzalus
1386 2320 1504 2359 Vaz.
1529 2318 1583 2359 R.
1607 2317 1655 2358 P.
1689 2318 1797 2358 Pro—

165 2389 381 2430 uincialis
401 2388 414 2408 ³
431 2390 678 2442 aliquoties
710 2391 1018 2431 christianam
1039 2391 1306 2432 doctrinam
1336 2390 1590 2442 explicauit
1618 2389 1801 2429 orandi-

160 2472 255 2512 -que
272 2461 503 2501 rationem
521 2461 754 2512 exposuit,
777 2473 867 2513 qua
889 2463 936 2502 in
957 2474 1007 2503 re
1028 2463 1278 2514 plurimum
1301 2461 1591 2502 auditoribus
1607 2460 1797 2512 placuit.

221 2597 231 2617 ¹
270 2597 519 2631 Autographae
543 2596 573 2624 in
600 2596 813 2631 quadruplici
834 2597 925 2630 solio,
949 2605 1002 2625 nn.
1031 2598 1160 2625 591-594.
1185 2599 1315 2625 Auctor
1343 2606 1532 2632 cognomen
1560 2605 1626 2625 non
1654 2596 1803 2625 subscri-

165 2643 244 2677 psit,
257 2644 316 2671 sed
332 2648 465 2672 tantum
479 2652 600 2671 nomen
617 2643 780 2670 Gonzalo.
797 2643 933 2671 Nullum
955 2650 1069 2672 tamen
1085 2653 1157 2672 esse
1173 2646 1310 2673 dubium
1330 2650 1442 2680 potest
1466 2646 1545 2680 quin
1561 2647 1589 2674 is
1612 2645 1657 2673 sit
1679 2644 1805 2672 Gundi·

163 2692 284 2719 salvus
299 2699 357 2719 seu
375 2691 546 2719 Gonzalus
561 2691 720 2725 Silveira,
737 2691 1016 2727 Ulyssiponensis
1032 2693 1211 2720 Professae
1226 2693 1354 2721 Domus
1371 2694 1602 2729 Praepositus.
1619 2694 1680 2721 Ait
1701 2697 1802 2720 enim:

166 2738 217 2765 “in
241 2739 458 2766 concionibus
475 2743 505 2766 et
523 2739 687 2766 doctrinis
703 2747 883 2767 versamur
899 2747 960 2774 ego
983 2745 1017 2767 et
1041 2740 1077 2767 Ρ.
1107 2740 1278 2768 Gonzalus
1301 2741 1386 2769 Vaz.
1406 2742 1569 2776 jamvero
1585 2749 1625 2768 ex
1648 2741 1802 2768 POLANCI

160 2786 345 2820 *Chronica
360 2791 383 2814 t.
403 2794 543 2821 1v,pag.
559 2786 621 2819 533,
638 2794 691 2814 nn.
709 2786 778 2813 1137
792 2791 825 2814 et
841 2794 923 2821 seq..
941 2788 995 2815 ubi
1011 2789 1084 2822 agit
1102 2789 1142 2815 de
1156 2788 1263 2816 Domo
1285 2789 1520 2817 Professorum
1542 2789 1661 2817 Sancti
1681 2789 1805 2822 Rochi,

161 2834 322 2861 novimus
345 2842 431 2868 eum,
458 2834 513 2868 qui
538 2841 611 2861 cum
637 2834 673 2861 P.
690 2833 901 2862 Gundisalvo
919 2834 993 2862 Vaz
1018 2843 1139 2863 munus
1163 2837 1280 2864 obibat
1305 2837 1540 2871 concionandi,
1565 2837 1668 2864 fuisse
1691 2837 1802 2870 ipsum

164 2880 207 2908 P.
227 2880 476 2908 Gundisalvum
492 2880 653 2908 Silveira.

219 2928 233 2947 2
271 2928 419 2956 Periisse
435 2929 462 2956 is
477 2929 626 2956 videtur.

219 2975 236 2995 5
271 2976 309 3003 Ρ.
326 2975 472 3009 Jacobus
488 2975 607 3004 Miron.
