2047 3179
867 134 950 171 AN.
981 134 1072 171 1555
1711 136 1781 174 713

155 232 376 272 alacriter
397 243 583 272 sacrum
605 231 837 283 baptisma
864 230 1092 282 suscepit,
1125 243 1151 271 a
1182 243 1271 282 quo
1301 232 1475 283 alioqui
1506 232 1634 283 prius
1665 233 1779 272 satis

153 302 449 344 abhorrebat.
480 303 562 343 Est
589 309 632 343 et
660 302 853 343 iudaeus
881 302 1083 353 quidam,
1114 302 1210 353 qui,
1248 302 1307 342 ad
1339 303 1549 342 eamdem
1576 304 1780 351 gratiam

154 374 385 425 aspirans,
410 385 437 413 a
458 374 632 414 nostris
654 373 988 423 catechizatur,
1011 373 1184 423 statim,
1203 380 1253 412 vt
1270 384 1529 425 speramus,
1549 375 1781 426 baptisma

155 452 475 495 suscepturus.
499 443 615 485 Sunt
636 444 710 484 hic
732 455 962 496 pauperes
983 443 1172 495 quidam
1195 443 1390 484 studiosi
1405 445 1561 495 plures
1578 452 1779 495 centum,

155 515 247 566 qui,
270 515 434 566 patriis
456 515 663 555 destituti
683 515 831 565 bonis,
855 515 900 555 in
922 514 1110 554 domum
1132 514 1384 566 quamdam
1405 515 1503 555 siue
1525 515 1782 566 Collegium

155 586 445 636 recipiuntur
466 586 523 626 ob
544 586 667 626 hunc
689 585 826 626 finem
848 585 956 626 oli-m
976 591 1312 635 constructum,
1337 586 1414 637 qui
1436 586 1643 627 ostiatim
1675 598 1782 637 quo-

156 656 266 696 tidie
302 656 479 696 victum
514 657 794 708 quaeritant.
832 656 1011 697 Horum
1047 655 1185 696 aedes
1225 668 1331 697 cum
1370 663 1602 697 vetustate
1640 657 1783 697 nimia

156 738 273 778 pene
295 734 584 778 corruerent,
610 728 793 768 curauit
813 727 867 768 R.
891 727 940 767 Ρ.
965 727 1148 779 Lainoy
1176 726 1186 746 ¹
1208 728 1520 779 eleemosynis
1544 740 1570 767 a
1592 730 1784 768 nonnul-

155 798 210 838 lis
232 798 520 849 principibus
541 804 586 838 et
606 799 905 850 magnatibus
925 797 1128 850 vndique
1160 798 1366 838 collectis
1393 810 1473 838 eas
1501 799 1690 849 egregie
1718 811 1786 839 re-

158 869 379 918 staurari,
402 880 584 908 necnon
605 869 695 909 illis
716 875 811 909 tam
832 869 888 910 de
908 869 1115 909 vestibus
1136 881 1275 921 quam
1296 869 1399 909 aliis
1415 869 1553 910 rebus
1574 869 1787 909 subueni-

156 940 211 990 ri,
236 940 299 979 ita
325 946 369 979 vt
401 940 781 980 commodissima
814 952 937 980 nunc
964 940 1251 981 habitatione
1278 940 1515 981 fruantur:
1547 940 1712 991 quibus
1745 948 1789 982 et

158 1011 320 1051 diebus
342 1009 473 1050 festis
495 1011 757 1051 doctrinam
790 1011 1095 1051 christianam
1115 1012 1357 1063 praelegit.

238 1080 418 1122 Verum
438 1093 495 1121 ne
526 1082 772 1122 breuitatis
801 1083 970 1123 limites
1001 1090 1261 1134 transeam,
1291 1084 1489 1134 paucula
1517 1083 1573 1123 de
1601 1083 1788 1123 nouitiis

160 1152 373 1202 subdam,
408 1164 605 1204 quorum
632 1164 874 1203 numerus,
905 1153 1056 1204 pietas
1085 1160 1150 1203 et,
1181 1154 1305 1205 quod
1334 1154 1391 1194 ab
1419 1154 1533 1205 ipsis
1569 1153 1785 1204 exigitur,

160 1223 421 1264 studiorum
441 1223 621 1264 fructus
643 1224 690 1264 in
710 1224 808 1264 dies
831 1231 1045 1275 augetur.
1070 1223 1128 1265 Se
1145 1225 1267 1265 enim
1284 1224 1447 1265 faciles
1465 1224 1716 1265 admodum
1735 1237 1790 1265 ac

159 1301 401 1347 promptos
423 1295 481 1335 ad
503 1295 695 1335 humilia
718 1295 868 1336 officia
891 1295 1124 1336 exhibent.
1147 1296 1216 1336 Ita
1237 1303 1287 1336 vt
1304 1296 1498 1336 subinde
1514 1297 1587 1348 pie
1605 1302 1792 1337 conten-

160 1367 272 1406 dant
295 1367 511 1417 quisnam
534 1366 737 1406 culinam
757 1366 816 1406 ad
840 1366 1096 1407 abluendas
1113 1368 1331 1407 scutellas
1352 1367 1496 1407 adibit
1517 1374 1561 1407 et
1583 1368 1661 1420 qui
1681 1368 1789 1408 heb-

160 1437 410 1477 domadam
432 1448 565 1478 suam
593 1437 830 1486 finierunt,
865 1449 914 1477 se
941 1437 1209 1490 frequenter
1235 1439 1521 1490 interruptos
1552 1439 1706 1489 aiunt,
1741 1446 1793 1479 vt

161 1509 250 1548 hac
273 1509 522 1548 occasione
544 1508 716 1548 diutius
737 1509 826 1548 illis
847 1520 1036 1549 manere
1052 1509 1205 1550 liceat.

242 1579 425 1620 Horum
446 1580 523 1630 pia
545 1580 905 1620 conuersatione
926 1591 981 1620 ac
1001 1580 1124 1620 bono
1141 1582 1354 1632 exemplo
1372 1593 1464 1621 non
1481 1593 1647 1632 parum
1669 1581 1788 1621 aedi-

162 1651 362 1691 ficantur
378 1651 590 1701 studiosi,
610 1651 687 1702 qui
704 1657 892 1691 nostros
908 1651 1103 1691 libenter
1119 1652 1433 1703 alloquuntur,
1453 1652 1490 1692 si
1509 1652 1694 1704 quando
1711 1664 1793 1703 per

163 1722 478 1763 obedientiam
497 1722 611 1773 ipsis
630 1722 784 1762 liceat.
807 1721 950 1774 quue
971 1733 1143 1773 magno
1165 1735 1305 1775 saepe
1336 1735 1441 1763 cum
1468 1722 1637 1763 fructu.
1675 1722 1795 1763 Nam

163 1793 270 1833 hinc
309 1793 497 1844 quidam
537 1805 585 1833 se
630 1799 819 1833 nostrae
867 1792 1128 1844 adiungunt
1172 1793 1408 1834 Societati.
1456 1794 1549 1834 Alii
1596 1794 1796 1846 idipsum

161 1870 339 1916 optant,
364 1864 451 1904 nisi
474 1870 553 1904 aut
574 1870 719 1913 aetas,
745 1870 824 1904 aut
846 1865 972 1916 ipsos
994 1872 1213 1916 parentes
1234 1865 1527 1917 impedirent.

242 1935 346 1985 Hic,
371 1936 478 1975 licet
501 1934 559 1975 ad
582 1935 720 1975 finem
747 1947 1014 1986 properem,
1038 1935 1238 1976 duorum
1267 1943 1423 1976 tamen
1447 1935 1694 1987 juuenum,
1718 1948 1796 1976 ne-

165 2012 340 2058 potum,
366 2007 571 2058 inquam,
596 2007 865 2046 cancellarii
886 2007 1003 2057 regii
1024 2006 1061 2057 ²,
1086 2007 1164 2059 qui
1194 2019 1276 2058 per
1306 2019 1479 2047 annum
1508 2019 1798 2048 commensa-

164 2078 232 2118 les
251 2078 400 2118 nostri
421 2077 566 2127 fuere,
596 2089 776 2128 nequeo
799 2078 1054 2129 praeterire
1075 2078 1328 2118 vehemens
1346 2078 1404 2118 ad
1420 2077 1702 2119 Societatem
1717 2090 1796 2119 no-

163 2155 311 2189 stram
332 2148 633 2195 desiderium;
658 2159 856 2199 quorum
873 2146 1051 2199 junior,
1084 2149 1259 2200 optima
1288 2149 1528 2200 praeditus
1555 2150 1709 2189 indole
1739 2161 1795 2189 ac

167 2220 281 2260 satis
303 2219 482 2269 doctus,
508 2219 683 2258 iamdiu
703 2224 864 2259 noster
886 2231 988 2259 esse
1016 2220 1206 2271 cupiuit,
1236 2226 1280 2259 et
1307 2231 1356 2260 se
1387 2232 1471 2260 nos
1492 2226 1800 2271 sequuturum

167 2302 283 2341 esse,
305 2291 343 2330 si
362 2290 469 2330 hinc
488 2290 693 2340 migrare
712 2290 975 2341 contigerit,
996 2297 1267 2331 constanter
1284 2290 1496 2331 affirmat.
1518 2290 1650 2331 Alter
1666 2302 1797 2341 vero,

167 2362 223 2402 de
245 2373 336 2413 quo
358 2362 511 2400 minus
534 2361 666 2400 nobis
687 2361 1024 2412 pollicebamur
1047 2361 1163 2412 (erat
1184 2362 1306 2402 enim
1327 2373 1353 2401 a
1372 2362 1505 2402 nobis
1524 2362 1676 2413 magis
1693 2362 1800 2401 alie-

167 2432 287 2482 nus),
311 2432 484 2472 nostris
506 2443 555 2471 se
581 2431 837 2482 adiungere
860 2431 975 2472 adeo
997 2433 1125 2483 cupit
1145 2438 1195 2472 vt
1223 2444 1305 2484 per
1326 2434 1496 2473 multos
1523 2433 1644 2483 dies,
1679 2433 1799 2473 sicut

167 2503 342 2543 nostris
363 2502 517 2542 fassus
539 2508 623 2552 est,
648 2502 703 2542 de
731 2502 963 2554 profunda
985 2509 1123 2543 nocte
1144 2515 1343 2554 surgens
1372 2504 1524 2544 nudus
1545 2504 1591 2544 in
1621 2509 1798 2544 terram

169 2580 433 2624 prostratus
452 2573 658 2612 orauerit
684 2573 921 2613 feruentes
941 2573 1195 2614 Dominum
1210 2582 1261 2614 vt
1284 2575 1538 2626 superioris
1555 2575 1701 2615 nostri
1718 2586 1801 2615 cor

170 2645 226 2684 ad
251 2644 403 2695 ipsum
425 2643 777 2694 suscipiendum
799 2651 1022 2685 moueret.
1047 2644 1097 2685 Id
1116 2657 1230 2686 vero
1253 2657 1357 2685 cum
1387 2657 1482 2686 non
1504 2646 1695 2686 auderet
1716 2645 1803 2686 Re-

171 2714 376 2755 uerendo
399 2713 527 2754 Patri
549 2720 714 2754 nostro
736 2726 1000 2766 proponere
1023 2716 1108 2766 (est
1130 2716 1252 2756 enim
1273 2724 1442 2757 natura
1471 2717 1802 2768 verecundus),

229 2900 238 2920 ¹
278 2900 302 2926 Ρ
329 2899 490 2926 Nicolaus
505 2898 636 2935 Lanoy,
653 2899 792 2928 Rector.

229 2948 243 2967 ἲ
280 2946 397 2979 ,lacobi
414 2945 530 2979 Jonae.
