2047 3179
201 109 270 146 725
726 111 948 148 Lirrfflffiss
969 123 1327 154 QU.-xDRlssllis'1l<ns

203 208 443 258 praelatus
460 219 565 247 cum
588 208 818 259 aliquibus
841 208 980 249 etiam
999 210 1245 260 religiosis,
1266 215 1310 250 et
1324 210 1448 250 docti
1466 218 1710 262 praeterea
1729 212 1836 257 viri.

202 278 280 330 qui
302 278 401 318 eius
422 279 742 319 reductionem
765 286 903 320 antea
926 286 1240 332 tentauerant,
1264 293 1404 333 supra
1427 282 1616 322 modum
1633 288 1740 322 sunt
1761 283 1840 322 mi-

205 350 310 400 rati,
335 350 537 401 idipsum
559 351 890 402 approbantes.

286 421 374 472 Qui
415 422 612 473 singulis
647 421 1018 463 hebdomadibus
1055 424 1113 464 ad
1151 424 1495 464 confessionem
1539 432 1839 468 concurrunt,

201 493 617 545 quadragesimum
658 493 889 534 excedunt
923 506 1182 535 numerum.
1218 495 1343 536 Ante
1377 496 1546 536 festum
1584 495 1842 535 natiuitatis

201 564 464 604 dominicae
484 566 835 616 promulgatum
858 572 927 605 est
956 566 1194 617 quoddam
1223 567 1364 619 (quod
1391 567 1535 617 aiunt)
1570 566 1839 618 jubilaeum,

204 635 329 686 quod
348 635 693 676 confessionem
717 636 840 676 intra
862 644 959 676 tres
985 637 1083 677 dies
1106 638 1437 689 constituebat,
1466 638 1842 679 communionem

200 713 359 747 autem
379 707 614 747 dominica
636 708 864 759 sequenti;
889 714 933 748 et
954 720 1074 759 quae
1093 709 1280 749 auditae
1298 709 1484 750 fuerunt
1503 709 1838 754 confessiones,

206 785 372 829 quater
394 780 700 819 centesimum
735 791 852 830 pene
881 781 1189 831 expleuerunt
1225 792 1486 829 numerum,
1526 780 1845 821 communioni

203 856 361 890 autem
387 850 663 901 designatus
685 850 784 890 dies
819 853 1201 891 tercentesimum
1234 851 1331 892 fere
1367 853 1579 892 obtinuit.
1617 851 1845 892 Confiten-

202 921 319 961 tium
340 928 496 961 autem
535 922 843 972 collegiorum
880 923 1067 973 plurimi
1106 924 1316 974 collegae
1347 923 1612 975 digniorum
1642 923 1844 972 fuerunt,

201 992 514 1043 permultique
536 991 615 1032 alii
641 993 838 1033 literarii
859 993 950 1033 viri
974 1000 1112 1045 atque
1139 994 1277 1034 huius
1308 994 1585 1034 academiae
1619 994 1844 1045 insignes,

204 1075 388 1103 necnon
405 1070 450 1103 et
472 1064 649 1115 aliquot
673 1072 920 1115 magnates
943 1066 1118 1116 populi,
1143 1071 1283 1117 atque
1305 1065 1445 1105 etiam
1471 1066 1702 1116 heroideS,
1727 1076 1847 1117 quae

203 1136 251 1175 in
282 1135 578 1175 confessione
601 1135 870 1186 frequentes
891 1141 1000 1176 sunt
1029 1136 1183 1187 nimis,
1214 1142 1258 1177 et
1291 1149 1453 1177 earum
1483 1137 1626 1177 etiam
1662 1136 1847 1188 aliquae

202 1208 250 1247 in
267 1207 494 1247 oratione.
519 1206 682 1247 Totius
699 1207 827 1247 vitae
846 1207 1168 1248 confessiones
1186 1209 1438 1248 nonnullae
1456 1220 1638 1260 quoque
1656 1208 1846 1248 habitae

168 1295 174 1301 ·
202 1284 324 1319 sunt.
349 1278 401 1319 In
428 1278 642 1318 oratione
672 1279 810 1330 plane
846 1279 1073 1319 moniales
1109 1280 1351 1331 plurimae,
1390 1281 1565 1331 insigni
1596 1280 1656 1320 D.
1683 1279 1849 1333 Jacobi

203 1350 455 1401 insignitae
480 1349 506 1398 ¹,
530 1350 758 1401 plurimos
778 1350 956 1390 faciunt
978 1362 1274 1402 progressus,
1301 1363 1418 1403 quas
1440 1351 1488 1392 P.
1520 1351 1710 1392 Rectori
1737 1363 1850 1391 non-

202 1434 443 1474 nunquam
465 1421 650 1462 Visendi
672 1433 785 1461 cura
820 1428 904 1462 est.
944 1422 1038 1462 Alii
1059 1428 1306 1474 praeterea
1342 1423 1459 1463 alius
1492 1423 1710 1463 coenobii
1746 1423 1850 1463 reli-

203 1494 365 1545 giosae
387 1493 612 1533 exercitia
635 1493 1023 1543 subministrauit‚
1050 1505 1169 1545 quae
1195 1494 1243 1534 in
1272 1494 1438 1546 spiritu
1474 1506 1567 1534 non
1598 1505 1767 1546 parum
1791 1505 1850 1534 ex

203 1566 293 1606 hoc
313 1570 530 1617 promota
552 1571 637 1605 est.

284 1636 563 1687 ConcioneS‚
587 1648 707 1688 quae
730 1649 788 1676 ex
806 1637 1021 1677 doctrina
1041 1638 1299 1678 christiana
1319 1638 1535 1690 proximo
1556 1637 1851 1677 habebantur

205 1721 344 1759 annO,
370 1708 607 1759 praesenti
628 1720 721 1748 non
746 1714 1098 1760 promouentur.
1135 1709 1292 1761 Atque
1328 1709 1375 1750 id
1408 1709 1595 1760 quidem
1630 1715 1727 1748 tum
1748 1719 1851 1759 pro-

204 1787 308 1832 pter
323 1780 568 1820 literarum
587 1780 961 1831 occupationem,
982 1781 1186 1821 maxime
1201 1781 1569 1831 conclusionum,
1594 1786 1692 1820 tum
1712 1779 1853 1819 etiam

207 1852 332 1904 quod
354 1851 494 1903 patri,
520 1851 654 1891 cuius
676 1851 721 1890 id
743 1851 901 1891 face1e
924 1859 1083 1903 partes
1105 1858 1239 1892 erant
1259 1851 1286 1903 ²,
1311 1865 1403 1893 non
1434 1853 1499 1892 ita
1528 1851 1662 1892 firma
1686 1851 1744 1891 sit
1774 1862 1852 1890 va-

204 1923 376 1973 letudo,
402 1929 452 1963 vt
473 1922 545 1962 his
566 1928 705 1973 atque
726 1922 816 1962 illis
844 1923 983 1962 rebus
1020 1931 1263 1975 praestare
1293 1935 1341 1964 se
1376 1924 1548 1963 valeat.
1590 1923 1679 1962 Hic
1716 1922 1852 1962 simul

206 2007 313 2035 cum
330 1994 378 2035 P.
404 1994 612 2035 Antonio
635 1993 691 2033 de
714 1994 934 2035 Corduba
954 2002 1060 2035 sunt
1083 1996 1158 2046 qui
1190 2008 1247 2035 cx
1270 1995 1453 2035 defectu
1491 1994 1778 2034 valetudinis
1807 1993 1853 2033 in

208 2066 381 2118 oppido
404 2066 608 2118 quodam
630 2065 825 2106 Comitis
848 2066 914 2117 (vt
937 2066 1082 2117 aiunt)
1107 2068 1162 2107 de
1192 2067 1402 2119 Oropesa
1425 2067 1641 2118 proxima
1676 2071 1855 2105 aestate

207 2139 409 2187 suerunt,
430 2138 508 2177 vbi
526 2149 619 2177 non
638 2149 806 2188 parum
832 2136 1012 2178 fructus
1030 2139 1282 2178 conciones
1299 2138 1713 2188 confessionesque
1733 2135 1855 2187 apud

206 2210 331 2250 illius
352 2209 508 2260 oppidi
531 2209 711 2248 incolas
733 2209 999 2249 effecerunt.
1024 2209 1119 2250 Alii
1140 2210 1280 2250 etiam
1307 2217 1465 2260 patres
1484 2209 1679 2249 verbum
1712 2206 1854 2247 domi—

210 2282 367 2322 nicum
390 2281 718 2321 doctrinamve
742 2281 926 2321 insituri
955 2281 1013 2321 ad
1034 2282 1216 2333 aliquos
1242 2292 1393 2333 pagos
1425 2279 1685 2325 discedunt;
1718 2278 1854 2318 hodie

210 2353 492 2405 praesertim
521 2353 679 2392 vicum
710 2353 960 2403 quemdam
984 2361 1337 2400 concesserunt,
1375 2353 1454 2392 vbi
1490 2352 1728 2392 studiosus
1757 2349 1854 2401 qui-

209 2425 319 2465 dam
340 2425 489 2465 nostri
506 2423 834 2464 beneficiarius
850 2431 934 2475 est,
956 2425 1033 2476 qui
1052 2425 1159 2464 huic
1177 2425 1376 2475 collegio
1398 2423 1607 2464 redditus
1627 2421 1854 2474 quosdam

209 2507 506 2536 annexurum
527 2496 735 2536 innuisse
758 2496 956 2536 videtur.
989 2495 1189 2546 Quidam
1213 2496 1331 2536 alius
1353 2495 1486 2535 nobis
1514 2494 1684 2534 insistit
1716 2491 1857 2544 pluri-

212 2580 339 2608 mum
355 2574 405 2608 ut
425 2567 701 2608 beneficium
719 2567 984 2619 quodpiam,
1016 2579 1179 2608 curam
1208 2568 1472 2607 animarum
1506 2566 1698 2611 habens.
1736 2574 1859 2603 nunc

213 2639 532 2688 admittamus,
554 2650 782 2679 concesso
819 2645 976 2678 tamen
998 2639 1063 2679 illi
1084 2651 1172 2679 vsu
1203 2639 1302 2678 eius
1319 2636 1475 2689 quoad
1510 2636 1698 2676 vixerit:
1738 2634 1858 2686 quod

212 2711 401 2761 quidem
422 2710 699 2751 beneficium
721 2722 779 2750 ex
801 2710 889 2750 hac
911 2710 1026 2750 vrbe
1050 2710 1337 2761 parasangis
1375 2714 1576 2761 quatuor
1612 2707 1752 2747 distat
1781 2715 1862 2745 aut

274 2894 283 2913 1
326 2894 508 2929 Hispanice
526 2894 811 2922 Comendadoras
826 2894 868 2920 de
884 2893 1066 2927 Sauliago.

277 2942 292 2960 ’ἓ
330 2941 413 2969 Erat
432 2943 458 2969 is
474 2943 511 2970 P.
528 2942 695 2969 Martinus
711 2941 891 2969 Gutierrez
