2047 3179
204 171 275 213 280
712 172 941 209 LITTERAE
969 181 1329 215 QUADRIMESTREs

397 480 682 508 praecedentium
697 480 811 508 Patris
828 479 994 515 Alphonsi
1013 479 1051 506 de
1064 478 1191 506 Zarate
1206 479 1385 507 literarum
1405 479 1513 506 latina
1530 479 1643 506 versio

675 536 694 556 a
710 528 813 555 Patre
829 527 932 555 Petro
946 527 987 554 de
1002 527 1163 554 Acebedo
1178 527 1333 555 confecta
1347 526 1370 553 ¹.

1006 659 1027 692 ,ἰ-

971 694 1068 735 IHS

282 839 381 881 Pax
403 840 591 890 Christi,
615 847 703 880 etc.

283 911 627 963 Quadrimestri
654 911 866 962 proxime
896 922 922 951 a
949 909 998 950 P.
1037 909 1254 950 Nauarro
1290 909 1465 961 scripta
1495 908 1715 949 existimo
1739 909 1839 949 red-

199 983 345 1023 ditam
366 989 533 1023 exacte
554 983 799 1031 rationem,
829 988 1031 1034 quantus
1052 981 1111 1021 sit
1146 992 1380 1033 quamque
1406 979 1626 1032 frequens
1649 980 1707 1020 ad
1730 992 1835 1020 con-

198 1053 450 1095 fessionem
472 1060 516 1094 et
544 1065 732 1094 sacram
762 1053 1137 1093 communionem
1168 1053 1419 1092 multorum
1452 1062 1724 1101 concursus,
1759 1052 1836 1103 qui

199 1125 246 1165 in
276 1125 390 1173 dies,
423 1124 630 1176 gratuita
665 1124 777 1178 Jesu
811 1123 984 1164 Christi
1018 1123 1347 1174 beneficentia,
1384 1122 1725 1162 incrementum
1760 1134 1834 1161 ca-

198 1197 279 1248 pit,
303 1208 397 1237 non
418 1197 517 1236 sine
538 1195 893 1248 perseuerantia
916 1202 960 1235 et
990 1195 1197 1235 maximo
1228 1193 1456 1245 profectu.
1480 1193 1544 1234 At
1566 1193 1706 1233 modo
1729 1205 1835 1233 cum

196 1268 437 1308 auditores
464 1267 811 1318 poenitentiarii
837 1278 1033 1307 numero
1068 1265 1318 1316 creuerint,
1353 1272 1398 1306 et
1429 1264 1507 1317 qui
1535 1271 1705 1305 octauo
1727 1276 1835 1317 quo-

193 1351 284 1390 que
305 1339 379 1380 die
401 1339 526 1379 soliti
542 1345 676 1379 erant
702 1338 1068 1388 communicare,
1092 1337 1138 1377 in
1165 1337 1262 1378 dies
1293 1338 1449 1388 plures
1471 1336 1538 1388 (re
1560 1336 1624 1376 ita
1646 1336 1836 1387 exigen-

197 1411 257 1461 te)
280 1410 410 1451 dilati
432 1411 544 1462 sint,
568 1410 908 1462 poenitentium
938 1417 1096 1450 tamen
1123 1420 1318 1449 numero
1349 1409 1443 1460 (qui
1468 1407 1650 1448 feriatis
1671 1407 1835 1448 diebus

194 1483 285 1523 huc
307 1482 366 1523 ad
394 1494 481 1523 nos
515 1482 769 1532 confluunt)
801 1481 1046 1533 nequimus
1082 1480 1370 1521 satisfacere.
1403 1479 1493 1521 Sed
1525 1491 1582 1520 ne
1611 1479 1713 1531 quis
1736 1479 1835 1519 sine.

195 1555 507 1595 confessionis
529 1560 609 1594 aut
636 1553 979 1594 communionis
1011 1565 1097 1605 ope
1128 1552 1354 1603 discedat,
1385 1558 1613 1603 quantum
1634 1550 1681 1590 in
1702 1550 1837 1590 nobis

189 1632 278 1676 est,
297 1625 641 1666 contendimus.
663 1625 959 1677 Quapropter
981 1624 1220 1665 auditores
1236 1622 1622 1676 poenitentiarios
1644 1622 1692 1662 in
1712 1622 1836 1662 hunc

193 1698 385 1738 modum
407 1697 726 1738 assuescimus
747 1696 1042 1747 distribuere,
1066 1702 1117 1736 vt
1139 1701 1234 1736 tres
1255 1695 1364 1735 dent
1391 1705 1525 1734 suam
1547 1705 1741 1745 operam
1762 1693 1833 1736 iis,

187 1769 269 1821 qui
303 1768 359 1809 de
393 1780 523 1809 more
564 1769 738 1809 habent
772 1767 906 1808 nobis
947 1767 1179 1807 confiteri:
1222 1766 1390 1819 reliqui
1430 1765 1554 1817 aliis,
1597 1763 1675 1816 qui
1710 1776 1834 1804 nunc

186 1840 342 1881 denuo
364 1841 574 1891 veniunt,
600 1846 708 1880 sunt
729 1839 965 1880 destinati.
999 1838 1256 1880 Generales
1277 1836 1597 1878 confessiones
1619 1835 1832 1888 frequen-

187 1918 259 1953 tes
280 1918 402 1963 sunt,
427 1912 596 1964 quibus
617 1924 711 1952 non
732 1922 879 1952 vnum
899 1916 979 1951 aut
1010 1911 1209 1950 alterum
1244 1909 1366 1950 diem
1401 1908 1590 1959 damus,
1615 1907 1698 1947 sed
1719 1919 1829 1947 non-

186 1995 428 2036 nunquam
463 1995 567 2034 sex,
607 1990 728 2034 octo,
760 1982 925 2023 decem
956 1982 1267 2022 insumuntur.
1300 1979 1498 2031 Scriptis
1528 1985 1578 2019 vt
1607 1977 1831 2019 mandent

187 2061 385 2107 peccata
421 2055 744 2105 admonemus,
781 2054 983 2094 formam
1016 2052 1416 2105 praescribentes,
1454 2062 1595 2103 quam
1630 2049 1830 2101 sequuti,

188 2127 379 2167 minimo
427 2126 653 2178 nogotio,
701 2137 821 2177 quae
867 2130 1146 2166 contraxere
1186 2123 1412 2173 crimina,
1454 2122 1635 2174 possint
1676 2120 1833 2161 memi-

190 2199 329 2238 nisse.
353 2198 486 2238 Tunc
504 2198 661 2248 etiam,
681 2209 771 2249 qua
807 2196 989 2237 ratione
1019 2196 1204 2247 singula
1241 2195 1428 2235 diuinae
1456 2193 1575 2245 legis
1605 2191 1829 2233 mandata

189 2270 458 2321 transgredi
480 2269 674 2321 possint,
699 2275 749 2309 vt
779 2268 923 2309 semel
957 2267 1206 2317 admoniti,
1244 2266 1332 2307 sibi
1367 2272 1567 2306 caueant
1602 2264 1647 2304 in
1680 2270 1830 2316 poste-

187 2353 319 2391 rum,
357 2347 436 2381 aut
469 2341 524 2381 de
560 2340 729 2392 quibus
765 2339 977 2380 confiteri
1016 2338 1215 2379 debeant
1251 2349 1344 2378 non
1379 2337 1612 2389 ignorent.
1652 2335 1720 2376 Ita
1756 2346 1832 2375 ex-

187 2413 446 2464 perimento
475 2412 681 2464 quotidie
713 2411 934 2452 discimus
976 2411 1224 2451 nonnullos
1260 2409 1473 2461 (quorum
1503 2413 1635 2448 erant
1671 2417 1827 2447 corru-

188 2484 387 2535 ptissimi
419 2483 590 2534 mores)
622 2484 768 2524 multo
805 2483 946 2523 aliam
975 2482 1123 2522 vitam
1151 2481 1426 2530 destinasse,
1465 2485 1509 2520 et
1540 2490 1634 2519 non
1668 2477 1834 2518 leuiter

194 2556 239 2595 in
261 2555 338 2595 uia
358 2555 550 2595 Domini
570 2555 842 2607 profecisse.

277 2626 471 2666 Abunde
493 2627 606 2666 satis
629 2626 790 2667 diuina
812 2625 1136 2666 misericordia
1156 2624 1428 2664 vniuersam
1450 2622 1572 2662 hanc
1594 2620 1835 2661 ciuitatem

195 2698 352 2749 implet
373 2697 697 2738 benedictione
720 2710 818 2738 sua.
848 2697 968 2738 Nam
989 2696 1137 2747 multi,
1157 2695 1235 2748 qui
1253 2694 1428 2745 (nescio
1446 2692 1552 2745 qua)
1575 2691 1837 2744 praepediti

193 2768 493 2818 verecundia,
519 2769 695 2820 aliquot
718 2775 914 2820 peccata
937 2779 1178 2819 nunquam
1197 2766 1384 2806 fuerant
1402 2763 1621 2814 confessi,
1645 2762 1836 2803 tandem

191 2841 477 2888 reuelarunt,
503 2839 829 2891 videnturque,
849 2839 1100 2890 collegium
1121 2838 1208 2878 hoc
1225 2837 1369 2877 semel
1390 2835 1606 2886 ingressi,
1629 2834 1837 2875 animum

247 3003 254 3021 ¹
300 3002 549 3037 ,autographae
573 3002 696 3035 duplici
714 3002 805 3034 foli0,
821 3002 929 3035 primo
946 3009 975 3028 n.
992 3001 1055 3034 523,
1071 3001 1182 3028 altero
1198 3007 1262 3027 non
1278 3001 1470 3026 numerato.
