2047 3179
241 124 312 160 464
756 124 983 162 LITTERAE
1010 134 1369 168 QUADRIMESTRES

321 220 471 260 Efficit
492 221 633 260 etiam
656 220 703 261 in
732 221 1030 261 scholasticis
1059 232 1142 272 per
1177 220 1431 271 magistros
1466 220 1610 260 multa
1632 219 1880 269 Dominus,

239 291 378 343 idque
414 300 604 343 propter
639 292 881 332 doctrinae
917 292 1205 332 christianae
1243 290 1609 342 expositionem,
1644 303 1785 343 quam
1817 293 1883 332 illi

241 363 440 414 singulis
462 363 624 404 diebus
647 362 908 413 dominicis,
940 363 988 403 in
1017 374 1103 402 sua
1137 363 1332 413 quisque
1369 362 1490 413 aula,
1514 362 1687 402 habent
1713 362 1878 403 eadem

242 434 384 484 hora,
426 446 518 486 qua
553 435 736 485 publice
770 435 943 485 populo
980 433 1247 484 exponitur.
1285 432 1450 473 Totius
1484 445 1597 473 uero
1633 433 1881 484 probitatis

238 506 470 557 exemplo,
496 505 619 557 quod
641 506 705 545 illi
727 504 970 556 praebent,
997 504 1218 544 commoti
1235 504 1520 555 scholastici,
1540 510 1671 545 tanta
1689 515 1881 545 venera-

238 577 366 617 tione
388 584 527 628 atque
551 576 854 616 obseruantia
876 575 1042 615 Patres
1063 587 1119 615 ac
1141 574 1336 615 Fratres
1358 574 1608 616 Societatis
1639 577 1812 626 colunt,
1831 582 1881 615 ut

239 649 321 688 uix
342 648 433 688 dici
455 648 616 699 possit;
641 647 697 687 de
720 647 886 698 quibus
914 647 1046 687 multi
1082 652 1189 686 sunt
1210 647 1328 688 adeo
1352 647 1549 687 studiosi
1582 647 1787 698 virtutis,
1814 654 1880 695 ut,

239 725 427 770 praeter
449 724 713 758 menstruas
741 718 1076 768 confessiones,
1107 718 1376 758 scholarum
1408 718 1583 769 regulis
1605 719 1881 769 imperatas,

240 797 411 831 octauo
447 801 629 842 quoque
660 789 733 829 die
771 788 1006 829 fateantur
1041 800 1320 840 sacramque
1355 789 1702 830 Eucharistiam
1737 790 1880 830 susci·

243 863 389 914 piant,
412 873 499 902 nec
521 861 680 901 dubito
702 872 782 901 eos
798 860 987 912 saepius
1002 860 1048 901 id
1069 860 1214 901 fuisse
1231 860 1443 901 facturos
1460 861 1499 901 si
1515 861 1879 912 permitteretur.

243 933 422 974 Scirem
451 933 630 973 utinam
665 932 930 983 exprimere
964 931 1070 983 tibi,
1106 931 1202 972 RQ
1232 931 1386 982 Pater,
1420 932 1657 972 interioris
1685 933 1883 972 exterio·

242 1005 398 1056 risque
421 1004 623 1043 hominis
641 1003 1045 1054 compositionem,
1083 1003 1443 1044 submissionem
1475 1003 1632 1054 animi,
1666 1003 1885 1044 ardorem

241 1076 511 1116 divinarum
533 1086 705 1125 rerum,
730 1074 1094 1115 sollicitudinem
1116 1075 1449 1115 exercitiorum
1478 1075 1806 1127 spiritualium,
1833 1081 1885 1115 ut

243 1146 546 1187 examinandi
590 1158 873 1198 unoquoque
923 1146 997 1186 die
1050 1146 1178 1186 facta
1224 1147 1381 1187 omnia
1401 1179 1409 1198 ,
1462 1146 1886 1198 comprecandique

242 1217 407 1268 Deum,
432 1225 482 1258 ut
503 1218 646 1258 animi
668 1218 841 1258 iudicio
863 1218 1008 1258 uerba
1039 1219 1225 1268 singula
1252 1217 1472 1270 factaque
1498 1217 1806 1269 ponderandi,
1827 1230 1886 1258 ne

241 1288 429 1330 diuinae
450 1296 715 1341 repugnent
737 1289 982 1340 uoluntati,
1003 1289 1050 1329 in
1068 1289 1235 1341 quibus
1252 1290 1383 1329 multi
1401 1290 1456 1330 de
1474 1289 1771 1330 scholasticis
1786 1300 1889 1329 sese

243 1361 494 1412 diligenter
517 1367 753 1401 exercent.
780 1360 881 1411 Ego
905 1372 1016 1400 uero
1040 1372 1147 1400 cum
1166 1361 1500 1401 nonnullorum
1520 1361 1566 1400 in
1588 1366 1791 1401 mentem
1812 1372 1890 1400 ue·

247 1433 328 1483 nit,
347 1433 520 1484 partim
542 1432 778 1472 accendor
796 1432 1134 1482 uehementiuS,
1166 1432 1340 1482 partim
1362 1433 1593 1472 iacentem
1615 1443 1772 1472 meum
1795 1432 1890 1472 ani-

247 1516 374 1544 mum
396 1511 536 1556 atque
557 1504 603 1544 in
627 1504 716 1544 illis
737 1504 852 1555 ipsis
882 1504 1022 1544 rebus
1058 1503 1287 1544 desidiam
1307 1504 1614 1556 perspiciens,
1645 1503 1884 1544 erubesco.

326 1574 516 1616 Solebat
537 1575 742 1627 quidam,
767 1575 1010 1626 superiore
1028 1575 1407 1626 quadragesima,
1433 1575 1532 1616 dies
1554 1575 1731 1627 aliquot
1752 1586 1890 1627 spon-

250 1653 295 1687 te
317 1658 403 1687 sua
424 1647 650 1687 ieiunare:
671 1658 777 1687 cum
799 1647 846 1687 in
866 1647 1083 1687 morbum
1105 1647 1361 1697 incidisset,
1395 1647 1768 1698 imperassetque
1796 1657 1885 1686 me*

248 1718 383 1759 dicus
413 1724 463 1758 ut
498 1719 718 1758 carnibus
752 1725 1038 1769 uesceretur,
1073 1729 1161 1758 nec
1200 1724 1448 1770 parentum
1483 1717 1669 1769 quidem
1691 1718 1821 1758 iussu
1843 1717 1891 1757 id

244 1789 403 1830 facere
440 1801 581 1830 ausus
611 1795 696 1840 est,
731 1800 909 1840 suoque
945 1801 1075 1829 more
1106 1789 1315 1829 ieiunare
1350 1790 1552 1839 uolebat;
1586 1788 1668 1829 sed
1699 1788 1890 1829 tandem

246 1860 369 1912 quod
389 1867 668 1912 praeceptor
691 1871 804 1901 suus
826 1860 1105 1911 imperasset
1125 1859 1283 1900 facere
1306 1861 1529 1901 decreuit:
1558 1872 1753 1900 necesse
1775 1870 1889 1910 ergo

243 1932 329 1972 fuit
351 1938 400 1972 ut
423 1932 540 1972 alius
563 1932 622 1972 ad
644 1937 1002 1983 praeceptorem
1023 1943 1050 1971 a
1075 1943 1165 1983 quo
1188 1932 1458 1983 docebatur,
1483 1932 1679 1983 petitum
1701 1931 1887 1983 copiam

247 2004 442 2054 ueniret,
481 2015 574 2056 qua
609 2002 734 2054 data,
771 2009 869 2043 tum
904 2002 1092 2043 demum
1127 2003 1250 2043 bono
1284 2004 1442 2044 animo
1476 2003 1699 2043 mandata
1721 2002 1893 2042 medici

246 2082 474 2116 executus
497 2082 581 2115 est.

329 2147 530 2198 Quidam
552 2147 671 2187 alius
693 2147 962 2198 primarius,
988 2147 1330 2199 aliquantulum
1351 2152 1577 2199 prouecta
1599 2146 1692 2186 iam
1721 2151 1893 2195 aetate,

247 2218 309 2258 ad
330 2224 688 2270 praeceptorem
709 2230 845 2259 suum
867 2218 939 2259 die
964 2218 1169 2270 quodam
1199 2218 1315 2259 flens
1350 2218 1551 2259 accessit
1581 2217 1818 2269 priuatim:
1845 2227 1895 2256 se

250 2290 306 2330 de
323 2296 451 2330 certa
474 2301 524 2330 re
554 2289 801 2330 mentitum
822 2289 967 2330 fuisse
1003 2290 1324 2340 superioribus
1353 2290 1530 2330 diebus:
1568 2288 1774 2329 uoluisse
1796 2294 1895 2327 tum

249 2361 296 2402 id
330 2361 454 2413 quod
485 2368 586 2401 erat
614 2361 766 2401 fateri:
792 2367 893 2401 erat
913 2367 1071 2402 autem
1105 2362 1366 2413 periculum
1387 2373 1444 2401 ne
1479 2360 1707 2412 supplicio
1746 2358 1892 2399 affice—

251 2439 396 2483 retur,
416 2443 556 2484 quam
577 2444 678 2472 rem
700 2432 1004 2472 vehementer
1021 2432 1248 2484 magister
1269 2432 1368 2472 eius
1392 2432 1651 2472 admiratus
1672 2437 1756 2471 est.

332 2503 467 2543 Alius
488 2509 585 2543 tam
603 2503 937 2543 obseruantem
958 2515 1007 2543 se
1025 2504 1171 2543 uoluit
1189 2503 1442 2555 aequitatis
1460 2503 1697 2554 exhibere,
1722 2509 1771 2542 ut
1789 2512 1896 2541 cum

253 2574 313 2614 ad
332 2575 557 2615 lectiones
581 2574 839 2615 audiendas
861 2575 1011 2615 serius
1032 2575 1228 2626 ueniret,
1253 2575 1312 2615 ad
1345 2580 1662 2615 correctorem
1693 2585 1743 2614 se
1765 2578 1897 2613 recta

254 2647 502 2686 contulerit
519 2647 808 2697 uapulatum3
822 2646 904 2686 sed
920 2652 1199 2698 praeceptor
1217 2647 1331 2697 eius,
1345 2646 1467 2698 quod
1486 2646 1751 2695 accidisset,
1767 2645 1895 2696 igna-

253 2728 348 2766 rus,
372 2717 449 2757 ubi
472 2728 668 2768 puerum
689 2717 1032 2769 ingredientem
1054 2729 1159 2758 sero
1181 2718 1310 2768 uidit,
1331 2717 1573 2758 uerberari
1590 2717 1732 2766 iubet,
1755 2716 1830 2756 ille
1847 2727 1896 2754 se

256 2787 350 2827 iam
372 2788 555 2828 dedisse
577 2790 677 2829 eius
700 2789 856 2829 delicti
877 2801 1054 2840 poenas
1074 2790 1330 2841 respondit.

337 2857 453 2899 Sunt
475 2866 570 2899 tam
591 2859 765 2910 fideles,
790 2866 839 2900 ut
860 2861 1109 2912 pecuniam
1145 2861 1353 2912 aliasque
1387 2872 1463 2900 res
1485 2872 1512 2900 a
1534 2872 1583 2900 se
1603 2860 1651 2899 in
1686 2858 1802 2898 aulis
1828 2868 1896 2897 re-

256 2937 416 2980 pertas
451 2931 699 2971 confestim
733 2931 793 2971 ad
815 2943 925 2972 suos
962 2932 1175 2972 deferant
1210 2932 1475 2983 magistros.
1516 2931 1746 2971 Dominus
1767 2928 1895 2968 Deus
