<?xml version="1.0" encoding="UTF-8"?>
<!DOCTYPE html PUBLIC "-//W3C//DTD XHTML 1.0 Transitional//EN"
    "http://www.w3.org/TR/xhtml1/DTD/xhtml1-transitional.dtd">
<html xmlns="http://www.w3.org/1999/xhtml" xml:lang="en" lang="en">
 <head>
  <title>
</title>
<meta http-equiv="Content-Type" content="text/html;charset=utf-8" />
  <meta name='ocr-system' content='tesseract 3.04.00' />
  <meta name='ocr-capabilities' content='ocr_page ocr_carea ocr_par ocr_line ocrx_word'/>
</head>
<body>
  <div class='ocr_page' id='page_1' title='image "./litteraequadrime15lain_0724.png"; bbox 0 0 2047 3179; ppageno 0'>
   <div class='ocr_carea' id='block_1_1' title="bbox 251 135 1382 179">
    <p class='ocr_par' dir='ltr' id='par_1_1' title="bbox 251 135 1382 179">
     <span class='ocr_line' id='line_1_1' title="bbox 251 135 1382 179; baseline -0.003 -5"><span class='ocrx_word' id='word_1_1' title='bbox 251 139 324 176; x_wconf 72' lang='grc'>718</span> <span class='ocrx_word' id='word_1_2' title='bbox 777 135 1006 174; x_wconf 74' lang='lat' dir='ltr'>LITTERAE</span> <span class='ocrx_word' id='word_1_3' title='bbox 1024 144 1382 179; x_wconf 75' lang='lat' dir='ltr'><strong>QUADRIMESTRES</strong></span> 
     </span>
    </p>
   </div>
   <div class='ocr_carea' id='block_1_2' title="bbox 918 584 1232 641">
    <p class='ocr_par' dir='ltr' id='par_1_2' title="bbox 918 584 1232 641">
     <span class='ocr_line' id='line_1_2' title="bbox 918 584 1232 641; baseline -0.013 0"><span class='ocrx_word' id='word_1_4' title='bbox 918 584 1232 641; x_wconf 80' lang='lat' dir='ltr'>CDXLIH</span> 
     </span>
    </p>
   </div>
   <div class='ocr_carea' id='block_1_3' title="bbox 321 816 1368 997">
    <p class='ocr_par' dir='ltr' id='par_1_3' title="bbox 321 816 1368 997">
     <span class='ocr_line' id='line_1_3' title="bbox 321 816 807 866; baseline -0.004 -10"><span class='ocrx_word' id='word_1_5' title='bbox 321 817 545 866; x_wconf 88' lang='lat' dir='ltr'>Josephus</span> <span class='ocrx_word' id='word_1_6' title='bbox 565 816 618 855; x_wconf 92' lang='lat' dir='ltr'>de</span> <span class='ocrx_word' id='word_1_7' title='bbox 638 817 807 855; x_wconf 85' lang='lat' dir='ltr'>Acosta</span> 
     </span>
     <span class='ocr_line' id='line_1_4' title="bbox 370 881 956 930; baseline -0.003 -10"><span class='ocrx_word' id='word_1_8' title='bbox 370 883 492 920; x_wconf 88' lang='lat' dir='ltr'>Patri</span> <span class='ocrx_word' id='word_1_9' title='bbox 509 881 680 930; x_wconf 82' lang='lat' dir='ltr'>Ignatio</span> <span class='ocrx_word' id='word_1_10' title='bbox 700 882 753 919; x_wconf 90' lang='lat' dir='ltr'>de</span> <span class='ocrx_word' id='word_1_11' title='bbox 772 882 956 929; x_wconf 89' lang='lat' dir='ltr'>Loyola.</span> 
     </span>
     <span class='ocr_line' id='line_1_5' title="bbox 419 945 1368 997; baseline -0.005 -11"><span class='ocrx_word' id='word_1_12' title='bbox 419 949 676 997; x_wconf 87' lang='lat' dir='ltr'>Methymna</span> <span class='ocrx_word' id='word_1_13' title='bbox 696 947 865 995; x_wconf 85' lang='lat' dir='ltr'>Campi,</span> <span class='ocrx_word' id='word_1_14' title='bbox 886 946 933 984; x_wconf 83' lang='lat'>29</span> <span class='ocrx_word' id='word_1_15' title='bbox 951 946 1211 984; x_wconf 81' lang='lat' dir='ltr'>Decembris</span> <span class='ocrx_word' id='word_1_16' title='bbox 1232 945 1324 982; x_wconf 92' lang='lat'>1555</span> <span class='ocrx_word' id='word_1_17' title='bbox 1344 946 1368 980; x_wconf 86' lang='lat'>¹.</span> 
     </span>
    </p>
   </div>
   <div class='ocr_carea' id='block_1_4' title="bbox 1021 1102 1121 1180">
    <p class='ocr_par' dir='ltr' id='par_1_4' title="bbox 1021 1102 1121 1180">
     <span class='ocr_line' id='line_1_6' title="bbox 1021 1102 1121 1180; baseline -0.01 0"><span class='ocrx_word' id='word_1_18' title='bbox 1021 1102 1121 1180; x_wconf 52' lang='lat' dir='ltr'>nis</span> 
     </span>
    </p>
   </div>
   <div class='ocr_carea' id='block_1_5' title="bbox 244 1300 1894 2498">
    <p class='ocr_par' dir='ltr' id='par_1_5' title="bbox 330 1300 1083 1343">
     <span class='ocr_line' id='line_1_7' title="bbox 330 1300 1083 1343; baseline -0.005 0"><span class='ocrx_word' id='word_1_19' title='bbox 330 1302 600 1343; x_wconf 87' lang='lat' dir='ltr'>Admodum</span> <span class='ocrx_word' id='word_1_20' title='bbox 622 1301 723 1342; x_wconf 76' lang='lat' dir='ltr'>R.d0</span> <span class='ocrx_word' id='word_1_21' title='bbox 754 1302 800 1342; x_wconf 91' lang='lat' dir='ltr'>in</span> <span class='ocrx_word' id='word_1_22' title='bbox 821 1300 907 1341; x_wconf 89' lang='lat' dir='ltr'>X.⁰</span> <span class='ocrx_word' id='word_1_23' title='bbox 927 1300 1083 1340; x_wconf 88' lang='lat' dir='ltr'>Pater.</span> 
     </span>
    </p>

    <p class='ocr_par' dir='ltr' id='par_1_6' title="bbox 331 1368 1587 1425">
     <span class='ocr_line' id='line_1_8' title="bbox 331 1368 1587 1425; baseline -0.005 -10"><span class='ocrx_word' id='word_1_24' title='bbox 331 1373 498 1415; x_wconf 79' lang='lat' dir='ltr'>Gratia</span> <span class='ocrx_word' id='word_1_25' title='bbox 520 1380 564 1414; x_wconf 91' lang='lat' dir='ltr'>et</span> <span class='ocrx_word' id='word_1_26' title='bbox 585 1385 680 1425; x_wconf 82' lang='lat' dir='ltr'>pax</span> <span class='ocrx_word' id='word_1_27' title='bbox 701 1372 876 1414; x_wconf 79' lang='lat' dir='ltr'>Christi</span> <span class='ocrx_word' id='word_1_28' title='bbox 898 1371 1019 1412; x_wconf 86' lang='lat' dir='ltr'>adsit</span> <span class='ocrx_word' id='word_1_29' title='bbox 1039 1370 1175 1411; x_wconf 90' lang='lat' dir='ltr'>nobis</span> <span class='ocrx_word' id='word_1_30' title='bbox 1196 1380 1396 1421; x_wconf 86' lang='lat' dir='ltr'>semper.</span> <span class='ocrx_word' id='word_1_31' title='bbox 1420 1368 1587 1409; x_wconf 90' lang='lat' dir='ltr'>Amen.</span> 
     </span>
    </p>

    <p class='ocr_par' dir='ltr' id='par_1_7' title="bbox 244 1439 1894 2498">
     <span class='ocr_line' id='line_1_9' title="bbox 330 1439 1894 1497; baseline -0.005 -10"><span class='ocrx_word' id='word_1_32' title='bbox 330 1445 488 1497; x_wconf 83' lang='lat' dir='ltr'>Hisce,</span> <span class='ocrx_word' id='word_1_33' title='bbox 511 1445 652 1486; x_wconf 89' lang='lat' dir='ltr'>Pater</span> <span class='ocrx_word' id='word_1_34' title='bbox 674 1455 901 1497; x_wconf 80' lang='lat' dir='ltr'>perquam</span> <span class='ocrx_word' id='word_1_35' title='bbox 923 1441 1233 1490; x_wconf 86' lang='lat' dir='ltr'>obseruande‚</span> <span class='ocrx_word' id='word_1_36' title='bbox 1263 1451 1383 1493; x_wconf 89' lang='lat' dir='ltr'>quae</span> <span class='ocrx_word' id='word_1_37' title='bbox 1415 1439 1631 1481; x_wconf 89' lang='lat' dir='ltr'>Christus</span> <span class='ocrx_word' id='word_1_38' title='bbox 1661 1439 1894 1480; x_wconf 76' lang='lat' dir='ltr'>Dominus</span> 
     </span>
     <span class='ocr_line' id='line_1_10' title="bbox 250 1509 1891 1569; baseline -0.005 -11"><span class='ocrx_word' id='word_1_39' title='bbox 250 1529 335 1569; x_wconf 88' lang='lat' dir='ltr'>per</span> <span class='ocrx_word' id='word_1_40' title='bbox 356 1517 441 1557; x_wconf 91' lang='lat' dir='ltr'>hos</span> <span class='ocrx_word' id='word_1_41' title='bbox 463 1517 681 1568; x_wconf 85' lang='lat' dir='ltr'>indignos</span> <span class='ocrx_word' id='word_1_42' title='bbox 703 1516 820 1556; x_wconf 89' lang='lat' dir='ltr'>adeo</span> <span class='ocrx_word' id='word_1_43' title='bbox 841 1514 1009 1555; x_wconf 87' lang='lat' dir='ltr'>filiolos</span> <span class='ocrx_word' id='word_1_44' title='bbox 1031 1513 1155 1565; x_wconf 89' lang='lat' dir='ltr'>apud</span> <span class='ocrx_word' id='word_1_45' title='bbox 1175 1524 1262 1552; x_wconf 91' lang='lat' dir='ltr'>nos</span> <span class='ocrx_word' id='word_1_46' title='bbox 1283 1511 1471 1564; x_wconf 91' lang='lat' dir='ltr'>operari</span> <span class='ocrx_word' id='word_1_47' title='bbox 1492 1509 1738 1562; x_wconf 58' lang='lat' dir='ltr'>dignatur(</span> <span class='ocrx_word' id='word_1_48' title='bbox 1754 1517 1805 1551; x_wconf 86' lang='lat' dir='ltr'>vt</span> <span class='ocrx_word' id='word_1_49' title='bbox 1827 1510 1891 1550; x_wconf 90' lang='lat' dir='ltr'>in-</span> 
     </span>
     <span class='ocr_line' id='line_1_11' title="bbox 250 1581 1892 1640; baseline -0.005 -11"><span class='ocrx_word' id='word_1_50' title='bbox 250 1590 414 1629; x_wconf 82' lang='lat' dir='ltr'>stituto</span> <span class='ocrx_word' id='word_1_51' title='bbox 437 1588 672 1640; x_wconf 88' lang='lat' dir='ltr'>obsequar</span> <span class='ocrx_word' id='word_1_52' title='bbox 688 1593 865 1637; x_wconf 88' lang='lat' dir='ltr'>nostro,</span> <span class='ocrx_word' id='word_1_53' title='bbox 885 1585 1050 1638; x_wconf 79' lang='lat' dir='ltr'>paucis</span> <span class='ocrx_word' id='word_1_54' title='bbox 1067 1594 1325 1636; x_wconf 83' lang='lat' dir='ltr'>exponam:</span> <span class='ocrx_word' id='word_1_55' title='bbox 1343 1583 1547 1635; x_wconf 89' lang='lat' dir='ltr'>primum</span> <span class='ocrx_word' id='word_1_56' title='bbox 1565 1582 1816 1633; x_wconf 89' lang='lat' dir='ltr'>auspicans</span> <span class='ocrx_word' id='word_1_57' title='bbox 1833 1581 1892 1621; x_wconf 90' lang='lat' dir='ltr'>ab</span> 
     </span>
     <span class='ocr_line' id='line_1_12' title="bbox 250 1653 1891 1709; baseline -0.005 -8"><span class='ocrx_word' id='word_1_58' title='bbox 250 1660 377 1700; x_wconf 88' lang='lat' dir='ltr'>obitu</span> <span class='ocrx_word' id='word_1_59' title='bbox 398 1659 552 1700; x_wconf 84' lang='lat' dir='ltr'>Patris</span> <span class='ocrx_word' id='word_1_60' title='bbox 575 1659 777 1700; x_wconf 89' lang='lat' dir='ltr'>Gometii</span> <span class='ocrx_word' id='word_1_61' title='bbox 797 1657 811 1677; x_wconf 73' lang='lat'>‘²</span> <span class='ocrx_word' id='word_1_62' title='bbox 832 1657 926 1709; x_wconf 91' lang='lat' dir='ltr'>qui,</span> <span class='ocrx_word' id='word_1_63' title='bbox 950 1657 1133 1697; x_wconf 89' lang='lat' dir='ltr'>decimo</span> <span class='ocrx_word' id='word_1_64' title='bbox 1160 1654 1400 1696; x_wconf 80' lang='lat' dir='ltr'>Kalendas</span> <span class='ocrx_word' id='word_1_65' title='bbox 1426 1653 1739 1694; x_wconf 90' lang='lat' dir='ltr'>Nouembreis</span> <span class='ocrx_word' id='word_1_66' title='bbox 1767 1664 1891 1693; x_wconf 91' lang='lat' dir='ltr'>anno</span> 
     </span>
     <span class='ocr_line' id='line_1_13' title="bbox 248 1724 1891 1780; baseline -0.005 -8"><span class='ocrx_word' id='word_1_67' title='bbox 248 1743 277 1771; x_wconf 86' lang='lat' dir='ltr'>a</span> <span class='ocrx_word' id='word_1_68' title='bbox 298 1731 486 1772; x_wconf 88' lang='lat' dir='ltr'>Christo</span> <span class='ocrx_word' id='word_1_69' title='bbox 508 1737 621 1771; x_wconf 91' lang='lat' dir='ltr'>nato</span> <span class='ocrx_word' id='word_1_70' title='bbox 642 1729 887 1771; x_wconf 90' lang='lat' dir='ltr'>millesimo</span> <span class='ocrx_word' id='word_1_71' title='bbox 912 1727 1287 1780; x_wconf 85' lang='lat' dir='ltr'>quingentesimo</span> <span class='ocrx_word' id='word_1_72' title='bbox 1309 1724 1700 1778; x_wconf 85' lang='lat' dir='ltr'>quinquagesimo</span> <span class='ocrx_word' id='word_1_73' title='bbox 1729 1725 1891 1776; x_wconf 87' lang='lat' dir='ltr'>quinto</span> 
     </span>
     <span class='ocr_line' id='line_1_14' title="bbox 247 1795 1892 1851; baseline -0.005 -7"><span class='ocrx_word' id='word_1_74' title='bbox 247 1815 273 1844; x_wconf 92' lang='lat' dir='ltr'>e</span> <span class='ocrx_word' id='word_1_75' title='bbox 294 1803 392 1844; x_wconf 87' lang='lat' dir='ltr'>uita</span> <span class='ocrx_word' id='word_1_76' title='bbox 415 1802 602 1843; x_wconf 86' lang='lat' dir='ltr'>mortali</span> <span class='ocrx_word' id='word_1_77' title='bbox 623 1802 871 1851; x_wconf 87' lang='lat' dir='ltr'>excedens,</span> <span class='ocrx_word' id='word_1_78' title='bbox 903 1800 962 1841; x_wconf 91' lang='lat' dir='ltr'>ad</span> <span class='ocrx_word' id='word_1_79' title='bbox 980 1799 1246 1840; x_wconf 85' lang='lat' dir='ltr'>immortale</span> <span class='ocrx_word' id='word_1_80' title='bbox 1277 1809 1476 1849; x_wconf 87' lang='lat' dir='ltr'>regnum</span> <span class='ocrx_word' id='word_1_81' title='bbox 1507 1796 1746 1848; x_wconf 86' lang='lat' dir='ltr'>migrauit.</span> <span class='ocrx_word' id='word_1_82' title='bbox 1776 1795 1892 1836; x_wconf 84' lang='lat' dir='ltr'>Erat</span> 
     </span>
     <span class='ocr_line' id='line_1_15' title="bbox 246 1866 1891 1922; baseline -0.005 -7"><span class='ocrx_word' id='word_1_83' title='bbox 246 1875 388 1915; x_wconf 91' lang='lat' dir='ltr'>homo</span> <span class='ocrx_word' id='word_1_84' title='bbox 410 1886 434 1914; x_wconf 91' lang='lat' dir='ltr'>e</span> <span class='ocrx_word' id='word_1_85' title='bbox 455 1874 700 1915; x_wconf 87' lang='lat' dir='ltr'>Lusitania</span> <span class='ocrx_word' id='word_1_86' title='bbox 723 1872 964 1922; x_wconf 90' lang='lat' dir='ltr'>oriundus,</span> <span class='ocrx_word' id='word_1_87' title='bbox 987 1871 1249 1921; x_wconf 87' lang='lat' dir='ltr'>theologus,</span> <span class='ocrx_word' id='word_1_88' title='bbox 1275 1869 1433 1909; x_wconf 88' lang='lat' dir='ltr'>latinis</span> <span class='ocrx_word' id='word_1_89' title='bbox 1454 1868 1601 1908; x_wconf 87' lang='lat' dir='ltr'>literis</span> <span class='ocrx_word' id='word_1_90' title='bbox 1622 1866 1816 1919; x_wconf 81' lang='lat' dir='ltr'>perinde</span> <span class='ocrx_word' id='word_1_91' title='bbox 1835 1878 1891 1906; x_wconf 93' lang='lat' dir='ltr'>ac</span> 
     </span>
     <span class='ocr_line' id='line_1_16' title="bbox 247 1937 1888 1998; baseline -0.005 -11"><span class='ocrx_word' id='word_1_92' title='bbox 247 1945 436 1998; x_wconf 85' lang='lat' dir='ltr'>graecis</span> <span class='ocrx_word' id='word_1_93' title='bbox 458 1945 642 1986; x_wconf 89' lang='lat' dir='ltr'>abunde</span> <span class='ocrx_word' id='word_1_94' title='bbox 663 1943 921 1997; x_wconf 87' lang='lat' dir='ltr'>praeditus,</span> <span class='ocrx_word' id='word_1_95' title='bbox 946 1948 1127 1983; x_wconf 89' lang='lat' dir='ltr'>statura</span> <span class='ocrx_word' id='word_1_96' title='bbox 1148 1952 1390 1994; x_wconf 80' lang='lat' dir='ltr'>procerUS,</span> <span class='ocrx_word' id='word_1_97' title='bbox 1416 1940 1572 1980; x_wconf 91' lang='lat' dir='ltr'>animo</span> <span class='ocrx_word' id='word_1_98' title='bbox 1595 1939 1655 1980; x_wconf 93' lang='lat' dir='ltr'>ad</span> <span class='ocrx_word' id='word_1_99' title='bbox 1683 1937 1888 1979; x_wconf 84' lang='lat' dir='ltr'>Societa-</span> 
     </span>
     <span class='ocr_line' id='line_1_17' title="bbox 248 2010 1891 2068; baseline -0.005 -10"><span class='ocrx_word' id='word_1_100' title='bbox 248 2017 308 2057; x_wconf 84' lang='lat' dir='ltr'>tis</span> <span class='ocrx_word' id='word_1_101' title='bbox 329 2017 587 2057; x_wconf 90' lang='lat' dir='ltr'>ministeria</span> <span class='ocrx_word' id='word_1_102' title='bbox 611 2016 823 2068; x_wconf 90' lang='lat' dir='ltr'>apprime</span> <span class='ocrx_word' id='word_1_103' title='bbox 844 2014 1027 2063; x_wconf 82' lang='lat' dir='ltr'>idoneo,</span> <span class='ocrx_word' id='word_1_104' title='bbox 1052 2019 1096 2054; x_wconf 90' lang='lat' dir='ltr'>et</span> <span class='ocrx_word' id='word_1_105' title='bbox 1118 2012 1197 2064; x_wconf 89' lang='lat' dir='ltr'>qui</span> <span class='ocrx_word' id='word_1_106' title='bbox 1216 2011 1349 2052; x_wconf 88' lang='lat' dir='ltr'>breui</span> <span class='ocrx_word' id='word_1_107' title='bbox 1367 2023 1394 2051; x_wconf 91' lang='lat' dir='ltr'>a</span> <span class='ocrx_word' id='word_1_108' title='bbox 1411 2010 1655 2062; x_wconf 81' lang='lat' dir='ltr'>religionis</span> <span class='ocrx_word' id='word_1_109' title='bbox 1671 2010 1891 2061; x_wconf 84' lang='lat' dir='ltr'>ingressu</span> 
     </span>
     <span class='ocr_line' id='line_1_18' title="bbox 245 2081 1892 2137; baseline -0.005 -8"><span class='ocrx_word' id='word_1_110' title='bbox 245 2088 443 2130; x_wconf 86' lang='lat' dir='ltr'>mirifice</span> <span class='ocrx_word' id='word_1_111' title='bbox 465 2088 647 2137; x_wconf 86' lang='lat' dir='ltr'>claruit,</span> <span class='ocrx_word' id='word_1_112' title='bbox 673 2086 935 2128; x_wconf 87' lang='lat' dir='ltr'>obedientia</span> <span class='ocrx_word' id='word_1_113' title='bbox 957 2084 1252 2137; x_wconf 85' lang='lat' dir='ltr'>praesertim.</span> <span class='ocrx_word' id='word_1_114' title='bbox 1277 2082 1541 2123; x_wconf 86' lang='lat' dir='ltr'>Accidebat</span> <span class='ocrx_word' id='word_1_115' title='bbox 1557 2081 1794 2122; x_wconf 90' lang='lat' dir='ltr'>interdum</span> <span class='ocrx_word' id='word_1_116' title='bbox 1812 2081 1892 2132; x_wconf 92' lang='lat' dir='ltr'>qui</span> 
     </span>
     <span class='ocr_line' id='line_1_19' title="bbox 247 2153 1890 2212; baseline -0.007 -10"><span class='ocrx_word' id='word_1_117' title='bbox 247 2161 409 2212; x_wconf 90' lang='lat' dir='ltr'>nimio,</span> <span class='ocrx_word' id='word_1_118' title='bbox 435 2159 778 2212; x_wconf 86' lang='lat' dir='ltr'>aegrotationis</span> <span class='ocrx_word' id='word_1_119' title='bbox 800 2169 959 2208; x_wconf 90' lang='lat' dir='ltr'>causa,</span> <span class='ocrx_word' id='word_1_120' title='bbox 994 2156 1149 2197; x_wconf 83' lang='lat' dir='ltr'>taedio</span> <span class='ocrx_word' id='word_1_121' title='bbox 1180 2160 1303 2195; x_wconf 88' lang='lat' dir='ltr'>esset</span> <span class='ocrx_word' id='word_1_122' title='bbox 1334 2153 1547 2202; x_wconf 88' lang='lat' dir='ltr'>affectus,</span> <span class='ocrx_word' id='word_1_123' title='bbox 1582 2165 1687 2193; x_wconf 92' lang='lat' dir='ltr'>cum</span> <span class='ocrx_word' id='word_1_124' title='bbox 1720 2153 1778 2192; x_wconf 89' lang='lat' dir='ltr'>ab</span> <span class='ocrx_word' id='word_1_125' title='bbox 1809 2163 1890 2192; x_wconf 85' lang='lat' dir='ltr'>ore</span> 
     </span>
     <span class='ocr_line' id='line_1_20' title="bbox 247 2222 1891 2280; baseline -0.007 -7"><span class='ocrx_word' id='word_1_126' title='bbox 247 2237 511 2272; x_wconf 87' lang='lat' dir='ltr'>eructasset</span> <span class='ocrx_word' id='word_1_127' title='bbox 531 2231 808 2280; x_wconf 90' lang='lat' dir='ltr'>buccellam,</span> <span class='ocrx_word' id='word_1_128' title='bbox 833 2227 1126 2269; x_wconf 88' lang='lat' dir='ltr'>obedientiae</span> <span class='ocrx_word' id='word_1_129' title='bbox 1147 2236 1403 2266; x_wconf 90' lang='lat' dir='ltr'>memorem</span> <span class='ocrx_word' id='word_1_130' title='bbox 1418 2224 1550 2265; x_wconf 87' lang='lat' dir='ltr'>vesci</span> <span class='ocrx_word' id='word_1_131' title='bbox 1567 2222 1891 2275; x_wconf 90' lang='lat' dir='ltr'>compellentis</span> 
     </span>
     <span class='ocr_line' id='line_1_21' title="bbox 246 2293 1888 2355; baseline -0.007 -10"><span class='ocrx_word' id='word_1_132' title='bbox 246 2315 353 2344; x_wconf 90' lang='lat' dir='ltr'>eam</span> <span class='ocrx_word' id='word_1_133' title='bbox 388 2303 540 2355; x_wconf 87' lang='lat' dir='ltr'>ipsam</span> <span class='ocrx_word' id='word_1_134' title='bbox 569 2312 807 2342; x_wconf 89' lang='lat' dir='ltr'>resumere</span> <span class='ocrx_word' id='word_1_135' title='bbox 838 2299 1043 2351; x_wconf 90' lang='lat' dir='ltr'>enitique</span> <span class='ocrx_word' id='word_1_136' title='bbox 1081 2297 1141 2338; x_wconf 88' lang='lat' dir='ltr'>ad</span> <span class='ocrx_word' id='word_1_137' title='bbox 1176 2296 1473 2338; x_wconf 87' lang='lat' dir='ltr'>stomachum</span> <span class='ocrx_word' id='word_1_138' title='bbox 1507 2295 1732 2348; x_wconf 85' lang='lat' dir='ltr'>perferre.</span> <span class='ocrx_word' id='word_1_139' title='bbox 1771 2293 1888 2335; x_wconf 90' lang='lat' dir='ltr'>Cum</span> 
     </span>
     <span class='ocr_line' id='line_1_22' title="bbox 244 2368 1890 2423; baseline -0.007 -7"><span class='ocrx_word' id='word_1_140' title='bbox 244 2387 363 2416; x_wconf 88' lang='lat' dir='ltr'>vero</span> <span class='ocrx_word' id='word_1_141' title='bbox 385 2381 493 2415; x_wconf 90' lang='lat' dir='ltr'>ante</span> <span class='ocrx_word' id='word_1_142' title='bbox 516 2374 693 2415; x_wconf 89' lang='lat' dir='ltr'>obitum</span> <span class='ocrx_word' id='word_1_143' title='bbox 716 2372 834 2413; x_wconf 86' lang='lat' dir='ltr'>adeo</span> <span class='ocrx_word' id='word_1_144' title='bbox 857 2371 1068 2423; x_wconf 82' lang='lat' dir='ltr'>grauiter</span> <span class='ocrx_word' id='word_1_145' title='bbox 1097 2369 1253 2410; x_wconf 93' lang='lat' dir='ltr'>animo</span> <span class='ocrx_word' id='word_1_146' title='bbox 1285 2368 1573 2420; x_wconf 88' lang='lat' dir='ltr'>linqueretur</span> <span class='ocrx_word' id='word_1_147' title='bbox 1602 2373 1809 2418; x_wconf 86' lang='lat' dir='ltr'>repente,</span> <span class='ocrx_word' id='word_1_148' title='bbox 1839 2371 1890 2405; x_wconf 94' lang='lat' dir='ltr'>ut</span> 
     </span>
     <span class='ocr_line' id='line_1_23' title="bbox 247 2437 1887 2498; baseline -0.007 -11"><span class='ocrx_word' id='word_1_149' title='bbox 247 2447 327 2498; x_wconf 92' lang='lat' dir='ltr'>qui</span> <span class='ocrx_word' id='word_1_150' title='bbox 347 2446 545 2487; x_wconf 88' lang='lat' dir='ltr'>aderant</span> <span class='ocrx_word' id='word_1_151' title='bbox 566 2444 731 2485; x_wconf 86' lang='lat' dir='ltr'>Patres</span> <span class='ocrx_word' id='word_1_152' title='bbox 753 2455 808 2484; x_wconf 87' lang='lat' dir='ltr'>ac</span> <span class='ocrx_word' id='word_1_153' title='bbox 830 2443 1003 2483; x_wconf 85' lang='lat' dir='ltr'>fratres</span> <span class='ocrx_word' id='word_1_154' title='bbox 1024 2441 1118 2482; x_wconf 89' lang='lat' dir='ltr'>iam</span> <span class='ocrx_word' id='word_1_155' title='bbox 1138 2445 1375 2481; x_wconf 86' lang='lat' dir='ltr'>mortuum</span> <span class='ocrx_word' id='word_1_156' title='bbox 1395 2444 1616 2491; x_wconf 87' lang='lat' dir='ltr'>putarent</span> <span class='ocrx_word' id='word_1_157' title='bbox 1633 2437 1887 2487; x_wconf 78' lang='lat' dir='ltr'>hominem,</span> 
     </span>
    </p>
   </div>
   <div class='ocr_carea' id='block_1_6' title="bbox 298 2622 1892 2711">
    <p class='ocr_par' dir='ltr' id='par_1_8' title="bbox 298 2622 1892 2711">
     <span class='ocr_line' id='line_1_24' title="bbox 298 2622 1406 2663; baseline -0.006 -7"><span class='ocrx_word' id='word_1_158' title='bbox 298 2630 307 2648; x_wconf 87' lang='lat'>¹</span> <span class='ocrx_word' id='word_1_159' title='bbox 353 2628 601 2663; x_wconf 84' lang='lat' dir='ltr'>Autographae</span> <span class='ocrx_word' id='word_1_160' title='bbox 616 2628 649 2655; x_wconf 91' lang='lat' dir='ltr'>in</span> <span class='ocrx_word' id='word_1_161' title='bbox 665 2627 745 2655; x_wconf 81' lang='lat' dir='ltr'>folio</span> <span class='ocrx_word' id='word_1_162' title='bbox 760 2626 898 2661; x_wconf 78' lang='lat' dir='ltr'>duplici,</span> <span class='ocrx_word' id='word_1_163' title='bbox 913 2633 944 2652; x_wconf 91' lang='lat' dir='ltr'>n.</span> <span class='ocrx_word' id='word_1_164' title='bbox 959 2625 1038 2652; x_wconf 90' lang='lat' dir='ltr'>olim</span> <span class='ocrx_word' id='word_1_165' title='bbox 1050 2623 1112 2657; x_wconf 83' lang='lat'>373,</span> <span class='ocrx_word' id='word_1_166' title='bbox 1129 2630 1216 2650; x_wconf 90' lang='lat' dir='ltr'>uunc</span> <span class='ocrx_word' id='word_1_167' title='bbox 1231 2623 1280 2650; x_wconf 82' lang='grc'>-121</span> <span class='ocrx_word' id='word_1_168' title='bbox 1299 2627 1332 2650; x_wconf 87' lang='lat' dir='ltr'>et</span> <span class='ocrx_word' id='word_1_169' title='bbox 1348 2622 1406 2650; x_wconf 84' lang='lat'>122.</span> 
     </span>
     <span class='ocr_line' id='line_1_25' title="bbox 299 2668 1892 2711; baseline -0.006 -7"><span class='ocrx_word' id='word_1_170' title='bbox 299 2677 312 2696; x_wconf 72' lang='lat'><strong>²</strong></span> <span class='ocrx_word' id='word_1_171' title='bbox 351 2676 460 2711; x_wconf 87' lang='lat' dir='ltr'>Hujus</span> <span class='ocrx_word' id='word_1_172' title='bbox 473 2683 594 2703; x_wconf 88' lang='lat' dir='ltr'>nomen</span> <span class='ocrx_word' id='word_1_173' title='bbox 610 2682 670 2702; x_wconf 71' lang='lat' dir='ltr'>nec</span> <span class='ocrx_word' id='word_1_174' title='bbox 686 2675 798 2709; x_wconf 86' lang='lat' dir='ltr'>aperit</span> <span class='ocrx_word' id='word_1_175' title='bbox 815 2674 868 2701; x_wconf 87' lang='lat' dir='ltr'>hic</span> <span class='ocrx_word' id='word_1_176' title='bbox 895 2673 952 2700; x_wconf 86' lang='lat' dir='ltr'>Fr.</span> <span class='ocrx_word' id='word_1_177' title='bbox 968 2673 1109 2705; x_wconf 80' lang='lat' dir='ltr'>Acesta,</span> <span class='ocrx_word' id='word_1_178' title='bbox 1126 2678 1186 2698; x_wconf 89' lang='lat' dir='ltr'>nec</span> <span class='ocrx_word' id='word_1_179' title='bbox 1203 2670 1273 2697; x_wconf 82' lang='lat' dir='ltr'>VAt</span> <span class='ocrx_word' id='word_1_180' title='bbox 1284 2677 1378 2698; x_wconf 77' lang='lat' dir='ltr'>D1V1A</span> <span class='ocrx_word' id='word_1_181' title='bbox 1393 2670 1425 2697; x_wconf 89' lang='lat' dir='ltr'>in</span> <span class='ocrx_word' id='word_1_182' title='bbox 1438 2669 1601 2696; x_wconf 78' lang='lat' dir='ltr'>Historia</span> <span class='ocrx_word' id='word_1_183' title='bbox 1614 2668 1720 2695; x_wconf 82' lang='lat' dir='ltr'>delos</span> <span class='ocrx_word' id='word_1_184' title='bbox 1736 2668 1892 2701; x_wconf 84' lang='lat' dir='ltr'>Colegios</span> 
     </span>
    </p>
   </div>
   <div class='ocr_carea' id='block_1_7' title="bbox 242 2715 1891 2990">
    <p class='ocr_par' dir='ltr' id='par_1_9' title="bbox 242 2715 1891 2990">
     <span class='ocr_line' id='line_1_26' title="bbox 244 2715 1891 2756; baseline -0.005 -6"><span class='ocrx_word' id='word_1_185' title='bbox 244 2724 289 2749; x_wconf 72' lang='lat' dir='ltr'>dv</span> <span class='ocrx_word' id='word_1_186' title='bbox 306 2723 466 2756; x_wconf 74' lang='lat' dir='ltr'>Castilla,</span> <span class='ocrx_word' id='word_1_187' title='bbox 481 2731 541 2750; x_wconf 90' lang='lat' dir='ltr'>nec</span> <span class='ocrx_word' id='word_1_188' title='bbox 560 2723 734 2750; x_wconf 67' lang='lat' dir='ltr'>PotANcus</span> <span class='ocrx_word' id='word_1_189' title='bbox 749 2722 780 2749; x_wconf 92' lang='lat' dir='ltr'>in</span> <span class='ocrx_word' id='word_1_190' title='bbox 799 2721 980 2753; x_wconf 78' lang='lat' dir='ltr'>clzrom·c0,·</span> <span class='ocrx_word' id='word_1_191' title='bbox 995 2720 1097 2746; x_wconf 87' lang='lat' dir='ltr'>immo</span> <span class='ocrx_word' id='word_1_192' title='bbox 1113 2718 1201 2752; x_wconf 87' lang='lat' dir='ltr'>quod</span> <span class='ocrx_word' id='word_1_193' title='bbox 1217 2718 1305 2745; x_wconf 79' lang='lat' dir='ltr'>infra</span> <span class='ocrx_word' id='word_1_194' title='bbox 1320 2722 1440 2744; x_wconf 82' lang='lat' dir='ltr'>narrat</span> <span class='ocrx_word' id='word_1_195' title='bbox 1458 2717 1588 2744; x_wconf 84' lang='lat' dir='ltr'>Acosta</span> <span class='ocrx_word' id='word_1_196' title='bbox 1604 2716 1644 2743; x_wconf 88' lang='lat' dir='ltr'>de</span> <span class='ocrx_word' id='word_1_197' title='bbox 1659 2716 1760 2750; x_wconf 85' lang='lat' dir='ltr'>hujus</span> <span class='ocrx_word' id='word_1_198' title='bbox 1775 2715 1891 2742; x_wconf 84' lang='lat' dir='ltr'>Patris</span> 
     </span>
     <span class='ocr_line' id='line_1_27' title="bbox 245 2762 1889 2803; baseline -0.006 -5"><span class='ocrx_word' id='word_1_199' title='bbox 245 2771 453 2803; x_wconf 81' lang='lat' dir='ltr'>obedientia,</span> <span class='ocrx_word' id='word_1_200' title='bbox 480 2770 657 2797; x_wconf 69' lang='lat' dir='ltr'>VALmvm</span> <span class='ocrx_word' id='word_1_201' title='bbox 679 2769 712 2797; x_wconf 91' lang='lat' dir='ltr'>id</span> <span class='ocrx_word' id='word_1_202' title='bbox 735 2768 896 2796; x_wconf 85' lang='lat' dir='ltr'>attribuit</span> <span class='ocrx_word' id='word_1_203' title='bbox 921 2767 1055 2794; x_wconf 84' lang='lat' dir='ltr'>cuidam</span> <span class='ocrx_word' id='word_1_204' title='bbox 1083 2765 1198 2798; x_wconf 80' lang='lat' dir='ltr'>fratri,</span> <span class='ocrx_word' id='word_1_205' title='bbox 1223 2764 1328 2791; x_wconf 88' lang='lat' dir='ltr'>etiam</span> <span class='ocrx_word' id='word_1_206' title='bbox 1351 2763 1512 2793; x_wconf 87' lang='lat' dir='ltr'>lusitano.</span> <span class='ocrx_word' id='word_1_207' title='bbox 1545 2763 1679 2789; x_wconf 85' lang='lat' dir='ltr'>nomine</span> <span class='ocrx_word' id='word_1_208' title='bbox 1707 2762 1889 2794; x_wconf 79' lang='lat' dir='ltr'>Gonzalez‚</span> 
     </span>
     <span class='ocr_line' id='line_1_28' title="bbox 242 2809 1888 2853; baseline -0.007 -7"><span class='ocrx_word' id='word_1_209' title='bbox 242 2825 343 2852; x_wconf 85' lang='lat' dir='ltr'>quem</span> <span class='ocrx_word' id='word_1_210' title='bbox 358 2818 407 2845; x_wconf 81' lang='lat' dir='ltr'>ait</span> <span class='ocrx_word' id='word_1_211' title='bbox 423 2817 641 2853; x_wconf 38' lang='lat' dir='ltr'>Methymna?</span> <span class='ocrx_word' id='word_1_212' title='bbox 656 2817 778 2844; x_wconf 80' lang='lat' dir='ltr'>obiisse</span> <span class='ocrx_word' id='word_1_213' title='bbox 795 2823 883 2842; x_wconf 86' lang='lat' dir='ltr'>anno</span> <span class='ocrx_word' id='word_1_214' title='bbox 899 2813 1065 2848; x_wconf 81' lang='lat' dir='ltr'>sequenti,</span> <span class='ocrx_word' id='word_1_215' title='bbox 1082 2812 1225 2845; x_wconf 86' lang='lat' dir='ltr'>scilicet,</span> <span class='ocrx_word' id='word_1_216' title='bbox 1244 2810 1493 2838; x_wconf 75' lang='lat' dir='ltr'>1556.—Verum</span> <span class='ocrx_word' id='word_1_217' title='bbox 1517 2817 1585 2837; x_wconf 83' lang='lat' dir='ltr'>vox</span> <span class='ocrx_word' id='word_1_218' title='bbox 1608 2809 1743 2842; x_wconf 81' lang='lat' dir='ltr'>Patris,</span> <span class='ocrx_word' id='word_1_219' title='bbox 1767 2817 1888 2837; x_wconf 85' lang='lat' dir='ltr'>nomen</span> 
     </span>
     <span class='ocr_line' id='line_1_29' title="bbox 246 2857 1887 2898; baseline -0.006 -5"><span class='ocrx_word' id='word_1_220' title='bbox 246 2865 402 2892; x_wconf 77' lang='lat' dir='ltr'>Gometz&#39;z·</span> <span class='ocrx_word' id='word_1_221' title='bbox 417 2871 449 2892; x_wconf 84' lang='lat' dir='ltr'>et</span> <span class='ocrx_word' id='word_1_222' title='bbox 466 2873 573 2892; x_wconf 61' lang='lat' dir='ltr'>annus</span> <span class='ocrx_word' id='word_1_223' title='bbox 588 2865 678 2892; x_wconf 82' lang='lat'>1555</span> <span class='ocrx_word' id='word_1_224' title='bbox 698 2864 877 2898; x_wconf 65' lang='lat' dir='ltr'>perspicue</span> <span class='ocrx_word' id='word_1_225' title='bbox 905 2861 1086 2889; x_wconf 84' lang='lat' dir='ltr'>admodum</span> <span class='ocrx_word' id='word_1_226' title='bbox 1111 2860 1144 2887; x_wconf 90' lang='lat' dir='ltr'>in</span> <span class='ocrx_word' id='word_1_227' title='bbox 1169 2859 1222 2886; x_wconf 85' lang='lat' dir='ltr'>his</span> <span class='ocrx_word' id='word_1_228' title='bbox 1245 2858 1372 2886; x_wconf 88' lang='lat' dir='ltr'>litteris</span> <span class='ocrx_word' id='word_1_229' title='bbox 1395 2857 1736 2892; x_wconf 84' lang='lat' dir='ltr'>apparent.-Eritne</span> <span class='ocrx_word' id='word_1_230' title='bbox 1752 2857 1806 2885; x_wconf 86' lang='lat' dir='ltr'>hic</span> <span class='ocrx_word' id='word_1_231' title='bbox 1831 2857 1887 2884; x_wconf 89' lang='lat' dir='ltr'>ille</span> 
     </span>
     <span class='ocr_line' id='line_1_30' title="bbox 243 2904 1886 2944; baseline -0.005 -6"><span class='ocrx_word' id='word_1_232' title='bbox 243 2911 281 2938; x_wconf 92' lang='lat' dir='ltr'>P.</span> <span class='ocrx_word' id='word_1_233' title='bbox 297 2911 536 2939; x_wconf 83' lang='lat' dir='ltr'>Ferdinandus</span> <span class='ocrx_word' id='word_1_234' title='bbox 553 2911 688 2944; x_wconf 85' lang='lat' dir='ltr'>Gomez,</span> <span class='ocrx_word' id='word_1_235' title='bbox 707 2911 886 2943; x_wconf 77' lang='lat' dir='ltr'>lusitanuS,</span> <span class='ocrx_word' id='word_1_236' title='bbox 900 2909 955 2943; x_wconf 88' lang='lat' dir='ltr'>qui</span> <span class='ocrx_word' id='word_1_237' title='bbox 973 2908 1205 2935; x_wconf 72' lang='lat' dir='ltr'>Salmanticae</span> <span class='ocrx_word' id='word_1_238' title='bbox 1221 2913 1309 2933; x_wconf 88' lang='lat' dir='ltr'>anno</span> <span class='ocrx_word' id='word_1_239' title='bbox 1324 2906 1477 2939; x_wconf 81' lang='lat' dir='ltr'>proxime</span> <span class='ocrx_word' id='word_1_240' title='bbox 1499 2904 1720 2939; x_wconf 85' lang='lat' dir='ltr'>praecedenti</span> <span class='ocrx_word' id='word_1_241' title='bbox 1744 2910 1886 2930; x_wconf 81' lang='lat' dir='ltr'>examen</span> 
     </span>
     <span class='ocr_line' id='line_1_31' title="bbox 243 2954 1268 2990; baseline -0.007 -4"><span class='ocrx_word' id='word_1_242' title='bbox 243 2959 362 2986; x_wconf 84' lang='lat' dir='ltr'>subiit?</span> <span class='ocrx_word' id='word_1_243' title='bbox 380 2959 428 2986; x_wconf 83' lang='lat' dir='ltr'>Cf.</span> <span class='ocrx_word' id='word_1_244' title='bbox 443 2959 592 2987; x_wconf 52' lang='lat' dir='ltr'>Pomm-cx</span> <span class='ocrx_word' id='word_1_245' title='bbox 611 2958 813 2990; x_wconf 72' lang='lat' dir='ltr'>Clzrom&#39;con,</span> <span class='ocrx_word' id='word_1_246' title='bbox 830 2962 851 2984; x_wconf 91' lang='lat' dir='ltr'>t.</span> <span class='ocrx_word' id='word_1_247' title='bbox 867 2965 911 2990; x_wconf 75' lang='lat' dir='ltr'>iv,</span> <span class='ocrx_word' id='word_1_248' title='bbox 930 2964 1012 2990; x_wconf 78' lang='lat' dir='ltr'>pag.</span> <span class='ocrx_word' id='word_1_249' title='bbox 1030 2955 1092 2988; x_wconf 77' lang='lat'>376,</span> <span class='ocrx_word' id='word_1_250' title='bbox 1109 2958 1225 2980; x_wconf 87' lang='lat' dir='ltr'>annot.</span> <span class='ocrx_word' id='word_1_251' title='bbox 1242 2954 1268 2980; x_wconf 84' lang='lat' dir='ltr'>l.</span> 
     </span>
    </p>
   </div>
  </div>
 </body>
</html>
