2047 3179
236 162 306 198 510
755 161 982 199 LITTERAE
1001 172 1361 205 QUADRIMESTRES

235 258 448 297 ouiculas
466 258 726 309 clementia,
752 258 860 310 quia
882 259 1059 299 nullum
1081 259 1233 299 adhuc
1256 259 1534 309 inuenimus‚
1559 260 1637 311 qui
1657 272 1750 299 non
1766 265 1874 311 per-

233 329 346 368 bene
372 330 644 370 consolatus
679 336 723 370 et
750 336 958 371 mutatus
986 332 1033 371 in
1062 330 1205 370 alium
1236 330 1472 370 hominem
1500 330 1690 370 domum
1719 331 1778 370 sit
1807 343 1873 371 re-

237 411 417 440 uersus.
443 399 701 452 Quaedam,
726 401 927 442 mirabili
948 401 1293 453 pulchritudine
1311 407 1355 440 et
1377 401 1536 441 habitu
1554 402 1792 453 corporali
1810 402 1873 442 in-

238 471 433 522 signiter
451 471 617 511 dotata
641 471 666 522 ¹,
692 473 749 512 ab
767 472 880 524 ipsis
898 472 964 521 (vt
982 471 1126 522 aiunt)
1150 472 1395 512 cunabulis
1416 472 1659 512 scortandi
1680 473 1875 524 turpitu-

237 541 344 582 dine
372 543 611 594 implicata
637 543 762 593 sm't,
792 554 910 594 qnae
935 543 1028 582 se'bz'
1053 553 1280 594 magnum
1309 542 1322 561 ²
1350 543 1738 584 vestimentorum
1760 544 1870 584 alio-

238 625 434 665 rumque
456 615 752 655 muliebrium
774 620 1023 654 ornatuum
1053 613 1261 654 corrasit
1283 614 1558 655 thesaurum
1579 613 1607 665 ⁵,
1642 626 1794 667 quem,
1819 615 1876 655 de

236 685 423 736 publica
460 687 556 726 vita
593 686 651 726 ad
687 697 854 737 puram
886 685 1099 737 reducta,
1137 692 1288 726 totum
1323 686 1618 738 contempsit,
1657 698 1874 738 perseue-

237 768 349 796 rans
370 755 384 774 ‘⁴
406 757 453 796 in
476 768 648 808 magna
670 757 796 797 vitae
818 756 1131 808 simplicitate,
1157 757 1493 808 poenitentiam
1514 757 1627 808 agit.

318 827 561 879 Quaedam
588 828 740 879 virgo,
766 840 907 879 quam
942 828 1074 868 multi
1105 828 1372 868 ambiebant
1407 835 1659 879 amatores,
1697 829 1876 868 nullum

237 910 334 939 non
354 907 597 939 mouentes
618 899 838 950 lapidem,
863 911 954 951 quo
976 899 1127 950 ipsam
1149 899 1209 940 ad
1227 900 1577 940 matrimonium
1594 900 1871 940 contrahen-

239 969 348 1010 dum
361 971 647 1021 pellicerent,
664 971 770 1022 ipsa
786 974 943 1010 autem
960 976 1225 1010 amatorum
1241 972 1405 1011 volens
1424 971 1575 1011 vitare
1593 971 1875 1022 cupidinem,

238 1041 340 1082 Deo
370 1043 522 1082 solnm
553 1040 566 1059 ⁵
594 1043 781 1093 placere
812 1041 1036 1091 studiosa,
1075 1042 1420 1082 deformitatem
1450 1043 1655 1093 aliquam
1690 1042 1879 1094 corpori

242 1113 415 1153 inferre
439 1113 679 1164 cogitauit,
704 1124 980 1164 omnemque
1001 1119 1246 1153 externam
1267 1113 1506 1165 deponens
1541 1113 1877 1165 curiositatem,

238 1184 635 1236 contemptibilem
665 1196 721 1225 ac
743 1184 1002 1236 simplicem
1030 1184 1242 1225 habitum
1272 1185 1486 1236 sumpsit,
1510 1185 1556 1225 in
1579 1196 1669 1236 quo
1701 1196 1807 1225 cum
1829 1196 1878 1225 se

241 1262 439 1296 naturae
461 1257 796 1297 contrarietate
819 1263 864 1297 et
885 1256 1116 1297 diabolica
1132 1256 1345 1308 grauiter
1362 1257 1589 1296 sentiebat
1609 1255 1623 1275 ⁶
1641 1267 1880 1308 oppugna-

243 1328 281 1367 ri
317 1328 576 1368 tentatione
609 1327 637 1378 ⁷,
676 1328 800 1379 quod
833 1328 950 1368 haec
990 1335 1185 1368 externa
1216 1334 1260 1368 et
1291 1328 1584 1368 delectabilia
1619 1328 1835 1379 deposuit
1868 1326 1882 1346 ⁸

241 1405 534 1450 ornamenta,
556 1399 770 1439 omnibus
792 1400 993 1451 arreptis
1013 1400 1242 1440 lacerauit
1264 1397 1293 1450 ⁹,
1318 1412 1373 1439 ac
1395 1400 1463 1440 sic
1481 1406 1676 1440 cunctas
1694 1410 1880 1451 supera-

243 1470 308 1510 uit
322 1470 620 1510 tentationes

323 1541 444 1589 Alia,
467 1541 694 1593 gaudium
716 1547 759 1581 et
782 1548 977 1582 ornatus
999 1542 1142 1582 totius
1165 1542 1424 1582 inventutis
1446 1541 1606 1582 habita
1628 1541 1752 1591 (licet
1774 1553 1874 1593 spu-

239 1625 316 1653 ma
337 1613 495 1652 verius
522 1611 549 1630 ¹⁰
571 1618 614 1652 et
638 1612 846 1653 omnium
868 1620 1173 1664 peccatorum
1193 1613 1302 1664 fex),
1329 1613 1536 1664 adeoque
1556 1612 1812 1652 sublimata
1834 1619 1882 1652 ut

239 1684 384 1724 foelix
401 1696 457 1724 ac
478 1685 653 1724 laetum
674 1684 852 1724 nullum
872 1683 1106 1724 diceretur
1129 1684 1398 1725 conuiuium
1420 1684 1542 1724 illius
1564 1695 1732 1724 carens
1748 1695 1880 1735 prae-

236 1756 407 1803 sentia,
432 1766 573 1806 qnam
595 1754 827 1795 Dominus
855 1755 1061 1803 tandem,
1092 1756 1169 1807 pio
1197 1756 1269 1796 sui
1297 1756 1471 1796 amoris
1492 1755 1602 1807 igne
1623 1755 1878 1806 incensam,

241 1827 300 1867 ab
318 1826 512 1866 aedibus
530 1826 741 1878 paternis
762 1826 1062 1878 omniumque
1083 1838 1338 1878 procorum
1358 1826 1626 1867 familiarite
1649 1827 1880 1876 auulsam,

236 1897 302 1938 ad
329 1899 484 1938 locum
518 1897 768 1949 quemdam
802 1897 1134 1949 religiosarum
1168 1898 1481 1938 foeminarum
1514 1898 1768 1950 pertraxit,
1801 1897 1880 1938 ubi

242 1981 336 2009 non
357 1969 511 2009 minus
534 1980 675 2021 quam
702 1969 749 2009 in
778 1970 936 2009 seculo
972 1969 1184 2009 omnibus
1211 1969 1533 2020 spectaculum
1559 1976 1643 2019 est,
1676 1969 1758 2009 sed
1786 1980 1882 2009 non

241 2053 296 2081 eo
314 2052 405 2092 quo
427 2041 473 2080 in
496 2039 669 2081 mundo
691 2039 846 2091 modo3
870 2046 968 2081 tam
988 2040 1111 2081 enim
1132 2040 1206 2091 pie
1227 2041 1438 2092 virgines
1459 2041 1656 2092 aliquas,
1681 2052 1799 2092 quas
1817 2047 1883 2080 te-

238 2118 332 2163 net,
359 2112 545 2152 instruit
567 2117 849 2163 exercetque
883 2111 930 2152 in
951 2111 1217 2162 virtutibus,
1253 2118 1301 2152 ut
1328 2112 1495 2152 beatae
1524 2112 1755 2162 dicantur,
1788 2112 1883 2163 qui·

243 2185 327 2223 bus
358 2195 463 2223 cum
492 2195 547 2223 ea
587 2183 801 2223 habitare
835 2183 1082 2234 contingit,
1111 2190 1160 2223 ut
1189 2184 1345 2223 dicere
1374 2190 1579 2234 possent:
1604 2183 1725 2223 sicut
1756 2183 1882 2223 exbi-

242 2255 339 2295 buit
375 2255 582 2294 membra
619 2266 703 2294 sua
738 2254 916 2294 seruire
952 2254 1275 2295 immunditiae
1309 2262 1351 2294 et
1385 2255 1619 2306 iniquitati
1646 2265 1794 2305 usque
1825 2254 1885 2294 ad

240 2326 559 2378 iniquitatem,
584 2325 648 2365 ita
669 2336 792 2365 nunc
814 2325 984 2365 eadem
1000 2325 1203 2376 exhibet,
1229 2332 1317 2366 etc.

299 2511 308 2531 ¹
349 2514 487 2538 ornata.
506 2511 683 2537 Polancus.

299 2559 312 2577 ’ὲ
351 2566 510 2593 magnum
528 2560 606 2586 εειίιί.
625 2558 672 2585 Id.

300 2606 313 2622 '³
355 2606 553 2634 thesamum
566 2609 780 2641 parauerat.
797 2606 844 2633 Id.

304 2655 317 2674 ‘⁴
355 2656 387 2680 et
403 2662 645 2689 perseverans.
661 2654 709 2681 Id.

301 2702 315 2721 5
355 2705 386 2728 el
409 2702 476 2728 Deo
492 2702 569 2728 soli.
589 2701 636 2728 ld.

300 2748 314 2767 ὓ
352 2749 574 2777 scn1i1¹cl.1d.

304 2797 314 2815 7
358 2805 398 2824 ea
415 2797 583 2824 videlzcet
599 2799 803 2825 tentatione.
819 2797 866 2824 Id.

301 2843 315 2860 ⁸
354 2845 578 2879 deposuisset.
596 2845 647 2872 Id.

301 2890 314 2910 ⁹
353 2899 392 2918 ea
409 2893 593 2919 laceravit.
613 2891 664 2919 Id.

302 2938 328 2957 ¹⁰
367 2939 481 2966 Aliam
503 2947 592 2973 quac
613 2940 774 2973 gaudium
796 2944 829 2966 et
854 2944 994 2966 ornatus
1011 2939 1114 2966 totius
1132 2940 1318 2967 iuuentutis
1335 2939 1637 2971 lt‹1l›cbatm¹<l1'cct
1653 2948 1774 2975 spuma
1795 2940 1887 2966 esset

245 2987 373 3012 veriti-¹.
396 2985 446 3013 Id.
