2047 3179
197 170 268 210 768
713 173 940 210 LITTERAE
960 184 1322 216 QUADmMESTREs

199 280 306 309 cum
335 269 510 320 labore,
543 270 763 321 quoniam
792 270 1052 322 aethiopisa
1081 276 1182 311 erat
1210 276 1254 310 et
1287 270 1370 310 vix
1404 270 1601 322 intelligi
1636 278 1840 323 poterat3

200 346 340 392 atque
362 340 419 380 de
439 348 578 381 nocte
600 352 790 381 sacrum
818 341 1086 381 chrismatis
1114 343 1265 382 oleum
1296 353 1351 381 eo
1383 341 1677 382 afferendum
1708 354 1841 382 cura-

200 412 289 460 uit,
315 423 462 463 eoque
483 413 721 452 seruulam
742 413 892 464 unxit,
915 418 960 452 et
981 412 1195 453 dominos
1215 412 1362 464 ipsius
1384 413 1558 454 acriter
1589 414 1840 465 reprehen-

201 483 266 523 dit
287 483 411 534 quod
433 483 478 523 in
502 483 624 524 illius
645 484 830 523 animae
852 484 1001 523 salute
1023 491 1121 524 tam
1145 484 1441 535 negligentes
1457 484 1675 536 fuissent,
1695 496 1842 537 quare

202 561 252 595 vt
272 555 318 595 id
340 561 589 606 peccatum
610 554 946 595 confiterentur
967 555 1224 596 admonuit.

282 625 510 666 Omnibus
532 626 579 666 in
607 626 738 676 locis,
776 626 822 665 in
858 626 1025 677 quibus
1060 626 1204 678 aliqui
1239 627 1506 667 chrismatis
1543 634 1842 668 sacramento

200 697 522 747 initiabantur,
548 703 627 737 aut
650 697 1020 738 concionabatur
1040 697 1181 738 Pater
1203 698 1480 750 Episcopus,
1511 704 1591 739 aut
1618 699 1674 739 de
1702 699 1843 739 rebus

201 768 374 810 diuinis
396 770 531 820 quasi
552 768 847 809 familiariter
869 769 1015 809 verba
1042 768 1261 820 faciebat,
1291 769 1430 822 idque
1459 777 1604 810 noctu
1634 781 1844 810 nonnun-

201 852 366 892 quam;
406 851 491 880 nec
526 845 635 880 ante
671 840 826 880 cibum
861 840 1079 891 capiebat
1115 851 1256 891 quam
1296 841 1453 881 omnia
1488 841 1840 893 perficerentur.

201 911 456 952 Praeterea
479 910 685 963 quotidie
706 911 879 951 missae
901 922 1090 951 sacrum
1110 911 1329 952 faciebat.
1362 911 1560 963 Quando
1594 925 1653 952 ex
1678 912 1844 953 itinere

201 994 353 1035 pagos
393 989 475 1022 aut
513 982 690 1034 aliquot
728 982 1047 1033 agricolarum
1083 994 1220 1023 casas
1255 983 1589 1035 conspiciebat,
1628 983 1846 1036 quamuis

204 1055 545 1106 aliquantulum
567 1066 593 1093 a
615 1054 694 1093 via
716 1059 925 1094 remotae
947 1060 1118 1105 essent,
1144 1054 1202 1095 ad
1223 1055 1404 1095 incolas
1425 1055 1612 1096 illorum
1634 1056 1842 1096 locorum

203 1126 525 1167 admonendos
555 1125 818 1166 diuertebat
847 1137 1020 1178 eosque
1049 1137 1225 1177 magna
1246 1138 1381 1178 uoce,
1418 1134 1469 1167 vt
1504 1128 1620 1167 bene
1655 1126 1844 1167 exaudi-

203 1204 348 1249 retur,
377 1198 657 1238 hortabatur
683 1204 734 1237 vt
762 1198 809 1237 in
834 1199 1059 1249 templum
1092 1198 1152 1238 ad
1187 1199 1457 1239 chrismatis
1487 1197 1846 1239 Sacramentum

204 1270 528 1320 conuenirent,
553 1269 934 1321 Episcopumque
955 1269 1054 1309 eius
1075 1270 1143 1309 rei
1161 1281 1304 1309 causa
1324 1270 1490 1310 adesse
1508 1270 1708 1310 dicebat.
1728 1269 1845 1310 Cum

204 1342 252 1382 in
273 1341 330 1382 iis
354 1341 570 1381 omnibus
590 1341 688 1381 fere
709 1340 826 1381 locis
847 1342 1104 1393 permultos
1126 1352 1240 1393 erga
1262 1353 1454 1382 suorum
1483 1342 1748 1382 animorum
1775 1353 1846 1381 sa-

205 1415 348 1454 lutem
370 1412 624 1453 admodum
644 1413 939 1464 negligentes
960 1412 1156 1463 uideret,
1182 1413 1248 1453 eis
1279 1413 1584 1453 vehementer
1619 1413 1847 1453 suadebat

206 1490 258 1525 vt
279 1485 422 1525 totius
443 1485 569 1525 uitae
591 1491 788 1536 peccata
811 1485 1059 1536 diligenter
1081 1484 1438 1536 confite1·entur;
1470 1484 1609 1536 idque
1637 1497 1727 1537 quo
1757 1496 1849 1525 me-

207 1556 295 1596 lius
316 1556 475 1596 facere
496 1562 702 1608 possent,
727 1556 933 1596 Eboram
954 1556 1013 1596 ad
1033 1561 1246 1597 nostrum
1268 1557 1519 1607 collegium
1538 1556 1766 1596 venirent.
1788 1556 1846 1603 Is,

206 1627 264 1668 de
284 1628 443 1668 multis
465 1627 784 1668 conscientiae
806 1627 995 1667 casibus
1014 1633 1227 1679 rogatus,
1252 1627 1312 1668 ad
1329 1628 1486 1668 omnia
1504 1627 1640 1668 facile
1658 1639 1850 1680 respon-

208 1699 370 1750 debat3
405 1710 633 1751 persaepe
665 1704 822 1739 autem
849 1698 1117 1750 discedens,
1147 1710 1254 1739 curn
1290 1699 1384 1739 iam
1412 1699 1458 1739 in
1485 1700 1662 1739 mulum
1687 1710 1850 1739 ascen-

207 1770 319 1811 dere
340 1771 497 1822 vellet,
521 1770 812 1822 profectione
834 1770 1117 1821 intermissa,
1142 1782 1306 1810 rursus
1338 1782 1388 1810 se
1409 1770 1457 1810 in
1484 1771 1709 1822 templum
1731 1770 1850 1811 chri-

206 1842 371 1883 smatis
392 1842 548 1893 gratia
571 1841 857 1882 conferebat.
890 1841 1012 1892 Quin
1040 1842 1181 1882 etiam
1204 1842 1408 1894 quodam
1431 1842 1519 1891 die,
1551 1853 1657 1882 cum
1679 1842 1775 1882 iam
1803 1842 1850 1882 in

207 1915 415 1954 iumento
439 1913 624 1954 sederet
646 1913 827 1965 iterque
847 1913 1005 1953 facere
1027 1913 1274 1965 coepisset,
1298 1914 1377 1954 vbi
1399 1914 1624 1965 cognouit
1653 1925 1851 1965 puerum

207 1986 458 2037 quemdam
479 1985 735 2025 chrismate
754 1985 992 2025 initiatum
1012 1997 1106 2025 non
1129 1997 1246 2035 esse,
1271 1997 1329 2025 ne
1351 1998 1467 2037 puer
1483 1986 1548 2026 ita
1570 1986 1852 2038 relinquere-

208 2066 297 2108 tur,
321 2057 480 2098 statim
500 2069 560 2098 ex
580 2057 705 2097 mulo
729 2056 986 2097 descendit.
1011 2056 1210 2108 Quando
1233 2058 1374 2097 alicui
1403 2058 1575 2109 oppido
1605 2057 1854 2109 appropin-

208 2130 396 2181 quabat,
420 2135 471 2168 vt
493 2129 621 2168 solus
642 2128 806 2168 vrbem
829 2128 1014 2178 ingredi
1037 2134 1210 2180 posset,
1236 2129 1429 2169 comites
1451 2129 1752 2180 properando
1773 2140 1854 2169 an-

207 2200 424 2240 tecedere
442 2199 639 2240 solebat.

286 2271 457 2311 Postea
487 2271 658 2311 missus
688 2277 757 2311 est
788 2272 928 2311 homo
955 2270 1145 2323 quidam
1173 2285 1199 2313 a
1227 2271 1443 2324 Principe
1476 2272 1731 2323 Cardinali,
1757 2272 1852 2324 qui,

207 2343 336 2383 velut
358 2348 634 2383 antecursor
661 2341 791 2382 Patri
818 2342 1054 2395 Episcopo
1082 2342 1387 2394 praecedens,
1423 2343 1464 2383 ei
1485 2344 1688 2395 hospitia
1718 2355 1852 2395 para-

209 2420 294 2466 ret,
314 2413 439 2465 quod
456 2413 594 2453 Pater
611 2413 874 2465 Episcopus
892 2414 1138 2466 suspicans
1155 2415 1331 2455 homini
1349 2414 1465 2455 dixit
1483 2415 1606 2455 scire
1623 2427 1673 2455 se
1695 2426 1854 2466 quam-

210 2486 371 2526 obrem
393 2485 493 2536 ipse
524 2484 843 2536 praecederet3
868 2486 907 2525 si
928 2485 1014 2525 sibi
1029 2492 1220 2537 gratum
1237 2486 1393 2526 facere
1409 2487 1564 2537 vellet,
1584 2486 1631 2526 in
1648 2485 1854 2526 xenodo—

210 2556 329 2596 chiis
358 2555 617 2606 hospitium
638 2564 843 2607 pararet,
869 2558 1131 2608 populoque
1152 2558 1452 2598 renunciaret
1473 2564 1537 2608 vt,
1569 2558 1607 2598 si
1636 2558 1714 2609 qui
1736 2557 1856 2597 chri-

211 2627 696 2668 smatissacramento
717 2628 888 2668 initiati
908 2640 1001 2669 non
1023 2636 1195 2680 essent,
1219 2629 1266 2669 in
1284 2630 1508 2681 templum
1528 2629 1848 2679 conuenirent3

212 2700 303 2740 hoc
325 2699 412 2739 sibi
433 2698 618 2750 gratius
639 2699 739 2739 fieri
758 2700 873 2740 nihil
894 2711 1047 2752 posse,
1072 2700 1144 2740 sin
1162 2712 1276 2741 vero
1294 2700 1419 2741 aliud
1435 2701 1676 2753 quippiam
1697 2700 1855 2741 facere

212 2772 367 2811 iussus
390 2776 528 2821 esset,
562 2771 751 2811 domum
774 2772 961 2823 rediret,
993 2772 1215 2824 quoniam
1245 2784 1389 2824 opera
1419 2773 1519 2813 eius
1547 2784 1642 2812 non
1671 2772 1852 2823 egebat.

211 2841 259 2882 si
281 2842 384 2893 quis
405 2841 526 2882 forte
547 2842 786 2883 hominem
806 2843 933 2883 illum
957 2842 1110 2884 Patris
1132 2843 1353 2896 Episcopi
1375 2855 1477 2884 esse
1499 2844 1774 2884 existimans
1791 2843 1856 2883 ita

212 2912 397 2952 dicebat
430 2913 561 2954 “tuus
592 2914 749 2965 homo,
784 2914 985 2955 Domine
1012 2915 1262 2967 Episcope,
1298 2915 1356 2956 ad
1387 2927 1473 2955 nos
1506 2914 1705 2955 accessit
1734 2920 1779 2954 et
1805 2921 1858 2954 vt

212 2983 302 3023 huc
324 2983 593 3025 veniremus
615 2985 897 3037 admonuit„‚
920 2987 1078 3027 statim
1096 2986 1233 3026 Pater
1250 2986 1512 3038 Episcopus
1534 2986 1855 3037 interpellans,
