2047 3179
202 156 275 193 770
722 157 952 195 LITTERAE
973 168 1334 202 QUADRIMESTRES

205 252 340 292 multi
370 252 459 292 uiri
489 253 684 303 nobileS,
716 253 850 294 multi
877 255 1020 294 etiam
1050 254 1264 294 homines
1293 254 1550 294 doctissimi
1578 255 1848 307 adfuerunt,

202 323 324 363 inter
346 335 464 375 quos
491 324 690 364 aderant
719 324 950 376 Principis
977 324 1243 365 Cardinalis
1272 325 1537 377 Senatores,
1562 338 1678 378 quos
1699 328 1851 378 vulgo-

202 394 664 446 desembrczgadores
689 394 795 445 (sic)
826 397 1080 447 appellant,
1117 396 1156 436 is
1186 396 1326 437 etiam
1354 397 1431 448 qui
1459 396 1698 437 Cardinali
1729 411 1755 438 a
1777 410 1843 438 se-

203 465 344 506 cretis
367 473 450 516 est,
475 479 612 518 quem
634 467 947 507 secretarium
980 467 1192 516 dicimus,
1217 468 1288 507 uir
1310 469 1556 519 praeclara
1577 469 1839 510 eruditione

202 542 343 589 atque
365 537 579 577 doctrina
602 538 832 586 excultus,
864 538 941 589 qui
963 549 1018 578 eo
1048 538 1240 578 consilio
1262 539 1494 587 veniebat,
1528 546 1579 580 vt
1600 540 1722 580 illius
1749 540 1837 580 diei

201 608 521 649 celebritatem
541 615 585 649 et
607 609 705 660 ipse
727 621 951 661 praesens
972 609 1154 649 videret
1175 616 1219 650 et
1246 609 1451 661 Principi
1478 610 1731 662 Cardinali,
1762 613 1839 663 qui

200 680 471 720 valetudine
492 681 744 732 impeditus
765 681 927 721 venire
949 693 1041 721 non
1066 681 1231 732 potuit,
1256 688 1526 733 exponeret.
1557 681 1674 722 Cum
1694 682 1839 734 igitur

199 762 400 803 magnus
421 758 543 792 esset
572 758 832 792 conuentus
858 758 902 792 et
932 753 1286 803 praeclarorum
1307 753 1516 793 uirorum
1549 760 1724 803 coetus,
1759 754 1837 794 ha-

197 823 296 864 bita
318 830 389 863 est
411 824 560 864 oratio
584 836 609 863 a
630 823 776 863 fratre
799 824 1017 876 quodam,
1042 824 1120 875 qui
1136 822 1420 864 Franciscus
1437 825 1606 865 dicitur
1626 825 1834 874 Moralis,

198 906 318 946 quae
347 895 565 935 omnibus
591 895 894 935 vehementer
926 895 1115 947 placuit;
1146 901 1248 935 erat
1270 895 1392 935 enim
1420 896 1575 936 multis
1602 903 1646 936 et
1672 897 1839 937 verbo-

197 977 302 1006 rum
324 972 368 1006 et
389 966 726 1006 sententiarum
745 966 996 1006 luminibus
1014 966 1234 1007 distincta
1253 973 1297 1007 et
1312 967 1517 1018 copiosa,
1539 979 1658 1019 quae
1681 969 1836 1008 omnia

196 1037 340 1077 multo
362 1037 544 1077 maiora
566 1036 720 1077 effecit
744 1037 975 1088 quaedam
998 1038 1197 1078 actionis
1219 1044 1459 1078 uenustas:
1490 1039 1537 1078 in
1558 1051 1612 1078 ea
1635 1040 1737 1090 plus
1758 1039 1835 1079 ho-

194 1119 248 1149 ra
269 1115 598 1160 consumptum
620 1114 703 1148 est.
727 1108 838 1149 Post
859 1109 982 1149 hanc
1004 1110 1170 1160 ecloga
1185 1109 1416 1161 quaedam
1436 1116 1542 1150 acta
1560 1118 1644 1160 est,
1669 1112 1834 1151 carmi-

194 1180 331 1221 nibus
352 1181 607 1221 exametris
628 1180 913 1232 conscripta,
937 1180 1090 1221 facilis
1111 1187 1155 1221 et
1176 1182 1442 1233 perspicua,
1473 1188 1518 1222 et
1545 1182 1647 1233 ipso
1669 1183 1834 1222 carmi-

193 1263 306 1292 num
326 1252 481 1292 sonitu
503 1251 756 1292 admodum
777 1258 993 1302 venusta3
1015 1258 1154 1304 atque
1175 1252 1332 1292 multis
1349 1252 1636 1304 sapientibus
1654 1259 1833 1293 senten-

192 1323 269 1364 tiis
291 1330 474 1373 ornata‚
505 1335 625 1375 quae
655 1335 909 1375 puerorum
937 1323 1124 1364 actione
1151 1329 1196 1364 et
1222 1324 1604 1375 pronuntiatione
1631 1325 1834 1375 quodam

195 1395 334 1436 modo
367 1407 594 1448 expressa
622 1395 893 1436 incredibile
916 1401 986 1436 est
1015 1401 1241 1446 quantum
1268 1396 1482 1436 omnibus
1508 1396 1753 1447 placuerit;
1776 1397 1833 1436 de

190 1479 245 1507 ea
267 1467 411 1519 igitur
432 1479 538 1507 cum
560 1467 786 1518 Princeps
814 1466 1079 1508 Cardinalis
1107 1467 1279 1507 certior
1308 1467 1462 1507 factus
1489 1474 1626 1517 esset,
1658 1479 1761 1508 eam
1782 1480 1832 1508 se

188 1550 361 1590 cupere
392 1539 554 1579 audire
582 1539 719 1590 dixit3
753 1545 1039 1590 quapropter
1067 1538 1232 1591 paucis
1259 1545 1364 1590 post
1391 1538 1553 1578 diebus
1584 1550 1744 1579 coram
1774 1551 1830 1580 eo

187 1616 296 1651 acta
317 1616 402 1661 est3
425 1617 615 1662 postero
638 1616 795 1650 autem
814 1610 887 1650 die
905 1610 1167 1650 incredibili
1185 1610 1392 1650 omnium
1410 1610 1654 1650 alacritate
1674 1610 1830 1650 lectio—

186 1693 270 1722 nes
293 1688 490 1734 coeptae
512 1688 633 1732 sunt;
659 1687 987 1722 verumtamen
1009 1683 1139 1733 prius
1155 1681 1311 1721 breuis
1334 1681 1566 1733 quaedam
1582 1681 1741 1721 habita
1760 1687 1829 1722 est

185 1753 351 1794 concio
379 1753 439 1794 ad
468 1765 631 1794 omnes
658 1752 984 1802 scholasticos,
1017 1753 1065 1793 in
1093 1764 1185 1804 qua
1219 1753 1275 1793 de
1302 1752 1510 1805 ipsorum
1531 1753 1707 1804 regulis
1736 1753 1826 1794 fue-

184 1831 293 1865 runt
328 1824 570 1875 admoniti,
607 1830 651 1864 et
687 1824 746 1864 ad
786 1824 974 1864 uirtutis
1010 1824 1346 1875 literarumque
1384 1824 1589 1864 studium
1628 1824 1824 1864 incitati.

184 1896 354 1938 Omnia
375 1895 679 1936 fundamenta
700 1895 817 1946 (Deo
839 1895 1011 1946 gratia)
1032 1895 1204 1946 optime
1227 1896 1350 1935 iacta
1370 1901 1493 1946 sunt;
1513 1895 1743 1946 reliquum
1760 1901 1827 1936 to-

182 1969 277 2009 tius
299 1968 455 2020 operis
477 1967 741 2007 aedificium
769 1978 952 2007 summa
978 1967 1056 2006 illa
1088 1973 1132 2007 et
1155 1967 1313 2007 diuina
1334 1966 1521 2007 bonitas
1547 1967 1605 2006 ad
1639 1972 1827 2017 gratum

181 2039 272 2080 sibi
292 2039 470 2079 exitum
491 2039 734 2090 perducat.
759 2037 1041 2078 Scholastici
1063 2043 1221 2078 autem
1248 2044 1345 2078 tam
1372 2038 1419 2078 in
1449 2038 1597 2078 literis
1619 2049 1759 2089 quam
1780 2039 1827 2078 in

184 2110 356 2151 uirtute
385 2122 479 2150 non
515 2109 817 2150 mediocriter
851 2108 1118 2160 proficiunt3
1152 2110 1418 2160 complures
1446 2114 1615 2149 octauo
1644 2120 1827 2161 quoquc

182 2181 256 2223 die
278 2182 335 2222 de
357 2181 565 2234 peccatis
587 2180 884 2230 confitentur,
910 2187 953 2220 et
975 2186 1334 2220 sacrosanctum
1356 2179 1529 2220 Christi
1552 2180 1736 2231 Corpus
1753 2192 1824 2220 ac—

182 2254 377 2306 cipiunt,
402 2253 642 2304 multaque
665 2252 771 2302 alia,
802 2257 852 2291 vt
873 2251 975 2291 Deo
997 2251 1125 2302 grati
1148 2251 1255 2302 sint,
1279 2256 1324 2291 et
1345 2251 1421 2303 pio
1444 2251 1600 2290 animo
1622 2257 1666 2291 et
1687 2251 1825 2291 liben-

180 2326 214 2366 ti
244 2324 464 2376 efficiunt;
494 2323 706 2364 nonnulli
733 2323 876 2363 etiam
902 2323 1168 2363 institutum
1201 2330 1414 2363 nostrum
1447 2322 1728 2374 uiuendique
1755 2334 1824 2363 ra-

180 2396 354 2437 tionem
388 2395 520 2448 sequi
556 2394 861 2435 vehementer
898 2393 1104 2445 cupiunt,
1138 2400 1337 2446 suntque
1364 2393 1424 2434 ad
1455 2394 1501 2434 id
1536 2394 1674 2434 valde
1710 2394 1822 2446 apti.

182 2467 321 2508 Pater
356 2478 471 2507 vero
508 2466 680 2506 Rector
712 2466 829 2506 duos
860 2465 1185 2506 adolescentes
1216 2465 1276 2506 ad
1305 2465 1589 2506 Societatem
1621 2465 1821 2514 admisit,

179 2539 257 2590 qui
285 2538 631 2591 quamprimum
658 2536 998 2588 ingredientur.
1029 2536 1254 2577 Diuinam
1287 2537 1543 2577 bonitatem
1576 2548 1828 2588 precamur

180 2615 231 2650 vt
264 2610 384 2650 haec
415 2609 571 2650 omnia
594 2608 654 2648 ad
675 2607 824 2659 ipsius
853 2607 1040 2648 laudem
1061 2607 1354 2660 gloriamque
1375 2607 1657 2648 referantur.
1683 2607 1821 2648 Prae-

182 2687 398 2733 ceptores
437 2692 599 2721 omnes
640 2691 746 2720 cum
786 2679 832 2719 in
872 2679 1018 2719 literis
1057 2685 1156 2719 tum
1191 2679 1332 2720 etiam
1366 2679 1413 2719 in
1451 2691 1566 2719 vera
1603 2691 1821 2731 syncera-

179 2764 269 2804 que
301 2752 534 2802 doctrina,
568 2751 671 2792 aliis
702 2749 1215 2802 exercitationibusque
1244 2751 1478 2791 maximos
1512 2751 1690 2790 faciunt
1720 2763 1826 2802 pro·

176 2834 385 2873 gressus.
411 2822 550 2863 Pater
578 2828 749 2871 autem,
773 2821 853 2873 qui
886 2821 1202 2862 conscientiae
1230 2833 1368 2862 casus
1395 2821 1601 2873 exponit,
1634 2829 1827 2873 praeter

176 2893 225 2934 id
255 2899 440 2944 tempus
470 2894 594 2945 quod
623 2892 902 2944 exponendo
931 2893 1184 2942 consumit,
1224 2892 1563 2945 aliquantulum
1594 2893 1825 2944 temporis

175 2963 332 3014 habet,
357 2976 448 3015 quo
471 2965 527 3004 de
548 2964 687 3004 rebus
709 2963 880 3003 diuinis
899 2963 1042 3003 verba
1066 2962 1209 3004 faciat
1232 2962 1569 3015 sacerdotibuS,
1594 2975 1712 3016 quos
1742 2964 1819 3004 do-
