2047 3179
893 145 978 184 AN.
1010 146 1102 184 1554
1743 145 1816 183 123

168 252 356 297 tempus
391 245 448 285 ab
484 244 585 296 ipso
621 243 912 284 confessario
948 242 1036 282 sibi
1062 241 1323 293 praefixum
1350 246 1488 290 esset,
1517 240 1642 280 haud
1669 241 1812 280 oblita

170 316 336 356 salutis
367 326 496 366 suae,
521 326 682 355 morae
718 313 984 365 impatiens,
1020 323 1115 352 non
1142 312 1308 352 valens
1335 310 1595 362 praefixum
1630 317 1818 362 tempus

171 392 402 438 spectare,
428 392 679 438 antequam
701 385 854 436 ipsum
878 383 1144 424 elaberetur
1166 389 1364 434 tempus,
1399 381 1457 421 ad
1477 392 1563 421 nos
1584 382 1721 422 rediit
1750 381 1811 421 in-

174 457 376 497 stantius
396 457 484 497 hoc
508 457 659 508 ipsum
680 461 860 507 petenS,
890 454 1014 506 quod
1037 453 1224 506 quidem
1246 465 1340 493 non
1360 452 1594 493 modicam
1615 452 1815 492 admira-

171 528 347 568 tionem
369 539 567 568 causare
589 526 736 579 possit
755 525 1016 566 scientibus
1037 536 1156 576 quae
1178 525 1280 576 ipsa
1312 530 1450 564 antea
1480 523 1635 573 fuerit,
1659 534 1818 574 quam-

174 609 265 650 que
286 598 559 638 vanissimis
581 597 741 638 mundi
763 596 1154 648 occupationibus
1178 596 1373 636 intenta.

253 669 304 709 In
325 668 444 709 sesto
466 668 738 710 Natiuitatis
764 667 895 708 Beati
915 667 1112 720 Joannis
1133 667 1374 719 Baptistae
1402 672 1446 706 et
1469 664 1823 716 Assumptionis

176 740 349 780 Beatae
370 739 585 791 Virginis
605 739 690 779 fuit
717 743 877 779 tantus
908 749 1168 778 concursus
1189 737 1479 777 venientium
1507 736 1567 776 ad
1595 735 1822 776 confiten-

177 810 287 851 dum
322 816 519 862 peccata
559 822 644 851 sua
671 815 716 850 et
747 809 1203 857 communicandum,
1235 808 1361 860 quod
1390 819 1478 859 ego
1514 813 1640 848 certe
1669 806 1822 846 nesci-

177 893 277 922 rem
313 882 559 932 assignare
596 891 842 921 numerum
876 891 1059 931 eorum;
1082 879 1173 920 illis
1194 879 1317 919 enim
1350 879 1603 930 praecipue
1637 877 1825 925 diebuS,

178 952 398 1005 quamvis
428 963 609 992 summo
641 963 777 992 mane
806 951 1102 1003 incipiamuS,
1126 951 1210 991 vix
1239 956 1453 1001 superest
1484 949 1620 989 nobis
1641 954 1827 1000 tempus

179 1023 240 1067 ad
259 1022 599 1063 conficiendum
617 1033 819 1063 sacrum.
835 1021 1118 1062 Consolatur
1135 1028 1291 1062 autem
1306 1033 1392 1061 nos
1404 1020 1656 1072 praecipue
1670 1020 1716 1060 in
1734 1019 1824 1059 hac

180 1099 330 1145 parte,
352 1093 477 1145 quod
496 1093 741 1133 videamus
761 1093 918 1144 plures
939 1092 1256 1133 damnationis
1276 1092 1404 1132 viam
1421 1091 1699 1142 relinquere,
1718 1096 1763 1130 et
1781 1090 1830 1130 in

183 1164 424 1205 meliorem
444 1150 634 1215 frugem·
652 1175 702 1204 se
723 1164 949 1216 recipere,
973 1162 1350 1215 quandoquidem
1380 1161 1702 1203 concubinarii
1733 1173 1828 1201 non

192 1235 330 1288 pauci
351 1234 641 1276 concubinas
662 1246 773 1276 suas
799 1235 1101 1287 reliquerunt,
1131 1234 1397 1275 huiusmodi
1423 1233 1652 1286 peccandi
1681 1243 1837 1284 genus

186 1306 488 1347 detestantes.

267 1377 605 1418 Restitutiones
642 1378 798 1428 etiam,
827 1377 982 1428 gratia
1013 1375 1220 1428 Domini,
1252 1377 1435 1428 aliquae
1464 1375 1618 1416 factae
1643 1380 1764 1425 sunt,
1790 1380 1837 1415 et

189 1448 457 1500 specialiter
469 1460 563 1488 una
578 1448 825 1500 plusquam
836 1448 960 1489 mille
970 1455 1015 1489 et
1027 1448 1336 1489 ducentorum
1355 1458 1621 1497 aureorum,
1641 1451 1686 1486 et
1703 1444 1827 1497 quod

188 1520 342 1572 magis
363 1520 547 1569 mirere,
576 1520 714 1570 idem,
737 1520 815 1572 qui
836 1520 895 1560 ad
917 1519 1091 1561 dictam
1108 1520 1449 1560 restitutionem
1467 1519 1730 1568 tenebatur,
1749 1529 1828 1557 no·

187 1593 290 1632 lens
319 1603 418 1632 rem
448 1591 587 1631 istam
609 1591 657 1631 in
678 1591 804 1632 aliud
824 1596 1006 1643 tempus
1036 1590 1239 1642 differre,
1263 1602 1362 1632 rem
1382 1591 1534 1642 ipsam
1555 1590 1694 1630 uxori
1714 1600 1828 1629 suae

194 1662 438 1713 indicauit,
462 1668 510 1703 ut
534 1662 670 1702 citius
697 1662 997 1715 exequutioni
1031 1662 1410 1710 demandaretur,
1441 1674 1560 1714 quae
1581 1667 1679 1701 tam
1710 1660 1832 1701 chri-

196 1734 350 1774 stiano
379 1734 492 1774 illud
514 1734 721 1785 suscepit
743 1733 914 1783 animo,
933 1740 977 1774 et
997 1740 1179 1775 tantum
1196 1733 1326 1774 abest
1347 1739 1398 1774 ut
1415 1733 1640 1774 illudviro
1657 1743 1742 1772 suo
1760 1731 1845 1770 im-

194 1805 405 1857 pedierit,
438 1805 550 1856 quin
583 1805 738 1856 potius
774 1816 879 1845 eum
914 1805 1162 1846 exhortata
1200 1811 1284 1856 est,
1317 1811 1365 1845 ut
1396 1816 1536 1856 quam
1564 1804 1705 1844 citius
1727 1801 1840 1843 illud

192 1882 519 1928 exequeretur,
559 1881 617 1927 et,
642 1875 766 1916 haud
786 1875 858 1916 his
885 1882 1120 1926 contenta,
1151 1876 1494 1916 confessarium
1520 1875 1673 1927 ipsum
1702 1873 1831 1920 adiit,

194 1959 391 1999 eumque
413 1947 611 1997 monuit,
637 1953 685 1986 ut
707 1947 862 1987 virum
882 1959 1018 1987 suum
1038 1947 1099 1988 ad
1119 1947 1295 1988 dictam
1315 1947 1658 1988 restitutionem
1679 1945 1837 1996 impel-

192 2020 323 2068 leret,
347 2029 498 2070 neque
521 2018 622 2057 eius
647 2016 990 2058 confessionem
1024 2017 1222 2069 audiret,
1246 2018 1395 2058 donec
1416 2016 1593 2058 dictam
1613 2015 1845 2068 pecuniae

196 2090 509 2142 quantitatem
541 2088 842 2139 restituisset,
874 2088 1172 2141 auferretque
1194 2089 1235 2129 ei
1257 2100 1445 2129 omnem
1467 2088 1767 2129 occasionem
1789 2087 1846 2126 si-

198 2161 355 2201 milem
390 2159 743 2200 damnationem
775 2160 970 2200 ulterius
1004 2160 1092 2200 sibi
1125 2159 1500 2210 thesaurizandi3
1537 2158 1846 2211 profitebatur

200 2232 324 2272 enim
345 2243 394 2272 se
416 2231 614 2271 libenter
644 2230 733 2270 sibi
762 2229 956 2282 filiisque
983 2231 1080 2271 suis
1108 2237 1434 2282 paupertatem
1470 2230 1626 2282 potius
1649 2229 1692 2269 in
1718 2240 1853 2280 prae-

201 2303 322 2343 senti
342 2302 532 2343 saeculo
558 2302 748 2353 eligere,
771 2313 912 2353 quam
933 2301 1283 2342 damnationem
1304 2302 1350 2342 in
1372 2301 1544 2342 futuro.

282 2373 381 2414 Iam
402 2373 521 2413 alias
543 2372 684 2413 credo
706 2373 828 2424 quod
844 2372 949 2412 ΚΑΜ
970 2372 1234 2413 Paternitas
1255 2379 1335 2413 tua
1356 2372 1528 2413 certior
1545 2371 1671 2412 facta
1693 2371 1752 2411 sit
1773 2383 1845 2411 eo·

203 2456 323 2495 rum,
347 2455 468 2496 quae
490 2455 573 2495 per
604 2443 792 2484 Patrem
825 2449 1038 2484 nostrum
1064 2443 1102 2484 F
1105 2444 1372 2484 ranciscum
1400 2443 1630 2484 Dominus
1658 2442 1847 2494 operari

205 2515 442 2566 dignatur,
469 2521 512 2555 et
533 2514 813 2566 praesertim
846 2514 894 2554 in
922 2514 1099 2566 palatio
1125 2514 1378 2566 Principis:
1404 2513 1528 2566 quod
1557 2513 1615 2553 ad
1637 2525 1723 2553 nos
1745 2513 1848 2553 atti-

205 2592 285 2627 net
303 2586 472 2636 dicam,
493 2592 537 2626 et
560 2590 644 2635 est,
668 2585 792 2636 quod
812 2596 972 2625 omnes
991 2584 1089 2625 fere
1106 2585 1386 2626 confitentur
1405 2585 1555 2635 nobis,
1576 2590 1619 2625 et
1640 2590 1739 2624 tam
1760 2583 1847 2624 fre-

206 2663 420 2710 quenter,
446 2663 494 2697 ut
515 2656 669 2708 potius
689 2655 939 2707 religiosae
959 2655 1222 2707 videantur,
1243 2667 1381 2708 quam
1404 2656 1658 2705 seculares,
1683 2661 1728 2695 et
1748 2660 1850 2694 tan-

207 2734 256 2768 to
290 2739 452 2768 amore
493 2732 842 2779 prosequuntur
877 2737 1038 2767 omnes
1068 2726 1285 2768 dominae
1319 2727 1454 2767 aulae
1481 2726 1712 2778 Principis
1744 2736 1848 2765 nos-

211 2805 334 2839 tram
357 2797 656 2848 Societatem,
680 2803 730 2838 ut
749 2809 855 2838 cum
877 2797 995 2838 alias
1014 2798 1193 2850 rigidos
1214 2810 1300 2839 nos
1328 2798 1634 2839 exhibeamus
1655 2797 1703 2837 in
1725 2808 1849 2837 amo-

210 2869 378 2910 uendis
413 2869 471 2910 ab
495 2869 561 2909 eis
582 2869 796 2909 omnibus
816 2869 1105 2909 vanitatibus
1131 2869 1450 2919 muliebribus,
1474 2868 1743 2920 frequenter
1763 2878 1855 2907 nos

210 2946 478 2992 accersunt,
501 2951 589 2981 nec
608 2941 772 2980 volunt
794 2940 911 2980 alios
928 2939 1244 2981 confessarios
1264 2941 1353 2980 nisi
1374 2951 1474 2991 nos,
1494 2945 1539 2980 et
1555 2950 1648 2979 non
1669 2949 1852 2990 paucae
