2031 3189
838 534 1156 591 CCXCVII

249 785 473 833 Josephus
492 786 545 823 de
565 785 728 822 Acosta

297 850 419 887 Patri
438 850 608 898 Ignatio
628 849 681 886 de
701 848 884 895 Loyola.

344 916 601 963 Methymna
623 913 790 961 Campi,
811 913 855 951 31
877 912 982 961 Maji
1003 911 1124 960 [1554]
1145 911 1170 948 ¹.

965 1119 1063 1161 IHS

257 1336 528 1377 Admodum
547 1334 650 1376 R.<³e
671 1335 718 1375 in
735 1334 921 1375 Christo
940 1333 1093 1374 Pater.

256 1407 423 1448 Gratia
453 1413 498 1447 et
523 1419 618 1459 pax
646 1406 820 1447 Christi
846 1406 958 1459 Jesu
978 1404 1170 1445 Domini
1199 1403 1350 1444 nostri
1377 1401 1681 1442 Paternitatis
1710 1405 1820 1440 tuae

176 1479 320 1535 menti
340 1479 462 1519 adsit
483 1485 527 1519 et
547 1478 766 1518 illabatur
787 1488 986 1529 semper.

255 1550 610 1595 Beneficiorum,
635 1560 754 1601 quae
772 1549 820 1589 in
841 1560 925 1588 nos
943 1547 955 1566 ²
977 1547 1107 1588 Deus
1129 1546 1235 1599 Opt.
1259 1545 1587 1596 Maximusque
1605 1543 1821 1584 conferre

175 1622 395 1673 dignatus
418 1628 502 1671 est,
527 1621 786 1661 iniunctam
809 1619 1221 1670 commissamque,
1251 1617 1391 1658 Pater
1414 1614 1724 1665 obseruande‚
1747 1626 1820 1654 ra—

175 1694 351 1733 tionem
380 1692 558 1744 accipe.
588 1691 744 1743 Atque
770 1690 883 1731 illud
910 1690 958 1730 in
984 1690 1136 1741 primo
1168 1689 1326 1729 limine
1356 1687 1546 1728 obuium
1579 1692 1663 1737 est,
1697 1685 1819 1737 quod

173 1776 355 1805 summa
378 1765 479 1815 ipsa
500 1762 740 1813 Maiestas,
761 1774 819 1803 ex
835 1761 1051 1813 proximo
1072 1760 1274 1800 iubilaeo
1297 1772 1324 1799 a
1346 1758 1656 1799 Sanctissimo
1682 1756 1822 1797 Patre

174 1842 342 1876 nostro
364 1835 486 1888 Julio
508 1834 644 1874 tertio
664 1844 817 1885 nuper
838 1832 979 1883 edito,
1008 1831 1241 1884 praestitit
1267 1830 1418 1870 nobis.
1447 1829 1489 1870 Is
1516 1829 1659 1880 igitur
1679 1826 1693 1846 ⁵
1716 1839 1821 1868 cum

175 1913 273 1946 tam
294 1905 635 1957 benignissima
667 1904 931 1954 clementia,
963 1914 1104 1955 quam
1136 1901 1500 1942 clementissima
1531 1896 1823 1950 benignitate

177 1977 402 2027 afflueret,
426 1977 545 2017 inter
568 1976 832 2027 complures
854 1974 986 2025 alios,
1017 1974 1096 2026 qui
1118 1973 1243 2013 domi
1264 1978 1455 2013 nostrae
1485 1977 1591 2011 sunt
1619 1970 1824 2010 confessi

176 2048 232 2088 de
249 2047 471 2100 peccatis,
495 2047 586 2087 huc
610 2046 723 2087 adiit
745 2046 951 2097 quidam,
976 2045 1053 2097 qui
1074 2044 1243 2095 viginti
1265 2044 1470 2095 quinque
1493 2042 1662 2082 abhinc
1686 2041 1823 2081 annis

176 2131 235 2158 ne
258 2119 399 2158 semel
421 2118 606 2169 quidem
629 2117 872 2157 confessus
901 2122 987 2166 est;
1022 2115 1181 2155 itidem
1209 2114 1287 2166 qui
1314 2114 1386 2154 bis
1415 2126 1439 2153 e
1460 2112 1703 2164 Religione
1724 2112 1819 2152 fue-

177 2195 251 2230 rat
271 2200 506 2240 egressus3
537 2189 596 2228 acl
622 2188 740 2228 haec
766 2187 905 2235 idem,
929 2187 1047 2238 proh
1077 2186 1224 2235 dolor,
1255 2184 1559 2225 homicidium
1588 2189 1818 2235 patrarat:

179 2267 226 2301 at
247 2260 386 2300 Pater
408 2260 701 2311 omnipotens
723 2259 924 2299 hominis
955 2264 1201 2309 tantopere
1224 2257 1405 2308 agitare
1435 2267 1489 2296 ac
1512 2266 1701 2295 mouere
1723 2254 1819 2294 ani-

177 2343 304 2372 mum
328 2329 532 2383 [coepit]‚
555 2336 845 2382 tantumque,
876 2341 981 2370 cum
1004 2328 1179 2369 doloris
1206 2334 1304 2368 turn
1325 2328 1468 2368 etiam
1489 2326 1753 2367 deuotionis
1776 2332 1820 2365 et

233 2468 241 2487 ¹
284 2466 546 2501 Autographae‚
562 2465 688 2500 duplici
702 2465 794 2500 foli0,
810 2473 866 2494 nn.
883 2465 933 2492 1127
947 2469 981 2492 et
1005 2464 1067 2492 148.
1081 2463 1435 2491 Animadvertendum
1456 2470 1539 2490 vero
1555 2467 1606 2490 est
1622 2470 1681 2490 eas
1701 2469 1767 2489 non
1789 2462 1824 2489 in

177 2514 351 2543 volumine
368 2514 436 2541 1554
449 2514 509 2541 sed
523 2513 698 2547 sequentis
713 2513 792 2540 anni
807 2513 969 2547 reperiri.
990 2512 1218 2539 Desideratur
1239 2511 1318 2538 anni
1340 2510 1500 2545 scriptio,
1517 2510 1574 2537 sed
1599 2509 1822 2544 proculdubio

179 2569 268 2590 anno
285 2562 354 2589 1554
368 2565 445 2589 sunt
461 2561 697 2594 ascribendae,
713 2568 791 2588 nam
806 2561 838 2588 in
854 2561 923 2587 illis
935 2560 974 2587 de
987 2560 1098 2594 prima
1115 2559 1393 2593 Congregatione
1407 2557 1619 2585 Provinciali
1631 2557 1662 2584 S.
1677 2557 1704 2590 J.
1718 2557 1751 2584 in
1766 2556 1823 2584 Hi-

179 2609 302 2645 spania
315 2614 352 2637 ut
366 2610 407 2637 de
422 2617 459 2637 re
474 2609 628 2644 proxime
643 2609 764 2643 elapsa
778 2608 814 2635 fit
829 2615 956 2635 sermo.
974 2608 1062 2635 Vide
1080 2607 1229 2634 POLANCI
1244 2606 1451 2640 Clzronz'con,
1466 2610 1490 2634 t.
1503 2613 1549 2640 1v,
1566 2614 1602 2634 n.
1619 2605 1680 2633 828.
1695 2605 1822 2633 Notan-

179 2657 259 2685 dum
272 2661 457 2692 praeterea
472 2657 535 2684 has
550 2657 688 2684 litteras
704 2657 746 2683 ab
761 2656 980 2683 adolescente
998 2656 1029 2682 15
1045 2662 1211 2682 annorum
1227 2658 1259 2681 et
1275 2655 1308 2681 in
1323 2662 1385 2681 usu
1407 2654 1547 2688 linguae
1562 2654 1694 2681 latinae
1711 2653 1824 2680 tirone

179 2705 381 2732 lucubratas
395 2705 511 2738 fuisse,
528 2704 615 2739 quod
629 2704 685 2730 vel
702 2711 742 2730 ex
759 2704 833 2737 ipsa
855 2703 925 2730 stili
948 2703 1097 2737 ingenua
1119 2701 1343 2736 simplicitate
1367 2701 1564 2735 mendisque
1586 2700 1824 2735 frequentibus

180 2751 283 2780 facile
297 2752 447 2787 perspici
458 2756 585 2787 potest.

235 2799 248 2817 ’ὲ
285 2798 324 2826 In
339 2806 404 2826 ms.
421 2799 513 2832 Quae
528 2800 562 2826 in
578 2806 637 2825 nos
654 2798 818 2826 beneficia
834 2798 926 2826 Deus
942 2802 1006 2826 etc.

234 2845 249 2865 5
287 2845 340 2874 Sc.
359 2845 453 2873 Deus
469 2845 546 2880 Opt.
562 2845 651 2873 Max.
