2047 3179
905 157 989 195 AN.
1021 158 1112 195 1555
1765 161 1842 197 683>

201 254 390 305 quando
411 257 437 294 5
457 256 532 294 vel
551 257 708 306 plures
731 254 1000 295 deficientes
1021 261 1065 295 et
1087 255 1417 296 semimortuos
1438 268 1552 307 prae
1573 257 1717 297 nimia
1739 263 1827 298 tur-

202 325 275 375 ba,
299 336 418 376 quae
440 325 486 365 in
515 326 614 366 dies
641 325 915 376 augebatur,
946 331 1195 376 propterea
1218 326 1341 377 quod
1372 326 1665 367 diuersorum
1687 339 1828 380 pago—

201 407 304 435 rum
324 395 505 436 incolae
527 402 664 448 atque
692 396 832 437 etiam
864 396 994 436 multi
1023 409 1081 436 ex
1109 395 1278 437 Insulis
1302 396 1311 415 ¹
1336 397 1471 448 (quae
1493 398 1661 438 ciuitas
1684 406 1754 439 est
1780 400 1826 440 in

200 465 421 507 Flandria
444 467 655 515 celebris)
679 467 737 507 ad
760 479 864 507 eum
884 478 1059 518 pagum
1076 467 1155 506 vbi
1173 468 1337 507 concio
1354 468 1614 508 habebatur
1631 469 1831 510 conflue-

202 537 329 587 bant;
344 549 427 588 per
439 549 555 588 quas
572 537 758 589 quidem
771 538 1021 578 conciones
1037 543 1176 589 atque
1193 539 1334 578 etiam
1356 539 1690 590 confessiones,
1710 552 1829 592 quae

198 606 605 659 frequentissimae
638 609 824 650 fuerunt
853 609 1018 661 (neque
1051 615 1208 649 tamen
1239 609 1390 649 adhuc
1418 610 1507 649 illis
1536 610 1830 651 satisfactum

198 684 283 729 est,
307 686 560 720 accurrunt
587 681 709 720 enim
736 680 931 720 subinde
958 680 1018 720 ad
1045 691 1131 720 nos
1161 681 1348 731 plurimi
1369 687 1420 720 vt
1452 681 1763 722 confiteantur
1785 691 1827 722 et

199 750 575 801 communicent),
599 752 731 792 multi
752 751 992 802 haeretici,
1019 751 1233 802 adulteri,
1262 751 1587 802 fornicatores,
1613 753 1827 793 concubi-

197 821 318 860 narii
338 821 525 872 publici,
548 822 858 874 resipuerunt;
882 834 974 862 una
996 822 1218 862 meretrix
1237 834 1573 863 conuersarum
1595 831 1824 864 monaste-

195 891 316 931 rium
337 891 545 943 intrauit;
570 894 845 934 vacillantes
866 894 912 933 in
933 893 1022 933 fide
1044 893 1323 933 confirmati.

275 961 450 1003 Audiui
471 975 573 1015 ego,
598 965 676 1016 qui
698 964 815 1004 haec
836 965 989 1005 scribo
1013 966 1077 1014 (vt
1101 964 1251 1005 obiter
1266 965 1356 1005 hoc
1374 965 1559 1016 dicam),
1581 966 1828 1007 cuiusdam>

195 1033 399 1074 rusticae
427 1035 634 1075 mulieris
660 1036 934 1076 lutheranae
961 1042 1006 1076 et
1034 1036 1435 1076 sacramentariae
1464 1035 1607 1077 filiam
1635 1038 1682 1077 in
1713 1050 1818 1079 con—

193 1104 411 1155 fessione,
436 1116 555 1156 quae
577 1108 718 1147 etiam
749 1106 807 1146 ad
835 1107 1010 1159 aliquot
1040 1118 1190 1147 annos
1218 1107 1382 1147 eadem
1412 1107 1661 1148 haereseos
1691 1116 1824 1160 peste

192 1174 364 1216 infecta
386 1176 552 1216 fuerat.
587 1176 677 1218 Sed
697 1184 802 1229 post
823 1178 1030 1218 auditum
1052 1177 1102 1218 P.
1125 1178 1416 1218 Bernardum
1443 1182 1457 1201 ²
1484 1179 1638 1219 aiebat
1660 1192 1710 1220 se
1731 1186 1822 1220 sta—

193 1246 275 1286 tim
290 1246 486 1287 rediisse
504 1248 563 1288 ad
579 1255 796 1289 mentem:
817 1249 1099 1289 remansisse
1116 1255 1273 1289 tamen
1290 1249 1355 1289 illi
1371 1251 1641 1300 scrupulum
1659 1262 1820 1300 unum,

192 1317 384 1369 scilicet,
409 1331 469 1358 an
491 1331 575 1370 pro
597 1326 746 1360 matre
767 1332 903 1360 orare
924 1320 1113 1360 deberet
1130 1321 1224 1360 iam
1240 1319 1457 1361 defuncta
1481 1321 1526 1361 in
1549 1321 1821 1374 Germania,

193 1400 283 1440 quo
320 1401 368 1430 se
405 1392 667 1430 contulerat
697 1391 968 1431 Flandriam
995 1391 1232 1442 deserens,
1270 1392 1328 1431 ob
1363 1392 1583 1432 haereses
1611 1394 1822 1435 securius

190 1460 402 1511 tuendaS,
427 1469 471 1501 et
489 1462 794 1502 valedicendo
816 1463 874 1502 ab
896 1463 997 1514 ipsa
1019 1463 1193 1502 monita
1216 1463 1369 1503 fuerat
1390 1463 1513 1503 serio
1533 1475 1590 1504 ne
1612 1476 1818 1516 anuam

190 1542 274 1582 pro
295 1543 358 1582 se,
383 1532 472 1572 hoc
493 1539 577 1583 est,
601 1544 685 1572 sua
707 1539 870 1583 matre,
894 1533 1053 1573 audita
1076 1533 1222 1585 ipsius
1249 1539 1398 1574 morte
1419 1545 1626 1586 vnquam
1657 1546 1829 1585 preces.

194 1602 310 1642 vllas
329 1601 558 1653 funderet;
583 1615 720 1654 quem
742 1605 1028 1654 scrupulum,
1050 1610 1101 1644 vt
1115 1604 1179 1644 illi
1197 1605 1464 1655 eximerem,
1484 1606 1720 1656 respondi:
1739 1608 1822 1647 tali

188 1680 440 1725 praecepto
470 1675 633 1714 matris
660 1686 754 1714 non
781 1687 883 1715 esse
912 1675 1181 1726 obnoxiam,
1213 1675 1295 1716 sed
1322 1687 1465 1716 verae
1492 1688 1605 1716 suae
1637 1678 1818 1727 matris,

189 1744 415 1785 ecclesiae
437 1746 714 1796 catholicae,
739 1752 992 1797 praecepto
1022 1746 1173 1798 magis
1195 1747 1357 1796 teneri,
1381 1758 1500 1798 quae
1527 1748 1652 1788 iubet
1683 1760 1819 1789 orare

189 1827 273 1866 pro
306 1816 519 1856 omnibus
548 1816 793 1866 defunctis,
827 1816 882 1856 de
914 1817 1081 1868 quibus
1112 1829 1204 1857 non
1236 1825 1304 1857 est
1337 1824 1516 1858 certum
1546 1819 1593 1859 in
1621 1826 1818 1870 peccato

189 1887 373 1927 mortali
394 1887 502 1927 hinc
524 1888 768 1938 migrasse.
789 1887 898 1928 Post
917 1888 1040 1939 quod
1062 1900 1336 1939 responsum
1360 1889 1487 1930 illam
1508 1889 1625 1930 bene
1647 1892 1819 1932 laetam

186 1964 231 1998 et
249 1959 454 1998 alacrem
476 1959 522 1998 in
543 1958 744 1998 Domino
766 1959 934 2007 dimisi3
958 1965 1002 1999 et
1026 1959 1241 2010 quamuis
1259 1959 1305 1998 in
1327 1960 1551 2010 praefatis
1572 1961 1708 2012 pagis
1724 1973 1817 2001 non

186 2028 419 2070 defuerint
439 2029 678 2079 haeretici,
704 2030 780 2081 qui
804 2028 850 2069 P.
876 2029 1117 2070 Bernardo
1141 2037 1184 2069 et
1206 2030 1302 2070 suis
1325 2030 1630 2071 concionibus
1643 2043 1727 2083 pro
1750 2034 1814 2072 vi-

184 2099 259 2139 rili
294 2100 609 2150 detraherent,
645 2107 869 2140 vocantes
906 2101 1033 2140 illum
1061 2100 1392 2140 antichristum
1423 2108 1467 2141 et
1499 2101 1817 2154 hypocritam,

182 2171 338 2222 pergit
359 2177 514 2211 tamen
536 2173 734 2223 populus
764 2171 864 2211 Deo
893 2172 1085 2221 seruire,
1110 2178 1161 2211 vt
1190 2172 1356 2223 coepit,
1387 2178 1431 2212 et
1454 2173 1639 2224 quidem
1670 2175 1816 2214 multo

185 2241 400 2282 devotius
431 2243 580 2293 solito,
615 2243 888 2283 detestando
918 2242 1023 2282 fidei
1054 2243 1317 2283 catholicae
1349 2254 1534 2283 errores
1565 2250 1610 2284 et
1636 2245 1752 2285 vitia
1784 2244 1812 2295 ⁵,

183 2324 292 2352 nam
314 2313 361 2352 in
382 2312 655 2353 Pentecoste
673 2314 884 2365 proxime
906 2315 1065 2364 elapsa
1083 2313 1270 2353 fuerunt
1288 2314 1333 2353 in
1351 2314 1553 2365 quodam
1570 2326 1695 2366 pago
1717 2316 1814 2356 fere

184 2383 378 2423 trecenti
394 2384 552 2435 plures
568 2384 703 2424 solito
721 2384 1132 2434 communicantes;
1153 2396 1302 2435 neque
1318 2384 1446 2436 piget
1463 2385 1565 2425 illos
1583 2386 1814 2427 interdum

182 2453 459 2506 intempesta
481 2461 620 2495 nocte
641 2465 835 2506 surgere
856 2461 907 2495 vt
924 2455 1181 2495 matutinae
1200 2455 1416 2495 concioni
1431 2455 1482 2495 P.
1501 2456 1731 2497 Bernardi
1749 2458 1812 2498 in·

182 2525 347 2564 tersint
367 2525 587 2566 Tornaci.
618 2525 831 2577 Denique
858 2537 941 2577 per
968 2526 1180 2566 eumdem
1213 2525 1399 2566 Patrem
1427 2533 1535 2566 sunt
1562 2529 1812 2568 nonnullae

134 2648 137 2650 Ι
180 2596 461 2636 concordiae
488 2604 725 2648 peractae,

232 2781 240 2799 ¹
280 2780 413 2808 “Insula
431 2782 502 2808 sive
518 2782 664 2814 Inzulae,
687 2781 783 2808 l‘lsle
798 2780 920 2815 Gallis,
940 2780 1035 2807 l’Illa
1051 2780 1158 2813 Italis,
1180 2780 1308 2815 Ryssel
1329 2780 1456 2814 Belgis,
1476 2782 1557 2808 urbs
1579 2781 1689 2816 Belgii
1714 2790 1810 2817 prae-

176 2828 272 2854 clara
288 2829 516 2860 mercimonio.
532 2831 563 2856 in
580 2829 762 2856 Flandriae
777 2829 895 2863 primis
913 2829 1043 2860 habita.
1060 2828 1149 2855 inter
1164 2827 1356 2855 Tornacum
1370 2828 1388 2855 5
1407 2833 1441 2855 et
1463 2827 1616 2856 Duacum
1631 2829 1648 2856 8
1662 2830 1748 2857 leuc.
1763 2832 1808 2858 ab

177 2873 306 2909 Hypris
321 2876 337 2902 6
351 2876 383 2903 in
396 2877 581 2911 meridiem,
598 2877 629 2904 in
644 2877 815 2908 Artesiae,
831 2881 864 2903 et
881 2876 1058 2903 Annoniae
1075 2875 1249 2908 confinis„
1264 2875 1431 2909 Famam,
1448 2875 1531 2902 Lex.
1551 2876 1744 2911 Geograplt.

235 2924 247 2941 ²
286 2923 324 2950 P.
344 2923 556 2951 Bernardum
572 2923 769 2951 oliverium.

233 2971 246 2990 ³
283 2971 431 3003 Scilicet,
443 2979 577 2999 errores
589 2971 665 2998 fidei
677 2972 869 2999 catholicae
882 2972 1109 2999 adversantes
1122 2977 1153 2998 et
1169 2971 1264 3001 vitia.
1277 2979 1362 3004 quac
1380 2971 1460 2997 fides
1473 2971 1644 2998 calholica
1657 2971 1817 3004 damnat„
