2047 3179
897 124 980 160 ΑΝ.
1012 122 1103 160 1554
1759 119 1827 156 183

197 236 516 277 quoscumque
543 224 739 264 subeant
766 221 950 262 labores
979 218 1038 259 ad
1064 218 1250 258 laudem
1277 223 1321 256 et
1354 216 1554 267 gloriam
1583 228 1731 266 suam,
1767 216 1823 255 ad

198 308 337 348 quam
360 308 445 336 nos
467 294 810 346 ipseperducat
832 292 878 331 in
899 291 1059 331 secula
1080 288 1360 329 seculorum.
1384 286 1553 326 Amen.

278 367 452 406 Datum
474 365 720 406 Ferrariae
741 363 806 403 iiii
826 361 1010 402 kalend.
1036 358 1311 399 Decembris
1335 357 1450 397 1554.

280 438 408 478 Tuae
429 436 552 477 Rdae
574 433 874 476 Paternitatis
892 432 1112 482 indignus
1133 439 1317 478 serum,

1026 573 1292 613 AMBRoans
1323 571 1614 612 Pumcmos.

283 790 344 829 In
374 794 547 841 quarta
581 789 770 841 pagina
795 788 930 838 haec,
958 786 1057 827 loco
1092 783 1544 837 superscrzptsoms,
1579 783 1833 833 leguntur:

201 860 442 912 Quadrim.
468 861 731 900 Ferrariae.
758 859 871 899 1554.
896 857 921 897 4
941 859 1029 898 cal.
1053 856 1262 897 decemb.

621 1374 752 1400 Eadem
765 1372 909 1407 epistola
923 1371 1038 1398 italico
1052 1376 1207 1396 sermone
1223 1374 1369 1395 exarata
1385 1367 1407 1394 ¹.

1000 1514 1020 1546 „I-

967 1549 1064 1590 IHS

277 1712 345 1753 La
366 1724 483 1764 pace
505 1718 549 1752 et
566 1712 719 1763 gratia
737 1712 807 1752 de]
831 1710 920 1752 S.⁰f
940 1716 1100 1751 nostro
1119 1710 1231 1763 Jesu
1247 1708 1331 1749 X.0
1347 1708 1416 1748 sia
1434 1718 1618 1758 sempre
1634 1708 1706 1747 ne'
1727 1718 1835 1747 cuo·

199 1785 240 1824 ri
257 1785 421 1824 nostri.
447 1783 613 1824 Amen.

278 1855 510 1896 Hauendo
530 1855 574 1895 io
596 1854 653 1894 da
676 1854 884 1894 scriuere
904 1865 987 1905 per
1008 1853 1170 1893 ordine
1192 1851 1248 1892 de
1276 1857 1437 1892 nostro
1467 1849 1620 1890 Padre
1641 1851 1682 1890 le
1704 1851 1835 1890 lette-

198 1939 248 1967 re
269 1926 316 1967 di
337 1933 505 1978 quatro
527 1926 656 1976 mesi,
680 1937 773 1965 non
796 1937 883 1965 con
911 1923 1144 1975 elegantia
1180 1923 1226 1963 di
1252 1924 1428 1974 parole,
1458 1933 1551 1962 non
1580 1921 1778 1962 essendo
1809 1934 1836 1960 a

199 1998 351 2050 quella
373 1997 652 2046 sufficiente3
675 2008 770 2036 non
793 2008 882 2036 con
903 1995 1123 2047 prolixita
1144 1994 1354 2034 scriuero
1375 1994 1481 2042 tale,
1513 1993 1614 2043 che,
1638 1992 1836 2032 dicendo

198 2070 304 2120 quel
325 2069 412 2109 che
433 2080 525 2108 non
548 2072 572 2108 e
594 2067 876 2113 necessario,
901 2067 971 2106 sia
1000 2067 1195 2106 molesto
1224 2071 1269 2105 et
1300 2065 1391 2105 alla
1414 2063 1468 2104 R.
1497 2063 1546 2104 P.
1571 2063 1628 2104 V.
1653 2070 1698 2103 et
1725 2075 1752 2103 a
1774 2064 1843 2103 al·-

198 2140 258 2179 tri
280 2140 365 2179 che
387 2146 548 2191 queste
569 2140 807 2189 legerano:
832 2145 876 2178 et
898 2137 1165 2177 finalmente
1186 2147 1281 2176 non
1303 2141 1432 2175 tanto
1453 2135 1611 2185 breue,
1636 2134 1724 2175 che
1745 2135 1834 2174 las-

198 2212 237 2250 si
259 2211 316 2251 de
338 2211 544 2250 scriuere
566 2211 670 2261 quel
692 2209 797 2249 ch'e
819 2209 863 2249 di
884 2209 1096 2259 bisogno:
1122 2219 1197 2247 ma
1219 2207 1329 2258 ogni
1352 2217 1495 2246 cuosa
1518 2205 1532 2224 ‘²
1559 2211 1734 2257 quanto
1755 2206 1838 2257 piu

200 2286 336 2333 potro
359 2282 677 2333 (quantunque
706 2292 799 2319 non
828 2290 995 2319 cuomo
1032 2279 1078 2319 in
1107 2290 1169 2318 un
1197 2285 1329 2318 tanto
1352 2277 1549 2328 negocio
1572 2276 1611 2316 si
1633 2276 1834 2316 ricerca·

202 2353 358 2403 rebbe)
381 2353 482 2393 diro
504 2353 886 2392 succintamente.

280 2423 436 2464 Primo
459 2423 643 2475 dunque
666 2423 766 2463 diro
788 2428 961 2474 quanto
983 2422 1127 2462 frutto
1148 2421 1187 2461 si
1209 2421 1279 2461 sia
1299 2420 1417 2460 fatto
1434 2431 1517 2472 per
1538 2420 1579 2460 le
1601 2419 1838 2471 frequenti

199 2495 501 2546 confessioni,
535 2493 855 2535 exhortationi
882 2493 938 2533 de
964 2492 1115 2533 nostri
1143 2491 1286 2532 Padri
1320 2500 1364 2531 et
1399 2490 1620 2542 prediche
1647 2490 1762 2531 fatte
1788 2490 1837 2530 in

200 2567 377 2618 chiesa;
401 2567 539 2618 d0p0,
565 2571 735 2617 quante
756 2564 929 2604 fatiche
958 2564 1006 2604 in
1032 2563 1158 2604 aiuto
1186 2563 1233 2603 di
1260 2563 1413 2614 quello
1442 2561 1730 2602 nobilissimo
1751 2560 1838 2601 Pa-

197 2638 310 2678 latio
331 2638 371 2678 si
393 2638 524 2677 siano
545 2636 752 2688 pigliate‚
776 2641 821 2675 et
843 2636 927 2675 che
949 2635 1098 2675 utilita
1119 2646 1176 2674 ne
1197 2635 1258 2674 ha
1281 2633 1621 2684 conseguitato,
1645 2638 1734 2673 etc.

277 2709 332 2749 Li
352 2708 503 2750 nostri
524 2707 679 2758 Padri,
703 2705 908 2747 secundo
930 2706 960 2746 il
982 2706 1135 2757 solito,
1161 2705 1273 2756 ogni
1293 2705 1459 2756 giorno
1481 2716 1596 2744 sono
1618 2704 1837 2755 occupati

253 2894 263 2914 ἱ
303 2893 534 2928 Autographa
550 2893 581 2920 in
599 2891 722 2926 duplici
741 2891 831 2923 solio,
848 2898 900 2917 nn.
920 2891 970 2918 100
983 2895 1016 2918 et
1034 2891 1096 2917 161.

251 2943 266 2962 2
303 2941 369 2977 Sic,
386 2946 420 2969 ut
438 2946 471 2969 et
488 2948 620 2973 cuomo,
635 2945 700 2966 etc.
