2047 3179
198 152 269 189 230
712 152 940 191 LITTERAE
967 164 1326 197 QUADRIMESTRES

199 248 457 290 Doctrinae
491 251 688 291 materia
722 250 819 291 fere
841 251 1105 291 auditorum
1126 250 1312 291 Vtilitati
1336 249 1532 290 inseruit
1553 253 1598 288 et
1619 249 1842 299 tempori„

201 332 398 373 quorum
419 327 550 362 tanta
572 328 641 362 est
663 322 828 373 religio
849 323 1091 374 pietasque
1119 322 1166 361 in
1193 322 1361 371 Deum,
1389 326 1441 360 vt
1462 319 1542 359 uix
1562 325 1659 359 tam
1679 319 1845 359 multis.

200 392 398 433 sufficiat
420 394 657 444 templum,
684 399 1008 445 coganturque
1030 405 1114 444 pro
1134 392 1313 432 foribus
1336 391 1511 431 audire.

280 464 413 505 Multi
433 465 676 516 utriusque
698 476 854 515 sexus,
879 465 1036 505 audito
1059 475 1195 503 sacro
1218 475 1273 503 ac
1295 462 1537 512 concione,
1571 461 1712 501 ieiuni
1732 472 1839 512 per-

202 542 393 576 manent
413 537 460 576 in
480 537 669 588 templo,
694 548 784 588 quo
811 536 993 587 possint
1020 534 1393 587 pomeridianam
1421 533 1685 574 doctrinam
1712 531 1838 572 audi-

202 620 268 657 re,
298 608 503 648 contenti
524 608 756 659 spirituali
786 607 903 655 cibo,
933 619 1022 659 quo
1056 606 1226 646 ibidem
1257 604 1543 645 reficiuntur.
1569 604 1748 644 Tantus
1770 609 1840 643 est

203 678 376 729 feruor,
401 684 532 719 tanta
550 679 813 719 animorum
834 678 1162 730 tranquillitas,
1186 683 1236 716 vt
1265 688 1371 716 cum
1392 676 1451 715 sit
1480 675 1704 715 refertum
1730 680 1841 714 tem-

205 751 346 802 plum,
382 751 510 790 nulla
540 757 697 790 tamen
728 750 956 790 sentiatur
980 747 1286 800 perturbatio,
1304 746 1498 799 perinde
1520 758 1576 786 ac
1597 746 1635 786 si
1657 746 1843 786 adesset

205 833 358 862 nemo,
384 821 503 862 Cum
525 821 741 861 aedituus
759 821 936 861 diceret
953 819 1139 860 cuidam
1155 824 1205 858 vt
1223 818 1485 858 discederet
1502 817 1699 868 (abierat
1714 828 1842 857 nam-

206 905 294 945 que
329 892 594 943 meridies)‚
626 891 884 943 respondit:
924 891 939 908 “
954 890 1194 930 Redibone
1224 889 1434 940 domum,
1468 894 1666 940 excepta
1703 888 1853 940 paulo-

206 970 313 1005 ante
331 970 638 1004 sacrosancta
651 963 1011 1012 Eucharistia?‚,.
1027 960 1341 1002 Concionibus
1357 960 1511 1000 Patris
1528 959 1724 1000 Gonzali
1740 959 1854 1000 Vazr

206 1036 353 1087 multi,
383 1042 480 1076 tam
509 1035 600 1076 viri
622 1047 763 1087 quam
783 1034 1029 1084 foeminae,
1066 1038 1316 1073 mouentur
1341 1032 1400 1072 ad
1428 1031 1699 1081 lachrimas,
1723 1030 1850 1082 quod

206 1107 328 1148 idem
349 1108 395 1147 in
417 1107 687 1158 recipiendo
710 1105 1027 1146 Sacrosancto
1049 1103 1358 1145 Sacramento
1380 1104 1518 1155 plane
1545 1102 1843 1154 perspicitur.

205 1179 487 1219 Benedictus
508 1178 651 1229 Deus,
682 1190 709 1218 a
731 1189 822 1229 quo
852 1177 1009 1217 omnia
1042 1176 1166 1216 bona
1199 1175 1577 1227 proficiscuntur.
1610 1173 1702 1214 Sed
1737 1172 1851 1225 quid

208 1251 375 1291 mirum
396 1251 436 1290 si
458 1250 575 1290 haec
592 1249 733 1290 donet
763 1261 869 1289 cum
905 1248 1112 1299 seipsum
1145 1247 1471 1287 liberalissime
1506 1252 1657 1286 totum
1678 1245 1847 1295 largia-

205 1323 305 1363 tur?
325 1322 376 1363 In
396 1321 554 1363 Natali
573 1320 765 1361 Domini
794 1319 1261 1360 communicauerunt
1283 1318 1470 1359 circiter
1497 1316 1617 1357 4000.
1642 1316 1858 1368 Singulis

205 1393 525 1444 hebdomadis,
565 1393 603 1433 si
633 1392 840 1432 omnium
874 1391 1105 1431 habeatur
1139 1390 1284 1441 ratio,
1319 1389 1669 1430 communicant
1703 1399 1850 1439 prope

204 1464 298 1505 220.
325 1464 541 1516 Quotidie
564 1463 816 1504 audiuntur
835 1474 988 1503 nouae
1010 1461 1347 1512 confessioneS,
1369 1461 1417 1500 in
1433 1460 1600 1512 quibus
1618 1459 1858 1499 Dominus.

206 1536 418 1577 mutandi
442 1537 486 1576 in
510 1536 675 1576 melius
695 1535 843 1575 vitam
874 1545 1124 1586 moresque
1154 1539 1294 1584 atque
1328 1531 1658 1584 frequentandi
1691 1542 1849 1571 sacra-

206 1614 364 1649 menta
385 1607 617 1648 desideria
638 1605 858 1647 incendit.
895 1605 1002 1646 Non
1036 1605 1204 1646 desunt
1239 1610 1399 1645 tamen
1429 1603 1782 1656 persecutiones
1804 1607 1849 1642 et

207 1680 574 1720 obtrectationes
595 1678 755 1718 mundi
790 1684 834 1718 et
868 1677 1191 1717 ministrorum
1225 1675 1414 1725 diaboli,
1449 1675 1574 1725 dum,
1612 1673 1849 1725 despectis

208 1752 347 1792 rebus
370 1750 561 1791 caducis
583 1756 626 1790 et
651 1750 804 1798 uanis,
828 1761 908 1790 eos
929 1748 1091 1789 uident
1123 1747 1339 1789 Creatori
1371 1745 1568 1797 deditos,
1602 1758 1661 1786 ex
1682 1745 1850 1796 quibus

206 1823 396 1864 offertur
418 1822 532 1874 ipsis
553 1822 739 1862 occasio
761 1823 943 1873 seipsos
964 1819 1274 1861 confirmandi
1290 1819 1338 1859 in
1359 1818 1518 1858 diuino
1540 1817 1747 1867 seruitio,
1771 1829 1850 1857 no-

204 1895 276 1936 bis
296 1906 411 1935 vero
434 1894 576 1934 animi
612 1893 846 1934 adduntur
885 1892 944 1933 ad
964 1891 1272 1944 perferendos
1294 1890 1499 1931 maiores
1530 1889 1717 1929 labores
1746 1900 1851 1940 pro-

206 1973 309 2018 pter
337 1965 505 2006 Deum.
539 1964 808 2005 Audiuntur
837 1964 980 2004 etiam
1007 1962 1328 2004 confessiones
1352 1966 1658 2012 aegrotorum
1679 1972 1736 2000 ac
1751 1959 1851 1999 vin-

206 2044 404 2087 ctorum;
427 2037 728 2077 morientium
749 2041 998 2088 praeterea
1018 2035 1219 2075 habetur
1231 2034 1369 2074 ratio.
1389 2033 1441 2073 In
1458 2038 1589 2073 tanta
1610 2031 1855 2072 hominum-

207 2109 502 2150 multitudine
523 2119 764 2159 nunquam
785 2106 954 2147 desunt
974 2106 1222 2146 laborandi
1251 2104 1527 2146 occasiones
1562 2103 1609 2144 in
1642 2101 1733 2142 Dei
1754 2103 1852 2153 glo-

211 2182 331 2222 riam
353 2186 397 2220 et
415 2179 743 2232 proximorum
770 2179 1150 2219 emolumentum.

287 2252 337 2293 In
359 2251 556 2303 priuatis
574 2250 989 2292 consuetudinibus
1006 2249 1149 2289 etiam
1170 2248 1370 2288 sentitur
1391 2247 1586 2288 utilitas.
1616 2245 1720 2286 Rex
1740 2245 1858 2286 mihi

209 2336 371 2365 curam
392 2323 519 2364 dedit
540 2322 853 2363 conueniendi
869 2320 1120 2373 quemdam
1138 2320 1291 2360 virum
1306 2319 1582 2371 primarium
1602 2316 1854 2357 admodum

209 2407 383 2446 senem,
408 2406 546 2447 quem
565 2394 705 2434 inuisi
722 2393 985 2445 aliquoties,
1008 2404 1103 2432 non
1124 2392 1223 2432 sine
1245 2391 1392 2443 ipsius
1420 2401 1594 2441 magno
1622 2388 1851 2440 profectu,

211 2468 367 2517 gratia
394 2473 553 2507 tamen
587 2465 691 2506 Dei.
723 2465 950 2515 Virgines
983 2463 1336 2505 Franciscanae
1370 2461 1732 2502 honestissimae
1759 2471 1854 2500 ma-

212 2550 424 2590 gnopere
446 2537 827 2588 efflagitauerunt
848 2535 1075 2576 exercitia
1106 2534 1386 2587 spiritualia,
1419 2533 1542 2585 quod
1575 2532 1758 2582 Regina
1779 2542 1854 2571 cu-

213 2610 337 2650 rauit
359 2609 444 2660 (est
467 2609 590 2649 enim
612 2608 798 2648 illarum
820 2607 956 2647 ualde
988 2606 1198 2647 studiosa
1221 2617 1276 2646 ac
1308 2604 1520 2655 deuota),
1551 2603 1806 2655 petiuitque
1828 2614 1861 2642 a

215 2680 265 2721 P.
288 2680 469 2720 Mirone
496 2686 543 2720 vt
564 2679 610 2719 id
627 2680 766 2719 uellet
787 2678 959 2730 facere,
984 2678 1044 2718 ad
1064 2677 1189 2730 quod
1212 2687 1381 2717 munus
1408 2686 1511 2715 sese
1533 2674 1739 2714 accinxit
1761 2685 1857 2732 non

215 2753 316 2792 sine
331 2751 508 2802 labore,
534 2751 657 2802 quod
679 2763 705 2790 a
727 2750 860 2790 nobis
881 2749 1155 2801 longissime
1173 2747 1313 2788 distet
1329 2745 1680 2787 monasterium.
1700 2744 1860 2796 Virgi-

215 2835 314 2874 nes,
339 2822 587 2873 diligenter
608 2821 839 2872 susceptis
861 2820 1113 2870 exercitiis,
1139 2819 1390 2871 plurimum
1410 2817 1725 2869 profecerunt.
1751 2815 1856 2866 Qui-

217 2895 327 2935 dam
344 2892 562 2934 monachi
584 2891 791 2932 ciusdem
813 2891 1005 2943 ordinis,
1030 2898 1127 2932 tum
1148 2896 1340 2942 propter
1356 2889 1530 2929 bonum
1552 2887 1744 2928 odorem
1768 2886 1862 2938 spi-

218 2966 352 3017 ritus,
383 2976 520 3016 quem
547 2963 594 3003 in
630 2963 871 3003 sororibus
900 2969 1162 3014 senserunt,
1187 2968 1285 3002 tum
1307 2968 1496 3013 propter
1519 2971 1651 2999 suam
1680 2957 1865 2999 bumili-
