2047 3179
894 171 972 205 AN.
1005 168 1095 205 1555
1734 170 1805 209 503

387 619 669 646 Praecedentium
687 619 800 646 Patris
813 618 907 645 Petri
925 618 1083 645 Navarro
1101 618 1293 645 litterarum
1310 617 1417 644 latina
1436 617 1550 644 versio
1570 618 1588 643 ¹.

932 795 1030 837 IHS

252 975 524 1015 Reuerende
546 976 799 1016 admodum
820 976 866 1015 in
889 975 1076 1016 Christo
1099 975 1253 1015 Pater.

252 1045 443 1087 Summa
464 1048 619 1098 gratia
641 1054 684 1087 et
705 1059 799 1099 pax
818 1047 928 1100 Jesu
951 1047 1124 1087 Christi
1145 1046 1334 1087 Domini
1356 1046 1516 1087 Nostri
1538 1048 1595 1087 sit
1618 1059 1802 1098 semper

169 1119 215 1157 in
238 1118 429 1169 diesque
452 1124 635 1158 crescat
656 1119 702 1158 in
724 1119 941 1158 cordibus
961 1118 1150 1158 nostris·
1175 1117 1342 1158 Amen.

249 1188 545 1240 Quamquam
565 1189 774 1240 pluribus
796 1201 935 1241 quam
957 1189 1149 1240 triginta
1171 1198 1241 1229 est
1263 1201 1380 1240 opus
1403 1189 1461 1229 ad
1483 1201 1537 1229 ea
1559 1196 1801 1241 praestan-

167 1259 240 1309 da,
265 1270 383 1310 quae
404 1260 451 1299 in
473 1260 562 1299 hac
585 1260 697 1300 urbe
718 1261 765 1300 in
792 1261 1064 1312 obsequium
1092 1259 1281 1300 Domini
1311 1272 1413 1300 sese
1436 1259 1659 1310 offerunt,
1685 1272 1799 1300 sem-

168 1342 249 1381 per
270 1336 428 1370 tamen
450 1342 609 1370 sumus
629 1331 725 1371 fere
747 1331 847 1381 soli;
873 1343 1032 1371 sumus
1054 1332 1177 1371 enim
1199 1332 1279 1383 qui
1295 1331 1510 1382 degimus
1528 1332 1601 1371 hic
1621 1332 1798 1371 dumta-

168 1408 251 1441 xat
273 1408 489 1453 quatuor;
512 1402 589 1453 qui
610 1402 794 1453 quidem
816 1408 914 1442 toto
937 1414 1027 1454 quo
1049 1403 1123 1442 hic
1156 1403 1328 1443 fuimus
1356 1409 1588 1454 tempore,
1613 1403 1798 1442 debere-

166 1483 267 1512 mus
288 1472 443 1523 potius
464 1473 791 1524 exploratores
812 1480 966 1513 terrae
996 1485 1135 1525 quam
1162 1474 1364 1525 operarii
1393 1481 1472 1514 aut
1500 1485 1797 1525 possessores

166 1544 362 1583 censeri.
393 1543 546 1594 Quum
574 1550 728 1584 autem
764 1544 853 1584 hoc
880 1553 1093 1584 nostrum
1120 1556 1289 1585 munus
1322 1544 1551 1585 hactenus
1587 1545 1798 1585 extitisse

164 1614 362 1664 Videtur,
386 1620 635 1666 propterea
657 1620 700 1655 te
721 1626 904 1667 semper
926 1617 1175 1656 certiorem
1195 1615 1390 1656 fecimus
1411 1615 1467 1655 de
1489 1616 1625 1656 huius
1643 1622 1799 1656 terrae

165 1685 388 1734 bonitate,
414 1685 469 1725 de
492 1685 589 1725 eius
611 1686 870 1737 fertilitate,
896 1686 951 1726 de
978 1686 1213 1727 fructuum
1240 1687 1554 1737 abundantia,
1587 1687 1643 1727 de
1674 1688 1798 1728 colli-

164 1757 304 1807 gendi
330 1756 509 1797 fructus
539 1757 762 1797 facilitate
791 1764 835 1797 et
868 1759 1201 1808 praecocitate.
1231 1757 1357 1798 Gens
1389 1759 1513 1798 enim
1534 1759 1651 1798 haec
1675 1770 1795 1799 sese-

164 1827 314 1878 ipsam
336 1827 506 1867 dedere
529 1829 721 1867 multum
743 1828 992 1878 desiderat,
1017 1841 1243 1880 opemque
1265 1829 1387 1869 ferre
1409 1830 1549 1881 cupit,
1576 1842 1664 1881 quo
1687 1831 1798 1870 ciui-

164 1903 237 1937 tas
256 1897 411 1950 Jerico
445 1898 651 1938 funditus
678 1906 930 1939 euertatur.
954 1899 1125 1940 Verbis
1153 1901 1414 1952 exprimere
1443 1912 1623 1952 nequeo
1655 1913 1797 1952 quan-

165 1974 325 2020 topere
355 1969 482 2009 ciues
512 1970 764 2009 multorum
791 1969 982 2010 Patrum
1004 1970 1257 2010 aduentum
1279 1970 1559 2011 desiderent.
1598 1971 1795 2023 Quoquo

162 2051 235 2079 me
257 2039 461 2090 confero,
487 2040 542 2079 de
564 2040 654 2079 diei
676 2039 878 2080 aduentu
899 2041 1057 2080 statim
1078 2048 1428 2092 percontantur,
1453 2042 1576 2093 quod
1597 2054 1710 2082 sane
1730 2043 1795 2082 in-

163 2111 285 2150 dicio
308 2111 422 2150 satis
443 2117 526 2160 est,
551 2122 691 2161 quam
712 2112 827 2150 bene
849 2111 940 2151 sint
958 2123 1072 2163 erga
1089 2111 1372 2153 Societatem
1389 2112 1557 2153 affecti.
1578 2113 1793 2153 Praescr-

165 2182 248 2221 tim
270 2193 375 2221 cum
396 2181 511 2221 nihil
533 2181 686 2221 adhuc
706 2181 780 2222 hic
799 2188 954 2222 actum
971 2184 1029 2223 sit
1047 2195 1225 2233 eorum,
1245 2195 1364 2235 quae
1384 2184 1487 2224 aliis
1506 2184 1789 2235 ciuitatibus,

164 2251 211 2291 in
234 2252 399 2303 quibus
421 2252 584 2292 Patres
604 2259 869 2303 versantur,
893 2253 1030 2293 fidem
1056 2260 1099 2294 et
1121 2254 1386 2305 opinionem
1409 2255 1465 2294 de
1492 2255 1604 2306 ipsis
1627 2267 1794 2295 conce-

160 2328 290 2374 ptam
311 2334 549 2374 peperere.
574 2321 744 2363 Sumus
765 2324 935 2375 quippe
962 2325 1038 2365 hic
1060 2331 1261 2376 quatuor
1281 2325 1659 2376 pauimentorum
1688 2338 1791 2366 ver-

161 2405 307 2433 sores:
332 2405 531 2444 quorum
553 2393 738 2445 quidem
762 2395 1182 2436 communicatione
1200 2396 1386 2447 quando
1402 2396 1725 2447 aedificantur,
1746 2404 1790 2437 et

160 2475 255 2503 non
275 2464 413 2514 pauci
435 2464 694 2515 proficiunt,
720 2465 911 2505 credere
932 2467 1142 2517 profecto
1165 2467 1286 2516 licet,
1307 2466 1416 2506 dum
1440 2468 1688 2518 adfuerint,
1713 2469 1792 2520 qui

159 2546 321 2575 eorum
342 2535 525 2575 animos
547 2537 765 2586 excitent,
787 2537 863 2588 qui
881 2548 1046 2577 manus
1064 2537 1122 2576 ad
1139 2538 1427 2588 surgendum
1442 2539 1704 2590 porrigant,
1724 2539 1791 2579 fu-

158 2612 312 2645 turam
334 2616 436 2645 esse
460 2606 603 2646 multo
628 2606 891 2647 uberiorem
915 2607 1288 2648 aedificationem
1306 2609 1441 2649 simul
1465 2615 1510 2650 et
1527 2610 1789 2661 profectum

158 2675 203 2715 in
227 2676 449 2727 obsequio
472 2676 676 2717 Domini.

212 2882 220 2901 Ι
260 2882 393 2916 Duplex
409 2889 460 2910 est
476 2884 575 2918 hujus
598 2886 766 2912 versionis
784 2886 987 2920 exemplum.
1000 2891 1180 2921 utrumque
1197 2889 1462 2922 autographum.
1486 2895 1667 2923 unumque
1685 2891 1715 2917 in
1733 2891 1791 2918 du-

157 2929 235 2963 plici
252 2929 341 2956 folio
358 2930 470 2957 Primo
483 2933 638 2965 exemplo
655 2938 705 2959 est
721 2940 879 2960 numerus
894 2933 956 2966 201,
973 2935 1072 2961 alteri
1096 2935 1158 2961 205.
1181 2934 1371 2962 Secundum
1392 2936 1653 2972 uniuscujusque
1676 2946 1788 2965 exem-

155 2976 201 3010 pli
218 2976 332 3003 folium
353 2978 443 3004 nullo
458 2978 655 3006 distinctum
672 2985 722 3007 est
738 2988 888 3007 numero.
