2047 3179
152 148 219 185 140
675 150 898 186 LITTERAE
917 159 1278 192 QUADRmiESTREs

150 246 261 286 dum
291 258 349 285 ex
372 245 568 286 Colonia
597 252 947 286 reuerterentur
974 246 1250 296 Louanium,
1292 245 1484 284 odorem
1514 243 1688 283 bonum
1718 242 1803 284 So‘

151 317 335 357 cietatis
371 317 541 357 ibidem
577 323 872 369 sparserunt,
912 330 970 357 ex
1006 317 1276 357 visitatione
1300 315 1590 355 infirmorum
1613 314 1797 355 decum-

151 389 358 428 bentium
381 388 427 428 in
449 388 758 439 hospitalibus
785 394 829 429 et
858 400 1114 440 puerorum
1140 400 1196 428 ac
1225 388 1480 427 multorum
1509 386 1801 426 studentium

153 459 201 498 in
217 459 392 500 scholis
409 460 622 511 publicis,
643 471 774 512 quos,
791 466 841 499 vt
859 471 965 500 cum
983 460 1151 500 litteris
1169 459 1393 510 pietatem
1410 468 1593 509 quoque
1612 457 1784 497 coniun

154 537 335 581 gerent,
361 531 535 570 hortati
557 537 664 571 sunt
686 531 828 572 latine
853 537 992 583 atque
1016 531 1155 570 etiam
1187 530 1382 580 gallice,
1407 528 1531 579 quod
1567 528 1686 568 adeo
1707 528 1808 579 pla-⁷

153 601 247 641 cuit
268 603 441 642 rectori
463 603 668 653 collegii,
694 609 743 642 vt
767 615 912 654 vsque
934 603 979 642 in
1004 602 1124 642 hanc
1148 603 1311 641 horam
1329 599 1561 640 desideret
1591 606 1635 639 et
1665 605 1799 650 petat

154 673 334 725 aliquos
356 686 414 713 ex
437 672 687 724 Societatc,
720 674 796 726 qui
832 674 1031 714 doceant
1069 673 1277 721 modum,
1303 683 1393 723 quo
1428 671 1577 722 possit
1606 682 1716 710 suos
1740 671 1800 711 ad

154 743 241 784 Dei
263 745 463 795 gloriam
484 745 557 796 pie
581 757 635 785 ac
653 752 814 785 sancte
833 746 982 796 magis
1003 745 1224 784 imbuere:
1248 744 1334 782 hac
1353 742 1478 782 fama
1497 753 1681 794 quoque
1699 753 1802 793 per-

153 816 265 855 moti
288 816 378 856 duo
404 816 571 856 ibidem
603 817 831 866 canonici,
863 818 980 856 alter
1011 816 1092 856 Sti.
1131 814 1391 863 Lamberti,
1429 814 1547 853 alter
1571 812 1652 854 Sti.
1678 813 1801 853 Mar-

154 887 253 938 tini,
279 887 479 927 offerunt
499 886 723 927 Societati
755 899 866 928 suas
895 888 1062 928 domos
1085 898 1191 927 cum
1213 885 1361 925 hortis
1383 885 1636 936 contiguis,
1662 891 1803 936 prout

156 958 296 998 latius
318 958 574 998 indicatum
597 966 665 998 cst
688 958 740 998 R.
766 959 814 999 Ρ.
838 958 897 999 V.
923 972 949 998 a
974 959 1060 998 M.‘’
1082 958 1293 997 Adriano
1321 955 1346 993 ¹.
1370 956 1466 996 Nos
1488 956 1629 996 etiam
1648 956 1804 996 inuisi—

156 1040 260 1069 mus
283 1041 375 1069 non
399 1030 497 1069 sine
526 1029 678 1069 fructu
714 1031 760 1069 in
782 1030 870 1070 hac
907 1030 1095 1070 ciuitate
1133 1030 1310 1080 aliquot
1347 1028 1487 1068 morti
1524 1028 1801 1075 destinatos,

160 1101 281 1141 inter
303 1113 421 1152 quos
442 1102 627 1141 bonitas
649 1101 737 1141 Dei
761 1102 954 1152 dignata
977 1108 1045 1141 est
1077 1113 1156 1152 pcr
1190 1100 1237 1140 P.
1275 1100 1549 1150 Quintinum
1577 1111 1805 1139 reuocare

156 1184 300 1212 vnum
322 1171 380 1211 ad
401 1184 567 1212 sanam
589 1179 806 1223 mentem,
828 1173 904 1225 qui
926 1173 1099 1224 alioqui
1122 1173 1168 1212 in
1190 1183 1273 1212 suo
1294 1171 1630 1211 lutheranismo
1660 1171 1803 1211 obsti-

161 1249 300 1283 natus
322 1244 439 1283 mori
472 1244 674 1284 volebat.

235 1314 359 1354 Idem
383 1314 521 1355 Pater
542 1316 695 1366 pergit
718 1316 913 1367 singulis
935 1315 1097 1356 diebus
1125 1315 1369 1355 dominicis
1401 1321 1539 1366 atque
1567 1314 1709 1354 etiam
1738 1313 1803 1353 fe·

162 1386 245 1425 stis
273 1386 326 1435 (si
354 1386 540 1426 aliunde
571 1399 665 1426 non
691 1387 987 1438 impediatur)
1019 1388 1065 1427 in
1095 1386 1414 1437 praedicando
1444 1392 1488 1426 et
1516 1385 1800 1437 explicando

160 1457 422 1497 doctrinam
451 1457 758 1498 christianam
778 1459 824 1498 in
855 1459 1058 1510 quadam
1089 1458 1313 1508 ecclesia,
1344 1468 1480 1509 quae,
1513 1468 1804 1509 quamquam

158 1528 246 1568 sita
271 1528 329 1568 sit
351 1528 397 1568 in
419 1530 592 1580 angulo
615 1535 658 1569 et
679 1541 824 1581 prope
843 1530 1025 1570 moenia
1045 1530 1265 1579 ciuitatis,
1290 1529 1530 1569 auditores
1552 1534 1710 1568 tamen
1732 1539 1802 1568 sa-

158 1599 218 1639 tis
238 1599 508 1651 frequentes
534 1600 595 1640 ibi
623 1601 854 1651 visuntur,
875 1601 1218 1652 multorumque
1235 1601 1297 1640 ibi
1315 1600 1636 1641 consessiones
1655 1599 1804 1649 audit,

159 1677 202 1710 et
232 1671 544 1722 complurium
566 1671 739 1712 ciuium
766 1672 886 1712 inter
908 1684 956 1712 se
979 1671 1303 1712 dissidentium
1332 1672 1613 1713 concordias
1634 1682 1802 1723 procu-

160 1741 282 1781 rauit
304 1748 347 1781 et
370 1742 522 1782 adhuc
556 1750 802 1794 procurat,
840 1743 948 1784 dum
976 1744 1062 1784 has
1091 1744 1269 1795 scribo;
1301 1743 1490 1795 plurimi
1512 1754 1696 1795 quoque
1718 1753 1805 1782 nos

158 1813 365 1853 inuisunt
382 1813 571 1864 petituri
588 1814 849 1865 consilium,
870 1816 1122 1867 praecipue
1140 1815 1186 1855 in
1205 1815 1344 1855 rebus
1367 1814 1666 1866 grauioribus
1689 1820 1733 1854 et
1757 1813 1804 1853 in

157 1884 526 1925 desolationibus
548 1897 603 1926 ac
625 1887 858 1937 scrupulis
880 1893 924 1926 et
945 1887 1166 1927 tristitiis:
1192 1894 1236 1927 et
1259 1886 1473 1939 quotidie
1495 1885 1688 1926 veniunt
1711 1886 1811 1937 plu-

158 1967 249 2006 res,
273 1967 327 1996 eo
349 1956 475 2007 quod
497 1957 629 1996 multi
649 1968 733 2008 per
755 1957 842 1997 Dei
864 1958 1066 2009 gratiam
1090 1959 1336 1999 discedunt
1358 1970 1385 1998 a
1403 1958 1541 1998 nobis
1562 1957 1680 1997 bene
1702 1968 1812 1997 con—

159 2027 313 2067 solati.
338 2027 459 2068 Hinc
481 2027 529 2068 fit
550 2034 601 2068 vt
623 2029 934 2069 communiter
955 2030 1072 2070 bene
1090 2030 1341 2070 audiamus
1359 2030 1417 2070 ab
1436 2029 1666 2070 omnibus.
1691 2027 1810 2069 Sunt

157 2106 313 2139 tamen
335 2100 413 2150 qui
436 2100 482 2139 in
503 2100 642 2140 rebus
660 2101 896 2141 nonnullis
916 2100 1202 2142 Societatem
1224 2102 1441 2142 mordent
1457 2107 1500 2141 et
1518 2101 1809 2153 vituperant,

158 2176 390 2222 coguntur
412 2178 568 2212 tamen
590 2173 665 2212 vel
686 2173 818 2213 inuiti
840 2173 979 2214 fateri
1000 2175 1146 2214 multa
1173 2175 1297 2214 bona
1321 2186 1348 2214 a
1370 2174 1505 2214 nobis
1528 2173 1643 2213 fieri.

238 2241 367 2281 Haec
385 2250 513 2293 sunt,
538 2242 676 2283 Pater
700 2244 760 2284 mi
782 2256 1008 2296 perquam
1034 2246 1328 2296 honorande,
1354 2256 1474 2297 quae
1496 2256 1620 2285 nunc
1644 2256 1782 2284 occur
1799 2257 1809 2263 ·

161 2318 267 2352 runt
291 2313 553 2354 scribenda.
584 2313 691 2355 Scio
714 2315 853 2366 longe
882 2317 1018 2367 plura
1044 2317 1250 2367 potuisse
1280 2327 1335 2356 ac
1358 2316 1575 2356 debuisse
1610 2328 1637 2356 a
1669 2315 1805 2355 nobis

159 2383 273 2433 fieri,
298 2384 337 2423 si
360 2396 450 2423 non
473 2385 697 2426 obfuisset
732 2386 924 2438 pigritia
955 2399 1011 2427 ac
1047 2388 1337 2438 negligentia
1367 2393 1545 2438 nostra,
1584 2397 1726 2438 quam
1754 2391 1806 2426 vt

159 2454 293 2494 nobis
314 2463 477 2505 parcat
495 2455 738 2506 Dominus,
763 2457 999 2498 humiliter
1020 2459 1221 2510 petimus
1243 2470 1269 2498 a
1294 2458 1351 2499 V.
1376 2458 1430 2498 R.
1456 2457 1505 2498 P.
1530 2464 1575 2498 et
1603 2457 1809 2498 caeteris

162 2525 381 2565 Patribus
402 2538 458 2566 ac
479 2526 706 2568 fratribus
729 2530 872 2569 orari.
892 2529 1061 2570 Amen.

243 2595 462 2647 Tornaci,
486 2598 510 2637 4
527 2597 634 2639 Idus
652 2598 942 2651 Septembris
964 2601 1079 2641 1554.

245 2666 298 2706 R.
324 2666 370 2706 P.
399 2668 455 2708 V.
482 2668 657 2710 inutilis
678 2682 845 2712 seruus
868 2672 912 2712 in
937 2672 1141 2722 ChristO,

974 2816 1263 2855 BERNARDus
1297 2814 1565 2855 OLIUEmus.

223 2971 231 2989 ¹
277 2971 433 2998 Adriano
450 2972 711 3001 Adriaffinssens.
