2047 3179
217 171 289 209 508
737 171 965 210 LITTERAE
984 182 1344 216 QUADRIMESTRES

218 280 419 319 magnus
442 275 579 319 esset,
604 269 643 308 si
666 269 841 321 absque
863 269 1047 309 delectu
1069 269 1442 309 admitterentur.
1466 268 1515 308 In
1537 268 1725 319 graecis
1746 279 1859 309 uero

219 340 292 389 (ne
315 339 423 390 quid
446 340 559 380 mihi
581 340 828 391 quominus
845 340 926 380 tibi
945 340 1163 380 nunciem
1182 339 1357 390 restet),
1382 339 1604 379 isocratis
1622 339 1860 379 orationes

219 417 264 450 et
300 411 539 462 syntaxim
566 411 950 462 interpretantur.
975 411 1077 462 Quo
1100 411 1252 450 studio
1275 422 1331 450 ac
1353 410 1595 462 diligentia
1624 410 1670 450 hi
1698 422 1859 451 omnes

219 481 385 521 litteris
407 494 462 522 ac
485 483 618 522 bonis
647 483 854 523 moribus
881 482 1143 532 inuigilent‚
1175 481 1576 533 supersedendum
1597 481 1723 521 duxi:
1748 481 1860 522 illud

219 559 377 593 tamen
400 565 492 593 non
515 555 743 603 omittam,
769 554 893 593 domi
916 553 1041 604 apud
1071 564 1157 592 nos
1187 553 1385 604 singulis
1413 553 1590 603 diebus,
1620 553 1666 592 ni
1687 564 1858 592 uacan-

220 625 331 665 dum
355 626 411 665 ab
435 637 574 676 opere
596 625 751 675 fuerit,
776 636 951 675 magna
973 636 1080 664 cum
1103 625 1361 665 attentione
1383 625 1452 664 rei
1481 636 1647 664 sacrae
1669 624 1860 664 interes-

220 707 286 736 se:
311 696 372 736 ibi
394 697 596 745 interim,
617 696 726 736 dum
744 696 791 736 fit
809 707 1012 747 sacrum,
1033 707 1231 747 pensum
1248 701 1428 747 septem
1444 696 1668 735 horarum
1684 695 1731 735 in
1748 695 1861 735 Bea-

220 774 297 807 tae
319 768 530 818 Uirginis
552 768 731 807 Mariae
763 768 991 807 honorem
1021 778 1135 819 prae
1162 767 1379 807 manibus
1406 766 1578 807 habent
1606 774 1686 807 aut
1715 767 1861 806 corol-

221 840 329 888 lam,
356 839 580 890 multique
607 839 935 879 Eucharistiae
963 845 1313 879 sacramentum
1335 844 1537 889 sumunt,
1562 838 1609 878 in
1629 838 1862 889 principio

221 911 388 950 saltem
410 911 634 961 cuiusque
657 910 845 950 mensis:
871 910 917 949 in
939 909 1203 961 gymnasiis
1225 915 1396 959 autem,
1422 909 1462 949 si
1483 909 1599 961 quis,
1623 916 1674 949 vt
1697 910 1743 949 in
1764 916 1861 948 tan—

222 989 269 1021 ta
292 982 586 1022 multitudine
615 981 715 1021 fieri
744 982 876 1032 solet,
900 982 1030 1021 rudis
1059 982 1119 1021 sit
1146 981 1336 1032 ingenio
1367 987 1447 1021 aut
1468 981 1633 1021 studiis
1664 981 1778 1020 nolit
1800 980 1864 1020 in-

223 1053 408 1104 sudare,
433 1054 478 1093 in
501 1066 555 1093 eo
579 1053 777 1104 denique
807 1064 949 1104 saepe
971 1053 1174 1093 monitus
1202 1058 1393 1104 perstet,
1425 1040 1670 1092 aduocatis
1699 1063 1863 1103 paren-

223 1124 362 1176 tibus,
387 1125 536 1176 iisque
560 1125 614 1164 de
645 1125 835 1176 ingenio
868 1136 924 1164 ac
946 1124 1069 1164 uotis
1100 1124 1231 1175 pueri
1253 1124 1446 1175 edoctis,
1478 1136 1535 1163 ne
1561 1123 1632 1174 iis,
1663 1134 1863 1174 quorum

222 1208 331 1247 spes
363 1196 520 1248 aliqua
548 1196 765 1247 refulget,
801 1196 938 1246 obsit,
970 1195 1160 1236 domum
1196 1196 1256 1236 ad
1291 1195 1383 1235 alia
1420 1206 1614 1235 munera
1650 1194 1861 1244 mittitur,

225 1267 392 1318 quibus
414 1274 553 1319 aptus
575 1267 648 1318 sit,
673 1267 904 1308 obeunda.

304 1339 404 1379 Etsi
432 1339 490 1379 ab
512 1339 710 1391 spiritali
732 1339 946 1389 profectu
973 1339 1143 1379 multos
1174 1345 1344 1379 auocat
1374 1338 1465 1378 loci
1488 1337 1862 1386 incommoditas,

224 1418 383 1450 tamen
409 1416 570 1450 tantus
598 1418 667 1451 est
697 1423 861 1451 eorum
887 1423 1124 1461 numerus,
1149 1411 1227 1463 qui
1251 1411 1310 1451 ad
1331 1422 1419 1450 nos
1447 1409 1698 1450 confitendi
1721 1420 1865 1449 causa

224 1482 470 1533 accedunt,
502 1489 551 1522 ut
584 1483 664 1522 uix
690 1483 900 1534 ipsorum
931 1483 1216 1535 respondere
1248 1482 1421 1534 optatis
1449 1493 1692 1534 queamus:
1729 1480 1866 1532 idque

227 1566 318 1594 non
338 1554 478 1594 modo
501 1554 664 1594 diebus
685 1554 831 1606 festis,
856 1566 1022 1595 uerum
1043 1555 1186 1595 etiam
1208 1555 1377 1606 quibus
1397 1554 1548 1594 labori
1565 1561 1634 1593 est
1651 1553 1864 1593 insisten2

226 1626 350 1678 dum,
375 1627 535 1667 nescio
558 1638 761 1677 quonam
778 1627 934 1678 modo,
959 1626 1070 1667 dum
1090 1626 1137 1666 in
1155 1626 1330 1666 scholis
1351 1625 1594 1675 uersabar‚
1619 1625 1675 1665 de
1697 1625 1865 1665 doctri-

224 1708 285 1737 na
307 1697 582 1748 christiana,
607 1709 746 1749 quam
769 1698 968 1749 singulis
989 1697 1151 1738 diebus
1172 1697 1360 1738 ueneris
1381 1697 1430 1737 P.
1451 1696 1686 1737 Antonius
1708 1697 1718 1716 ¹
1740 1695 1866 1736 domi

223 1769 467 1820 discipulis
503 1769 721 1809 omnibus
752 1781 935 1810 summo
966 1781 1126 1810 amore
1157 1781 1213 1809 ac
1241 1768 1485 1820 diligentia
1513 1769 1866 1818 interpretatur,

225 1840 420 1880 uerbum
441 1841 618 1881 nullum
644 1841 749 1882 feci:
781 1853 835 1882 ac
864 1841 920 1882 de
948 1841 1167 1893 quodam,
1192 1841 1324 1881 cuius
1352 1851 1528 1891 magna
1555 1851 1663 1892 spes
1694 1845 1778 1887 est,
1802 1840 1868 1879 lu-

224 1913 378 1952 sitano
400 1912 582 1963 iuuene,
607 1913 695 1952 hac
717 1913 932 1964 proxime
953 1913 1087 1964 lapsa
1109 1912 1474 1964 quadragesima
1496 1912 1726 1962 ingresso.

304 1983 461 2023 Parva
483 1983 670 2036 quidem
691 1990 798 2024 sunt
821 1984 953 2035 haec,
982 1983 1037 2026 R.
1062 1983 1130 2035 P„
1154 1996 1267 2036 prae
1297 1984 1563 2024 futurorum
1585 1983 1869 2034 expectatio-

226 2067 298 2095 ne.
322 2054 544 2106 Superest
566 2061 615 2095 ut
636 2056 744 2096 huic
767 2061 811 2095 et
833 2056 1033 2096 caeteris
1060 2061 1252 2096 nostrae
1273 2055 1523 2096 Societatis
1546 2054 1771 2105 collegiis,
1796 2065 1870 2105 pe-

226 2126 358 2167 rinde
380 2138 435 2166 ac
457 2126 576 2177 filiis,
600 2127 879 2179 prospicias,
899 2127 989 2167 hoc
1007 2132 1091 2178 est,
1112 2132 1339 2179 quantum
1355 2126 1456 2167 fieri
1473 2132 1641 2178 potest,
1660 2137 1797 2165 cures
1813 2137 1872 2165 ne

226 2209 311 2248 pro
334 2198 560 2250 cuiusque
583 2199 751 2239 messis
781 2198 1108 2250 magnitudine
1130 2209 1365 2238 messores
1396 2197 1551 2238 idonei
1579 2197 1745 2237 desint:
1770 2208 1870 2237 ora-

228 2269 432 2309 tionibus
453 2270 586 2310 iuues
606 2276 670 2319 ut,
696 2270 775 2322 qui
798 2270 967 2321 coepit,
1001 2270 1295 2310 incrementa
1330 2269 1421 2319 det,
1446 2268 1575 2309 Deus
1602 2268 1709 2320 Opt.
1741 2268 1869 2308 Max.

227 2340 365 2391 Quod
387 2341 424 2381 si
445 2340 630 2392 feceris,
655 2353 792 2393 spero
813 2340 928 2392 fore,
952 2348 1001 2381 ut
1018 2341 1267 2381 uniuersus
1284 2348 1519 2381 terrarum
1535 2340 1661 2381 orbis
1678 2339 1871 2379 mirifice

229 2413 453 2463 gaudeat,
478 2420 798 2465 uenturusque
821 2413 1185 2454 christianorum
1207 2413 1409 2464 populus
1436 2411 1668 2463 ingenteis
1689 2398 1871 2450 summo

230 2484 447 2524 Creatori
467 2485 666 2535 gratias,
692 2485 815 2537 quod
837 2485 883 2525 in
905 2485 1024 2525 haec
1045 2490 1259 2536 tempora
1280 2483 1512 2534 inciderit,
1538 2488 1663 2534 agat.
1689 2482 1826 2522 Vale.

312 2555 492 2605 Genua,
515 2555 540 2595 8
561 2555 664 2596 idus
685 2555 867 2609 Junias,
893 2567 1013 2596 anno
1036 2567 1063 2595 a
1085 2555 1274 2596 Christo
1297 2560 1407 2595 nato
1433 2554 1547 2594 1555.

402 2626 606 2678 Impulsu
630 2627 684 2667 R.
708 2627 755 2668 P.
781 2627 1011 2668 Rectoris.
1224 2649 1228 2651 >

610 2699 662 2739 T.
687 2698 742 2739 R.
767 2699 815 2739 Ρ.
841 2699 1062 2750 indignus
1084 2698 1222 2749 filim,

1078 2842 1323 2895 JoHANNEs
1352 2840 1654 2881 CATALANUS.

293 3002 299 3018 ¹
343 3001 377 3027 P.
396 3002 564 3029 Antonius
579 3002 618 3028 de
636 3001 834 3036 Soldevilla,
850 3002 990 3029 Rector.
