2047 3179
159 120 226 157 142
673 120 898 157 LITTERAE
916 130 1276 164 QUADRJMESTRES

155 229 244 257 nus
265 216 519 264 Candidus,
544 231 570 256 a
593 229 684 268 quo
706 217 780 257 hic
804 218 981 268 appulit
1014 216 1038 267 ¹,
1064 217 1268 269 quotidie
1296 216 1393 256 fere
1415 215 1601 255 roboris
1622 216 1800 256 valetu-

156 288 252 328 dini
274 288 474 328 accessit
496 295 815 339 augmentum,
838 288 1146 328 concionatus
1170 294 1238 327 est
1261 287 1330 327 bis
1353 294 1483 326 terue
1504 285 1801 337 Antuerpiae

157 367 201 400 et
223 359 385 399 Leodii
407 371 499 399 non
522 360 622 399 sine
644 359 813 399 fructu.

237 431 286 471 In
309 431 440 471 initio
464 431 669 481 Augusti
688 437 783 471 tres
803 431 946 482 probe
968 431 1183 470 doctrina
1214 431 1469 470 instructos
1490 429 1682 468 iuuenes
1703 429 1717 446 ‘³
1740 428 1800 468 ad

160 503 216 542 V.
241 501 290 542 Ρ.
313 502 538 551 misimus,
562 502 640 553 qui
675 502 813 541 simul
843 503 961 542 colla
984 514 1069 542 sua
1098 501 1332 541 dominico
1360 500 1470 550 iugo
1493 500 1540 540 in
1563 499 1802 540 Societate

158 580 319 614 nostra
360 573 632 613 submittere
671 572 953 613 desiderant.
996 573 1155 612 Alium
1195 571 1445 623 quemdam
1485 571 1797 621 sacerdotem,

158 645 217 685 M.
242 645 492 685 Iordanum
514 644 559 683 in
582 643 881 684 Hollandiam
903 644 1257 690 destinauimus,
1279 642 1356 682 vbi
1378 653 1552 693 magna
1574 643 1800 683 instantia

159 716 402 756 cuiusdam
424 715 604 765 decani,
628 722 819 755 nostrae
842 715 1067 756 Societati
1096 714 1345 765 plurimum
1381 713 1554 764 deuoti,
1579 714 1799 754 ecclesia—

159 795 261 827 sten
285 788 401 838 agit,
426 800 451 827 a
472 799 576 839 quo,
607 786 980 827 confessionibus
1001 786 1245 826 audiendis
1268 785 1464 836 aliisque
1482 794 1802 825 sacramento-

159 870 262 899 rum
284 858 766 899 administrationibus
789 865 833 898 et
856 858 1096 908 doctrinis,
1122 856 1348 898 Societati
1374 857 1587 897 exerceri
1609 868 1800 897 consue·

159 931 231 980 tis,
257 930 511 981 primordia
535 928 782 970 Societatis
799 929 1057 969 radicanda
1080 939 1325 980 speramus
1348 926 1377 968 ³.

239 1001 289 1041 In
311 1002 399 1042 hac
422 1009 577 1041 autem
608 1001 798 1041 ciuitate
822 1001 969 1041 maior
993 1012 1175 1052 semper
1196 1000 1245 1040 fit
1272 999 1535 1051 frequentia
1556 1006 1654 1041 tum
1676 1001 1798 1040 viro-

158 1085 261 1113 rum
284 1079 380 1113 tum
402 1073 665 1122 mulierum,
690 1084 806 1124 quos
827 1072 1058 1112 Dominus
1078 1072 1262 1123 gratiae
1293 1082 1406 1111 suae
1437 1071 1628 1111 dulcore
1658 1072 1805 1112 domi-

159 1145 277 1184 nicis
299 1144 557 1196 quibusque
578 1143 851 1195 festiuisque
874 1144 1036 1184 diebus
1059 1154 1231 1194 magno
1255 1154 1360 1182 cum
1388 1142 1576 1183 feruore
1606 1150 1650 1183 et
1672 1144 1803 1194 spiri-

159 1223 233 1255 tus
255 1215 478 1255 auiditate
508 1215 565 1255 ad
601 1215 950 1255 sanctissimam
980 1215 1052 1255 sui
1088 1215 1300 1265 corporis
1331 1220 1375 1254 et
1403 1214 1648 1266 sanguinis
1680 1226 1803 1255 com-

158 1287 424 1327 munionem
447 1287 646 1327 inuitare
669 1287 905 1338 dignatur,
942 1298 1060 1338 quae
1084 1293 1215 1326 tanta
1243 1293 1312 1326 est
1343 1286 1390 1326 in
1421 1286 1636 1326 omnibus
1659 1287 1807 1326 eccle-

159 1359 253 1408 siis,
279 1364 327 1398 vt
350 1358 558 1410 plerique
579 1358 793 1398 extranei
815 1365 858 1398 et
882 1358 1131 1410 peregrini,
1146 1358 1233 1398 hoc
1249 1358 1350 1397 viso
1368 1358 1654 1409 spectaculo,
1677 1369 1804 1409 pror-

161 1441 239 1470 sus
261 1430 307 1469 in
336 1436 575 1481 stuporem
603 1429 852 1481 quemdam
881 1430 1208 1469 admirationis
1240 1429 1499 1480 rapiantur,
1535 1429 1807 1469 dubitantes

164 1501 451 1550 Louanione,
476 1501 580 1541 aliis
601 1501 737 1541 huius
758 1501 941 1552 patriae
963 1509 1237 1552 comparato
1271 1501 1556 1551 ciuitatibus,
1590 1501 1808 1541 coenobii

162 1573 315 1624 potius
338 1584 477 1624 quam
497 1572 626 1612 vrbis
649 1572 887 1623 epitheton
911 1572 1222 1613 tribuendum.
1250 1572 1316 1613 Ne
1340 1584 1460 1613 Vnus
1481 1573 1670 1624 quidem
1703 1573 1802 1613 dies

161 1644 343 1694 transit,
369 1655 460 1695 quo
483 1655 575 1683 non
598 1644 842 1684 audiendis
864 1655 1152 1696 occupamur
1174 1644 1565 1693 confessionibus,
1591 1656 1685 1684 non
1707 1656 1806 1684 mu-

163 1716 463 1756 liercularum
486 1722 530 1755 et
553 1726 803 1766 puerorum
827 1716 1088 1764 dumtaxat,
1113 1727 1312 1767 quorum
1333 1727 1535 1767 magnus
1557 1722 1627 1756 est
1649 1727 1808 1755 nume-

164 1799 258 1837 rus,
288 1787 369 1827 sed
399 1793 442 1827 et
473 1787 786 1837 sacerdotum,
815 1799 901 1827 nec
930 1786 1115 1827 infimae
1143 1787 1428 1828 conditionis
1464 1787 1690 1827 virorum.
1729 1787 1807 1827 Vi-

163 1858 296 1909 ginti,
320 1858 386 1908 25,
411 1864 491 1898 aut
526 1870 580 1898 eo
612 1858 826 1909 amplius,
852 1859 897 1898 in
929 1858 1130 1909 simplici
1157 1871 1385 1911 persaepe
1408 1859 1662 1900 festiuitate
1685 1858 1810 1910 apud

164 1935 343 1979 patrem
378 1936 591 1969 nostrum
626 1928 639 1947 ⁴
674 1929 972 1981 frequentare
1008 1931 1095 1970 hoc
1137 1937 1488 1971 sacramentum
1522 1930 1684 1971 Videre
1723 1935 1809 1970 est.

164 2001 439 2052 Complures
462 2012 574 2041 vero
592 2013 648 2041 eo
671 2001 933 2042 deuotionis
955 2002 1294 2054 charitatisque
1314 2003 1360 2042 in
1382 2001 1621 2042 Dominici
1642 2013 1803 2053 corpo-

163 2072 226 2112 ris
240 2072 614 2112 communionem
628 2072 879 2113 ardescunt
896 2072 1098 2123 feruore,
1118 2074 1393 2125 quodetiam
1411 2074 1609 2125 singulis
1627 2073 1809 2124 diebuS,

164 2143 251 2183 nisi
268 2143 622 2184 subtraheretur
644 2144 910 2184 huiusmodi
931 2143 1209 2196 frequentia,
1233 2145 1335 2186 Deo
1356 2145 1480 2186 vniri
1503 2152 1743 2197 cuperent.

246 2213 501 2265 Quaedam,
540 2227 565 2255 a
602 2215 866 2267 quindecim
899 2223 977 2256 aut
1010 2217 1249 2257 sexdecim
1273 2218 1408 2258 annis
1444 2229 1539 2257 non
1575 2216 1812 2265 confessa,

162 2286 258 2337 freq
268 2292 430 2326 uenter
447 2287 765 2327 conscientiae
784 2299 997 2328 remorsu
1015 2295 1153 2339 atque
1171 2289 1330 2329 diuina
1352 2295 1480 2330 tacta
1503 2289 1808 2340 benignitate,

163 2357 374 2398 confiteri
401 2359 660 2410 proposuit;
698 2359 779 2399 sed
816 2365 1119 2410 peccatorum
1148 2360 1326 2401 foetore
1358 2360 1602 2412 deterrita,
1622 2360 1812 2400 diaboli-

163 2429 324 2481 cisque
355 2429 604 2481 illaqueata
641 2431 1045 2482 persuasionibus,
1086 2444 1327 2485 quousque
1363 2444 1389 2472 a
1425 2431 1630 2473 Domino
1671 2432 1812 2483 graui

164 2506 289 2540 tacta
311 2499 594 2549 infirmitate,
623 2502 795 2543 bonum
818 2514 1004 2555 semper
1025 2503 1250 2544 infectum
1283 2504 1470 2556 reliquit
1500 2503 1811 2556 propositum,

220 2661 227 2680 Ι
270 2663 312 2688 1.·’
328 2661 415 2694 Junii
433 2662 530 2696 hujus
547 2663 625 2689 anni
645 2664 722 2690 1354.
738 2664 825 2691 Vide
845 2664 992 2692 P01.Axc1
1012 2664 1256 2699 Cl11¹012ic0n,t.
1272 2673 1318 2699 iv,
1332 2673 1412 2700 pag.
1427 2664 1491 2695 296.
1508 2672 1539 2691 n.
1555 2664 1618 2691 683.

217 2711 229 2728 *³
268 2709 396 2737 Horum
412 2710 547 2737 nomina
563 2718 622 2737 nec
642 2711 815 2739 Pocaxcus
832 2712 966 2746 quidem
982 2714 1106 2747 aperit,
1123 2713 1201 2740 dum
1225 2714 1287 2741 has
1310 2713 1448 2741 litteras
1469 2712 1513 2740 ad
1528 2713 1672 2740 verbum
1694 2711 1765 2738 fere
1783 2711 1813 2737 in

166 2764 263 2784 suum
281 2757 472 2785 chronicon
490 2759 706 2786 transcribit.

219 2804 232 2823 ⁵
269 2803 387 2832 Verba
408 2805 492 2832 haec
505 2806 709 2839 primordia
728 2805 916 2834 Societatts
934 2808 1134 2836 radicanda
1156 2813 1349 2844 speramus
1373 2808 1423 2836 ita
1449 2806 1597 2835 mutavit
1623 2806 1811 2833 Pomm-ss:

167 2852 356 2879 Socz'etatis
377 2855 521 2880 nostrae
541 2854 756 2888 tyrocinium
776 2855 941 2888 ponebat.
956 2855 993 2882 T.
1010 2863 1056 2889 1v,
1073 2864 1151 2891 pag.
1165 2857 1226 2887 292,
1242 2865 1272 2884 n.
1288 2856 1523 2884 (fil—Verum
1539 2855 1603 2889 his,
1618 2854 1651 2881 ni
1668 2853 1812 2881 multum

166 2894 327 2932 ¹'allimuxn
344 2907 408 2927 non
427 2902 533 2928 verba
550 2906 694 2935 tantum,
712 2906 768 2929 scd
784 2910 919 2930 sensum
935 2904 1039 2931 etiam
1056 2909 1207 2932 mutasse
1226 2905 1374 2932 videtur.

220 2949 233 2967 ·'¹
272 2948 461 2975 Adrianum
480 2949 744 2985 Adriaffnsscns,
762 2949 971 2978 Lovaniensi
989 2953 1100 2980 domui
1119 2953 1364 2988 praepositum.
