2047 3179
833 152 913 189 AN.
946 150 1036 187 1555
1675 148 1745 185 583

118 259 225 293 ante
255 254 414 292 oeulos
445 252 701 303 proposuit,
737 261 907 300 eosque
940 248 1196 294 admonuit,
1230 253 1278 285 ut
1309 246 1395 284 sibi
1427 245 1743 296 providerent,

120 330 258 375 atque
282 331 329 362 ut
352 323 407 363 de
429 323 637 362 discessu
655 323 733 361 illo
751 321 998 369 diligenter
1017 319 1295 369 cogitarent.
1317 316 1446 367 Quae
1464 317 1564 355 eius
1579 316 1744 364 oratio,

119 395 280 434 diuina
303 405 417 443 erga
440 393 651 433 homines
673 393 880 432 bonitate
902 391 1107 438 iuuante,
1125 395 1306 428 tantum
1323 387 1445 437 apud
1464 387 1566 426 illos
1583 387 1746 435 ualuit,

123 474 172 505 ut
208 466 269 505 ibi
305 465 460 504 statim
497 464 750 504 inimicitiis
785 461 1006 513 depositis
1038 461 1085 500 in
1119 460 1322 510 gratiam
1360 458 1579 498 redirent.
1617 456 1751 496 Alius

123 537 263 576 etiam
300 536 438 575 Pater
475 547 581 575 curn
616 546 641 574 a
677 534 874 586 quodam
910 533 1169 582 postularet
1204 537 1252 570 ut
1288 530 1342 578 ei,
1382 540 1408 568 a
1444 540 1535 579 quo
1571 528 1752 567 iniuriis

123 607 319 647 affectus
337 614 453 655 erat,
474 607 753 657 ignosceret,
773 614 1054 656 quamquam
1073 601 1257 641 dicebat
1274 600 1412 640 Pater
1426 598 1752 638 aduersarium

123 679 240 728 eius,
263 678 302 717 si
324 678 421 728 ipse
444 677 506 716 ita
530 678 681 726 uellet,
705 689 757 715 eo
781 687 890 714 mox
912 686 1013 714 esse
1036 680 1285 713 uenturum
1308 678 1356 711 ut
1378 671 1435 710 ab
1464 682 1517 709 eo
1549 670 1649 720 ipso
1679 668 1750 707 de-

126 749 223 789 licti
253 749 437 788 ueniam
467 754 659 798 peteret,
690 747 763 786 ille
795 753 965 792 tamen,
1000 745 1073 784 cui
1104 743 1273 783 iniuria
1304 742 1430 781 facta
1461 741 1627 787 fuerat,
1662 751 1755 779 non

124 820 259 861 modo
291 820 351 868 id,
383 820 506 870 quod
537 818 673 858 Pater
708 818 921 867 rogabat,
959 815 1261 856 libentissime
1299 813 1555 861 concessit,
1592 822 1757 851 uerum

125 892 266 931 etiam
287 890 522 940 pollicitus
544 897 612 929 est
634 901 683 929 se
704 889 892 929 domum
923 886 1183 927 aduersarii
1213 887 1387 925 iturum
1416 885 1472 923 ab
1500 883 1756 932 eodemque

128 963 313 1003 ueniam
337 962 588 1012 petiturum
610 972 727 1000 esse.
758 961 829 1000 Ex
858 960 913 999 iis
945 966 1100 999 autem
1131 957 1362 1005 omnibus,
1388 956 1466 1007 qui
1486 957 1531 994 in
1553 953 1758 1005 gratiam

127 1033 309 1074 reducti
337 1039 457 1081 sunt,
489 1032 618 1071 multi
645 1032 829 1079 fratres,
862 1031 990 1070 multi
1023 1029 1307 1079 cognatione
1338 1035 1381 1067 et
1412 1025 1758 1078 propinquitate

127 1103 501 1144 coniunctissimi
529 1112 680 1142 erant.
720 1102 866 1142 Multa
896 1107 1141 1152 praeterea
1172 1100 1263 1139 alia
1292 1110 1375 1149 per
1398 1103 1585 1137 nostros
1607 1101 1757 1145 gesta,

130 1185 174 1216 et
196 1175 404 1227 perfecta
426 1180 547 1224 sunt,
571 1182 760 1225 propter
782 1185 899 1224 quae
921 1172 1021 1212 Deo
1044 1171 1149 1223 Opt.
1174 1171 1317 1219 Max.,
1353 1170 1427 1210 cui
1456 1168 1574 1208 haec
1603 1166 1761 1206 omnia

129 1253 239 1287 sunt
260 1253 454 1297 accepta
478 1246 736 1293 referenda,
761 1245 967 1284 maxima
990 1245 1092 1283 laus
1114 1250 1157 1282 et
1179 1242 1331 1293 gloria
1350 1241 1523 1280 tributa
1540 1245 1624 1288 est,
1644 1249 1759 1277 sem-

130 1329 305 1370 perque
326 1317 569 1357 tribuetur.

209 1388 299 1439 Qui
333 1389 379 1428 in
415 1389 664 1439 gymnasio
699 1393 861 1427 nostro
890 1386 1036 1426 literis
1066 1396 1257 1437 operam
1286 1384 1419 1431 dant,
1448 1394 1556 1422 cum
1584 1380 1761 1421 confes-

130 1460 339 1499 sionibus
361 1459 523 1508 adiuti,
547 1466 643 1498 tum
666 1459 806 1498 etiam
829 1457 1163 1508 magistrorum
1185 1461 1229 1495 et
1251 1454 1451 1495 instituti
1472 1452 1689 1493 doctrina
1718 1457 1764 1490 et

132 1532 345 1582 exemplo
368 1530 575 1579 excitati,
599 1541 692 1569 non
715 1528 1013 1569 mediocriter
1035 1526 1297 1579 proficiunt.
1322 1525 1440 1565 Nam
1464 1524 1601 1564 simul
1622 1531 1763 1573 atque

131 1602 179 1641 in
199 1602 388 1641 scholas
410 1606 596 1640 nostras
617 1599 947 1647 admittuntur,
972 1598 1116 1638 uerba
1138 1597 1296 1637 statim
1318 1596 1445 1648 ipsa,
1477 1606 1596 1646 quae
1625 1600 1765 1634 antea

132 1672 308 1724 passim
331 1672 637 1722 usurpabant,
660 1671 819 1710 nescio
841 1681 932 1721 quo
953 1674 1108 1720 pacto,
1132 1669 1206 1708 uel
1224 1667 1412 1707 omnino
1431 1665 1670 1715 abiiciunt,
1690 1665 1765 1703 uel

134 1754 307 1794 magna
329 1754 389 1782 ex
410 1750 542 1793 parte
564 1746 867 1782 commutant.
892 1739 1053 1791 Neque
1075 1740 1223 1779 solum
1246 1736 1549 1778 iureiurando
1572 1736 1762 1786 diligen-

134 1814 311 1855 tissime
334 1814 581 1863 abstinent,
605 1813 686 1853 sed
707 1825 764 1852 ne
785 1822 928 1852 unum
949 1810 1136 1863 quidem
1156 1809 1351 1850 uerbum
1374 1821 1431 1848 ex
1454 1808 1662 1859 ipsorum
1684 1817 1766 1845 ore

135 1888 244 1936 exit,
269 1885 393 1937 quod
415 1885 690 1935 cuiusquam
713 1895 851 1923 aures
879 1882 1097 1932 offendat,
1129 1888 1177 1921 ut
1204 1888 1341 1920 antea
1375 1880 1440 1919 eis
1471 1890 1558 1918 usu
1585 1878 1766 1918 solebat

135 1957 338 1996 euenire.
368 1956 528 2007 Itaque
566 1955 624 1994 ab
660 1955 784 1994 omni
815 1965 881 2001 re,
915 1965 1006 2004 qua
1028 1952 1188 1992 Diuini
1209 1950 1425 1991 Numinis
1446 1949 1670 1989 maiestas
1691 1948 1768 1987 uel

133 2028 299 2068 leuiter
335 2026 505 2066 offendi
539 2026 702 2076 possit,
734 2024 1088 2075 diligentissime
1118 2029 1300 2063 cauent.
1337 2021 1454 2060 Tam
1480 2020 1689 2060 modeste
1718 2031 1766 2058 se

139 2099 355 2139 omnibus
377 2098 424 2137 in
453 2098 592 2136 rebus
621 2102 808 2148 gerunt,
838 2102 887 2135 ut
913 2106 1048 2135 nemo
1081 2105 1161 2133 eos
1190 2093 1362 2141 uideat,
1396 2092 1506 2142 quin
1535 2091 1768 2130 maximas

135 2169 238 2210 Deo
259 2168 440 2220 gratias
461 2174 573 2218 agat
590 2179 673 2219 pro
690 2173 787 2207 tam
802 2166 1031 2217 singulari
1050 2164 1504 2204 adolescentulorum
1521 2161 1766 2201 modestia.

137 2240 232 2281 Alii
253 2239 375 2279 enim
396 2249 591 2290 prorsus
611 2238 759 2277 uideri
781 2238 944 2285 solent,
970 2244 1014 2275 et
1035 2248 1127 2276 non
1149 2236 1227 2285 illi,
1249 2235 1325 2285 qui
1344 2241 1450 2273 ante
1467 2240 1615 2272 erant.
1638 2231 1769 2271 Multi

137 2322 339 2361 namque
356 2321 518 2349 eorum
535 2316 704 2348 octauo
725 2320 907 2360 quoque
925 2308 997 2347 die
1016 2307 1071 2347 de
1089 2307 1297 2357 peccatis
1315 2304 1610 2353 confitentur,
1630 2310 1771 2354 atque

141 2382 283 2422 etiam
305 2380 492 2432 capiunt
515 2379 878 2420 Sacrosanctum
898 2378 1071 2418 Christi
1093 2376 1289 2428 Corpus,
1309 2383 1507 2426 suntque
1527 2375 1770 2414 uehemen-

142 2459 211 2492 ter
234 2451 403 2491 soliciti
423 2451 478 2490 de
501 2462 692 2490 suorum
713 2450 976 2488 animorum
997 2447 1241 2488 commodo
1264 2453 1307 2486 et
1329 2448 1492 2486 salute.
1525 2445 1576 2485 In
1604 2445 1773 2496 quibus

140 2523 277 2563 facile
299 2521 486 2572 quidem
507 2527 703 2572 apparet
724 2526 924 2572 quantos
946 2520 992 2559 in
1014 2519 1187 2558 uirtute
1207 2518 1383 2557 faciant
1406 2527 1701 2568 progressus.

222 2592 362 2633 Pater
389 2598 548 2632 noster
575 2591 693 2631 Miro
722 2602 807 2630 nos
839 2591 898 2630 ad
929 2589 1150 2630 calendas
1182 2588 1402 2639 Quintilis
1434 2587 1606 2637 inuisit,
1639 2586 1775 2626 cuius

141 2660 476 2704 iucundissimo
512 2662 875 2714 gratissimoque
911 2667 1164 2712 conspectu
1199 2660 1367 2699 mirum
1402 2659 1448 2698 in
1484 2657 1674 2698 modum
1704 2669 1772 2697 re-

143 2734 290 2775 creati
310 2745 485 2774 sumus.
510 2733 689 2774 Verum
710 2732 834 2784 apud
855 2743 940 2771 nos
961 2743 1053 2771 non
1076 2731 1276 2782 amplius
1294 2730 1541 2770 undecimo
1559 2729 1632 2769 die
1649 2740 1772 2768 corn-

143 2812 355 2846 moratus
377 2811 461 2856 est,
485 2810 733 2856 propterea
755 2803 879 2854 quod
899 2804 1045 2842 multa
1067 2813 1334 2853 magnaque
1348 2800 1555 2851 *negocia
1577 2806 1620 2840 et
1642 2799 1774 2851 Olys-

145 2876 308 2927 sipone
329 2882 373 2915 et
395 2874 720 2915 Conimbricae
742 2874 959 2923 habebat,
984 2885 1102 2924 quae
1123 2873 1251 2912 illum
1277 2871 1449 2912 diutius
1468 2872 1650 2911 Eborae
1673 2882 1777 2911 esse

145 2959 241 2987 non
262 2947 572 2998 patiebantur.
596 2945 786 2985 Interim
807 2944 1054 2995 quemdam
1076 2943 1151 2983 hic
1173 2943 1468 2983 sacerdotem
1494 2943 1542 2982 in
1571 2941 1778 2983 Societa-
