2047 3179
875 125 959 162 AN.
990 125 1081 161 1555
1725 123 1791 160 471

160 226 242 277 pit.
266 225 400 266 Ultro
423 225 634 275 citroque
654 222 873 263 familiari
894 221 1121 272 producto
1144 220 1202 260 ad
1225 221 1396 260 iustum
1433 220 1656 270 temporis
1687 231 1786 270 spa-

162 297 278 337 tium
313 296 557 348 colloquio,
582 295 877 345 tandemque,
913 293 1015 344 ipsa
1047 292 1112 331 rci
1140 291 1337 331 veritate
1359 291 1502 341 probe
1537 291 1788 340 intellecta,

167 367 354 408 Patrem
375 367 581 407 studiose
603 365 779 406 monuit
801 370 865 415 vt,
898 363 1243 415 quamprimum
1275 361 1520 401 commode
1545 360 1645 400 fieri
1666 366 1788 411 pote-

164 439 238 488 rit,
262 438 531 489 Principum
559 449 614 477 ac
635 436 961 476 Praelatorum
993 433 1260 474 testimonia
1282 433 1329 472 in
1363 438 1552 472 nostrae
1583 429 1788 481 Congre-

165 509 369 559 gationis
386 507 699 560 patrocinium
719 505 854 546 nobis
876 505 1193 555 impetremus.

245 578 345 630 Qua
366 578 702 630 pollicitatione
723 576 862 617 Pater
889 582 1049 616 noster
1077 586 1125 614 se
1153 574 1217 614 illi
1245 574 1508 624 obstrinxit,
1539 580 1618 613 tua
1647 585 1789 625 opera

167 650 472 702 praestanda.
499 648 742 700 Quumque
764 647 893 688 Rflae
915 653 1021 686 tuae
1053 646 1227 696 literas,
1252 645 1480 696 simulque
1502 644 1631 684 Patri
1649 645 1790 684 tradi-

164 727 260 760 tam
281 720 458 770 negotii
479 720 604 771 apud
626 720 778 770 ipsum
800 717 1034 758 tractandi
1062 715 1346 767 methodum,
1377 721 1515 767 atque
1537 715 1654 755 adeo
1686 728 1791 755 cen-

162 803 322 831 suram
351 791 665 842 theologicam
694 789 991 842 perlegisset,
1024 788 1224 838 benigne
1260 787 1495 837 pollicitus
1521 792 1591 826 est
1621 797 1670 826 se
1697 786 1786 826 Do-

160 869 315 902 ctores
335 862 582 912 theologos
602 867 941 901 conuenturum
963 870 1102 910 super
1120 870 1291 898 causae
1308 864 1499 897 nostrae
1517 863 1786 898 controuer-

161 933 245 982 sia,
269 939 319 973 vt
341 932 514 973 editam
537 943 785 973 censuram
806 931 1063 982 corrigant,
1086 929 1303 970 veritatis
1325 935 1593 980 compertae
1615 928 1784 969 studio.

161 1003 344 1054 Optime
366 1015 479 1055 erga
502 1016 587 1043 nos
610 1003 830 1043 affectum
859 1014 908 1042 se
929 1002 1137 1054 praebet,
1177 1013 1317 1053 seque
1340 1000 1651 1041 Reuerentiae
1680 1006 1788 1040 tuae

162 1075 365 1116 officiose
387 1075 706 1115 commendari
729 1073 1016 1124 efflagitauit.

240 1145 404 1186 Itidem
431 1145 542 1185 facit
571 1144 705 1185 R.m1¹³
727 1144 957 1185 Dominus
988 1143 1352 1184 Clarmontanus
1384 1142 1617 1193 Antistes,
1649 1154 1703 1182 ac
1731 1141 1782 1182 Il-

141 1217 319 1257 -lustris
339 1217 412 1256 Vir
433 1216 664 1256 Dominus
693 1215 753 1255 du
781 1215 925 1265 Mont,
956 1225 1063 1254 cum
1090 1214 1311 1254 vniuerso
1339 1213 1538 1253 fratrum
1564 1213 1779 1265 collegio,

161 1288 563 1340 promptissimam
592 1286 906 1327 obedientiam
932 1285 1032 1326 P.tis
1059 1292 1167 1327 tuae
1195 1285 1389 1337 imperio
1416 1284 1650 1325 humiliter
1683 1283 1788 1324 offe-

161 1365 307 1399 rente.

238 1429 467 1470 Dominus
487 1429 623 1482 Jesus
645 1435 689 1469 te
710 1434 900 1469 nostrae
922 1429 1060 1469 saluti
1082 1428 1159 1468 diu
1174 1433 1329 1468 seruet
1347 1428 1642 1478 incolumem5
1662 1427 1787 1478 apud

158 1513 294 1553 quem
312 1500 557 1541 sacrificiis
574 1506 617 1540 et
635 1500 925 1540 orationibus
945 1500 1036 1540 tuis
1053 1500 1270 1551 pusillum
1283 1500 1406 1539 hunc
1423 1510 1618 1550 gregem
1640 1505 1786 1544 tuum,

160 1572 354 1613 Parisiis
375 1572 653 1622 latitantem,
679 1570 999 1611 commendari
1021 1570 1242 1622 digneris.

237 1643 374 1694 Vale,
399 1643 446 1683 in
467 1642 654 1684 Christo
676 1642 786 1695 Jesu
809 1642 947 1682 Pater
974 1642 1415 1693 obseruandissime,
1449 1653 1554 1682 curn
1573 1652 1788 1681 numero-

157 1715 343 1755 sissimo
365 1713 526 1765 gregis
547 1713 729 1753 romani
751 1719 901 1763 coetu,
932 1713 1064 1753 cuius
1085 1725 1170 1764 ope
1192 1724 1405 1753 crescere
1431 1712 1704 1764 propediem
1740 1712 1787 1751 in

158 1785 311 1827 Gallia
332 1785 469 1826 nobis
488 1785 657 1834 licebit,
681 1790 779 1824 tum
800 1783 1032 1824 Auinione
1052 1783 1078 1834 ¹,
1102 1790 1199 1824 tum
1221 1783 1434 1824 Billomii.
1458 1782 1625 1823 Amen.

234 1856 394 1897 Tertio
418 1855 530 1896 Maii
555 1855 669 1905 1555,
692 1855 900 1906 Parisiis,
924 1867 983 1895 ex
1003 1855 1195 1895 aedibus
1213 1854 1573 1895 Clarmontanis.

235 1927 578 1968 Commissione
600 1925 692 1966 Rdi
713 1926 762 1966 Ρ.
786 1927 938 1967 nostri
957 1926 1146 1967 Domini
1166 1926 1409 1967 Pascliasii
1429 1926 1617 1966 Broetii.

368 1997 493 2038 Rdae
518 1997 820 2038 Paternitatis
842 2003 950 2038 tuae
970 1997 1192 2048 indignus
1212 1997 1346 2047 filius,

956 2139 1204 2180 ROBERTUS
1235 2139 1567 2180 CLAYSSONIUS.

237 2281 589 2333 Superscrz'ptz'o
620 2281 667 2321 z'n
691 2285 864 2333 quarta
878 2281 1093 2333 pagina.-
1113 2281 1215 2322 ΚΦ)
1246 2281 1294 2321 in
1314 2281 1502 2322 Christo
1530 2281 1659 2322 Patri
1693 2281 1783 2322 Do-

154 2353 281 2393 mino
304 2353 485 2403 Ignatio
517 2352 572 2392 de
594 2351 792 2404 Loyola,
817 2352 1090 2404 Praeposito
1125 2352 1346 2393 Gener-ali
1373 2351 1621 2393 Societatis
1641 2353 1783 2393 nomi-

151 2424 225 2463 nis
245 2423 372 2476 Jesu,
395 2423 442 2463 in
464 2423 658 2464 aedibus
680 2422 724 2464 S.
750 2423 927 2464 Mariae
949 2424 1005 2464 de
1029 2422 1215 2464 Strada.

1317 2494 1511 2534 Romae.

658 2565 705 2606 di
726 2571 861 2618 porto
882 2577 975 2606 Vno
997 2566 1190 2606 carlino.

231 2635 343 2676 Alia
363 2648 526 2677 manu:
551 2637 665 2677 1555.
692 2636 900 2688 Parisiis,
925 2635 1302 2687 Quadrimestres
1322 2634 1369 2687 iij
1392 2636 1518 2676 Maii.

232 2707 396 2747 Manet
417 2707 676 2759 vestigium
698 2718 829 2748 cerae
849 2708 1021 2748 rubrae
1041 2706 1212 2758 sigilli.

208 2888 218 2908 ¹
257 2889 438 2923 Agebatur
458 2890 530 2926 J‘am
551 2894 622 2918 tum
649 2892 691 2919 ab
716 2895 878 2919 autumno
899 2891 1118 2926 praecedenti
1146 2892 1185 2919 de
1211 2891 1363 2926 Collegio
1386 2892 1418 2919 in
1442 2892 1525 2919 urbe
1548 2891 1780 2920 Avenionensi

143 2935 374 2965 dnstituendo.
