2047 3179
877 154 958 191 AN.
989 154 1080 191 1555
1729 154 1798 192 067

171 251 224 292 T.
249 251 303 293 R.
327 251 377 293 P.
397 253 693 303 cognouerit3
715 263 820 292 cum
837 251 881 291 id
898 251 1176 302 praesertim
1194 251 1373 290 duabus
1391 250 1446 290 de
1465 251 1619 290 causis
1637 251 1797 301 impul-

172 335 251 363 sus
272 323 383 363 mihi
405 323 750 363 obseruandum
770 323 1209 373 impraesentiarum
1229 322 1568 372 proposuerim,
1600 333 1797 372 quarum

174 395 321 434 altera
343 394 443 444 fuit,
475 401 523 434 ut
550 393 890 434 multitudinem
919 393 1044 432 illam
1075 392 1325 432 uerborum
1354 404 1493 443 quam
1524 404 1615 431 non
1642 403 1797 431 neces-

173 465 347 504 sariam
384 465 526 505 suisse
560 465 904 514 animaduerto,
941 464 1160 513 uitarem;
1197 463 1394 514 pristina
1434 470 1589 502 autem
1630 462 1794 511 forma,

177 547 318 586 quam
341 547 394 575 ea
418 536 572 576 adhuc
594 536 809 585 retinent,
840 535 896 575 de
924 535 1089 586 quibus
1123 534 1177 574 R.
1215 533 1263 574 P.
1300 533 1353 574 T.
1390 533 1618 584 supremis
1652 534 1799 573 literis

175 606 425 646 certiorem
445 606 548 657 feci,
573 619 646 647 me
668 618 850 658 quoque
872 606 1135 645 breuiorem
1152 604 1283 654 facit,
1304 616 1397 644 non
1414 604 1535 644 enim
1553 604 1716 644 eadem
1732 616 1798 643 re—

173 676 373 727 petenda
405 677 517 717 mihi
544 678 646 718 uisa
675 684 805 728 sunt;
837 688 982 729 quare
1014 689 1068 717 ea
1098 676 1302 716 breuiter
1337 675 1726 725 commemorabo,
1761 676 1800 714 si

174 758 292 797 quae
314 748 442 787 hisce
464 749 700 789 mensibus
721 761 843 789 noua
865 748 1176 799 contigerunt.

254 818 369 858 Illud
392 830 519 869 uero,
550 819 673 870 quod
701 819 929 860 Dominus
957 830 1040 871 per
1068 826 1226 870 patres
1254 825 1441 858 nostros
1468 816 1801 868 perficiendum

173 889 333 939 uoluit,
350 891 552 930 sermoni
568 896 728 930 nostro
744 890 907 930 afferet
924 890 1119 941 initium,
1135 890 1274 941 quod,
1293 889 1484 940 scilicet,
1503 889 1667 929 mulier
1682 900 1802 939 quae

174 961 397 1010 potestati
419 961 680 1012 cuiusdam,
713 961 916 1012 coniugii
943 961 1149 1011 uinculo,
1181 973 1264 1013 per
1294 960 1651 1012 quadriennium
1680 960 1802 998 ultro

174 1030 384 1070 subiecta
404 1031 570 1082 fuerat,
595 1044 804 1084 quaeque
825 1033 947 1072 intra
968 1038 1035 1072 tot
1057 1043 1205 1072 annos
1236 1031 1551 1072 conscientiae
1578 1030 1802 1081 expiatio-

177 1113 283 1141 nem
304 1114 543 1153 nunquam
564 1103 753 1153 fecerat,
777 1115 926 1155 nuper
952 1103 1238 1143 domicilium
1265 1114 1348 1142 suo
1381 1109 1518 1154 atque
1540 1108 1700 1141 nostro
1722 1099 1804 1140 Re-

176 1172 407 1224 demptori
425 1174 541 1213 adeo
559 1174 876 1224 illustrauerit,
896 1180 945 1214 ut
964 1174 1086 1214 idem
1102 1174 1332 1214 Dominus
1354 1173 1609 1213 secundum
1628 1172 1804 1212 miseri-

177 1244 363 1284 cordias
384 1256 495 1284 suas
515 1245 627 1284 illud
648 1245 839 1285 uisitare
860 1257 953 1285 non
974 1245 1254 1295 dedignatus
1274 1244 1428 1294 fuerit,
1459 1244 1551 1284 imo
1583 1255 1637 1283 eo
1666 1242 1802 1283 modo

176 1315 409 1365 munierit,
432 1322 480 1355 ut
501 1312 628 1356 nullo
650 1327 887 1356 armorum
907 1327 1080 1367 genere
1100 1317 1327 1356 hactenus
1354 1315 1618 1367 expugnari
1644 1322 1802 1366 potue-

177 1386 236 1426 rit
258 1398 285 1426 a
306 1387 629 1437 potentissimo
651 1388 799 1438 hoste,
820 1399 875 1428 ac
893 1399 1137 1439 speramus
1153 1389 1280 1428 nulla
1297 1387 1613 1438 longaeuitate
1631 1393 1802 1437 tempo-

177 1457 240 1497 ris
262 1468 400 1508 posse
422 1457 624 1498 dirutum
646 1458 716 1509 iri,
742 1459 780 1499 si
802 1459 988 1510 quidem
1009 1459 1173 1499 mulier
1194 1458 1399 1510 quotidie
1421 1459 1573 1509 magis
1594 1458 1640 1498 in
1661 1458 1802 1498 uirtu—

176 1528 297 1568 tibus
318 1535 363 1568 et
384 1528 628 1569 deuotione
650 1528 845 1581 proficit;
869 1530 1057 1570 domum
1073 1537 1332 1581 praeterea,
1353 1541 1491 1582 quam
1510 1529 1803 1569 incolendam

177 1599 250 1639 uir
269 1599 345 1639 ille
367 1600 540 1639 ascitus
562 1600 603 1639 ei
625 1600 927 1652 conduxerat,
952 1601 1261 1642 renunciauit.

256 1670 422 1723 Judaei
443 1676 539 1710 turn
561 1671 651 1710 duo
674 1683 765 1711 non
787 1672 951 1723 paucis
973 1672 1133 1712 diebus
1155 1685 1181 1712 a
1202 1673 1377 1713 nostris
1398 1673 1660 1712 doctrinam
1686 1671 1802 1712 chri-

180 1742 384 1782 stianam
406 1742 530 1781 docti
551 1741 752 1791 fuerunt,
777 1754 832 1782 ac
854 1743 1042 1783 tandem
1064 1743 1350 1783 christianae
1377 1744 1469 1794 legi
1500 1755 1581 1795 per
1610 1743 1805 1783 sanctis-

178 1812 282 1852 simi
303 1813 587 1852 sacramenti
608 1812 911 1864 Baptismatis
933 1814 1218 1854 ablutionem
1239 1815 1522 1854 christianus
1556 1815 1672 1854 alter
1698 1813 1804 1853 insi-

177 1890 251 1923 tus
268 1883 368 1933 fuit,
389 1884 463 1935 qui
482 1889 526 1923 et
543 1895 683 1934 saepe
701 1885 997 1925 sanctissimo
1016 1886 1117 1925 cibo
1139 1886 1359 1936 uescitur,
1379 1892 1423 1926 et
1441 1886 1584 1925 uerbo
1615 1885 1805 1925 Domini

179 1955 338 1994 alitur:
362 1956 480 1994 alter
503 1962 659 1994 autem
682 1955 924 1996 instruitur
946 1956 1114 2006 adhuc,
1145 1964 1188 1997 et
1216 1969 1322 1997 cum
1348 1958 1549 2008 primum
1578 1957 1804 2006 cognitio-

178 2037 284 2066 nem
307 2038 467 2066 earum
490 2036 661 2074 rerum,
686 2038 805 2078 quae
827 2027 873 2067 in
896 2028 984 2068 hac
1015 2028 1227 2068 doctrina
1257 2028 1535 2080 praesertim
1567 2035 1673 2068 sunt
1704 2040 1804 2079 per-

180 2096 417 2147 discenda,
442 2098 639 2149 adeptus
660 2099 811 2149 fuerit,
836 2099 934 2150 ipse
956 2111 1139 2151 quoque
1160 2100 1438 2151 baptismate
1461 2106 1623 2139 sancto
1652 2100 1804 2139 ablue-

181 2175 272 2218 tur,
297 2169 427 2208 cuius
457 2170 611 2219 gratia
643 2169 795 2210 Deum
825 2170 1077 2211 Dominum
1105 2179 1318 2211 nostrum
1343 2171 1501 2223 Jesum
1532 2171 1628 2210 X.m
1660 2182 1804 2210 exoro

181 2239 281 2278 eius
311 2239 544 2279 desideria
573 2240 679 2280 fidei
706 2241 992 2282 christianae
1023 2249 1360 2282 conseruentur
1391 2249 1435 2282 et
1462 2244 1801 2294 adaugeantur.

260 2308 440 2350 Deinde
462 2311 507 2351 id
524 2311 647 2361 quod
665 2313 803 2362 paulo
820 2319 928 2352 ante
945 2313 1166 2364 euenerit,
1186 2314 1396 2363 multum,
1416 2320 1459 2353 et
1477 2313 1662 2364 quidem
1679 2313 1805 2353 haud

180 2380 279 2420 scio
300 2393 359 2420 an
381 2382 521 2421 etiam
542 2383 693 2433 magis
715 2385 854 2434 q'uam
876 2395 963 2434 ego
985 2385 1141 2424 verbis
1163 2385 1384 2436 consequi
1404 2386 1602 2434 ualeam,
1621 2384 1807 2425 diuinae

183 2450 415 2492 Maiestati
446 2454 678 2504 placuisse
706 2454 863 2494 credo.
895 2455 1014 2495 Nam
1041 2455 1230 2506 quidam
1260 2464 1359 2496 arte
1386 2467 1440 2495 ac
1472 2455 1578 2496 dolo
1606 2462 1649 2496 et
1676 2456 1807 2497 falsis

180 2522 461 2563 daemonum
494 2524 775 2575 imaginibus
809 2525 986 2576 illusus,
1025 2526 1101 2578 qui
1129 2538 1367 2577 nunquam
1399 2527 1652 2578 praeterita
1682 2528 1808 2568 uitae

181 2600 335 2633 aetate
371 2594 551 2646 integre
588 2595 831 2636 confessus
864 2595 1037 2647 fuerat,
1075 2604 1154 2637 aut
1188 2598 1469 2638 uerecundia
1504 2598 1691 2649 insana,
1729 2604 1809 2638 aut

180 2664 333 2704 stultis
355 2665 584 2716 aliquibus
604 2667 967 2717 cogitationibus
989 2668 1216 2719 detentus,
1242 2670 1315 2709 uel
1342 2669 1507 2709 timore
1536 2681 1805 2721 oppressus,

180 2736 275 2775 iam
303 2736 484 2786 integre
513 2736 578 2786 (ut
606 2737 825 2787 creditur)
856 2738 1197 2779 confessionem
1226 2739 1466 2780 confessus
1497 2747 1581 2780 est.
1617 2740 1690 2781 Ex
1719 2752 1809 2792 quo

182 2805 392 2857 profecto
425 2807 644 2858 intelligis
674 2814 897 2857 quantum
928 2808 1155 2850 Dominus
1183 2810 1320 2862 Jesus
1350 2811 1578 2862 singulari
1609 2814 1811 2863 quodam

183 2888 375 2916 munere
404 2877 511 2917 huic
539 2879 757 2918 minimae
794 2878 1016 2920 Societati
1047 2881 1310 2933 impertitus
1340 2882 1502 2933 fuerit,
1532 2890 1579 2923 ut
1609 2884 1656 2924 id
1689 2884 1812 2935 quod

184 2947 306 2986 intra
333 2956 396 2986 tot
420 2960 568 2987 annos
592 2950 745 2989 multis
769 2951 1015 3001 religiosis,
1041 2953 1284 2993 diabolicis
1306 2954 1498 2997 insidiis,
1526 2962 1698 2994 tectum
1720 2954 1810 2994 fuc-
