<?xml version="1.0" encoding="UTF-8"?>
<!DOCTYPE html PUBLIC "-//W3C//DTD XHTML 1.0 Transitional//EN"
    "http://www.w3.org/TR/xhtml1/DTD/xhtml1-transitional.dtd">
<html xmlns="http://www.w3.org/1999/xhtml" xml:lang="en" lang="en">
 <head>
  <title>
</title>
<meta http-equiv="Content-Type" content="text/html;charset=utf-8" />
  <meta name='ocr-system' content='tesseract 3.04.00' />
  <meta name='ocr-capabilities' content='ocr_page ocr_carea ocr_par ocr_line ocrx_word'/>
</head>
<body>
  <div class='ocr_page' id='page_1' title='image "./litteraequadrime15lain_0658.png"; bbox 0 0 2047 3179; ppageno 0'>
   <div class='ocr_carea' id='block_1_1' title="bbox 175 146 1307 191">
    <p class='ocr_par' dir='ltr' id='par_1_1' title="bbox 175 146 1307 191">
     <span class='ocr_line' id='line_1_1' title="bbox 175 146 1307 191; baseline -0.001 -6"><span class='ocrx_word' id='word_1_1' title='bbox 175 146 248 184; x_wconf 82' lang='lat'>652</span> <span class='ocrx_word' id='word_1_2' title='bbox 700 147 927 185; x_wconf 79' lang='lat' dir='ltr'><strong>LlTTERAE</strong></span> <span class='ocrx_word' id='word_1_3' title='bbox 947 157 1307 191; x_wconf 53' lang='lat' dir='ltr'><strong>QUADRIMESTRES</strong></span> 
     </span>
    </p>
   </div>
   <div class='ocr_carea' id='block_1_2' title="bbox 834 598 1169 651">
    <p class='ocr_par' dir='ltr' id='par_1_2' title="bbox 834 598 1169 651">
     <span class='ocr_line' id='line_1_2' title="bbox 834 598 1169 651; baseline -0.003 0"><span class='ocrx_word' id='word_1_4' title='bbox 834 598 1169 651; x_wconf 86' lang='lat' dir='ltr'>CDXXVII</span> 
     </span>
    </p>
   </div>
   <div class='ocr_carea' id='block_1_3' title="bbox 250 834 1260 1079">
    <p class='ocr_par' dir='ltr' id='par_1_3' title="bbox 250 834 1260 1079">
     <span class='ocr_line' id='line_1_3' title="bbox 250 834 802 883; baseline 0.002 -11"><span class='ocrx_word' id='word_1_5' title='bbox 250 835 516 873; x_wconf 82' lang='lat' dir='ltr'>Franciscus</span> <span class='ocrx_word' id='word_1_6' title='bbox 536 834 802 883; x_wconf 84' lang='lat' dir='ltr'><strong>Stephanus,</strong></span> 
     </span>
     <span class='ocr_line' id='line_1_4' title="bbox 298 899 1260 942; baseline -0.002 -4"><span class='ocrx_word' id='word_1_7' title='bbox 298 899 369 937; x_wconf 84' lang='lat' dir='ltr'>Ex</span> <span class='ocrx_word' id='word_1_8' title='bbox 386 900 711 938; x_wconf 82' lang='lat' dir='ltr'><em>commissione</em></span> <span class='ocrx_word' id='word_1_9' title='bbox 734 900 877 937; x_wconf 83' lang='lat' dir='ltr'>Patris</span> <span class='ocrx_word' id='word_1_10' title='bbox 897 899 1079 937; x_wconf 84' lang='lat' dir='ltr'>Antonii</span> <span class='ocrx_word' id='word_1_11' title='bbox 1103 899 1260 942; x_wconf 81' lang='lat' dir='ltr'>Vinck‚</span> 
     </span>
     <span class='ocr_line' id='line_1_5' title="bbox 348 966 936 1014; baseline -0.005 -10"><span class='ocrx_word' id='word_1_12' title='bbox 348 967 464 1004; x_wconf 80' lang='lat' dir='ltr'>Patri</span> <span class='ocrx_word' id='word_1_13' title='bbox 483 966 655 1014; x_wconf 84' lang='lat' dir='ltr'>Ignatio</span> <span class='ocrx_word' id='word_1_14' title='bbox 675 966 728 1003; x_wconf 91' lang='lat' dir='ltr'>de</span> <span class='ocrx_word' id='word_1_15' title='bbox 749 966 936 1013; x_wconf 90' lang='lat' dir='ltr'>Loyola.</span> 
     </span>
     <span class='ocr_line' id='line_1_6' title="bbox 391 1030 1131 1079; baseline -0.003 -11"><span class='ocrx_word' id='word_1_16' title='bbox 391 1032 610 1078; x_wconf 83' lang='lat' dir='ltr'>Messana,</span> <span class='ocrx_word' id='word_1_17' title='bbox 636 1033 679 1068; x_wconf 88' lang='lat'>17</span> <span class='ocrx_word' id='word_1_18' title='bbox 698 1030 973 1079; x_wconf 76' lang='lat' dir='ltr'>Septembris</span> <span class='ocrx_word' id='word_1_19' title='bbox 996 1031 1088 1068; x_wconf 79' lang='lat'>1555</span> <span class='ocrx_word' id='word_1_20' title='bbox 1108 1031 1131 1066; x_wconf 87' lang='lat'>¹.</span> 
     </span>
    </p>
   </div>
   <div class='ocr_carea' id='block_1_4' title="bbox 961 1187 1062 1266">
    <p class='ocr_par' dir='ltr' id='par_1_4' title="bbox 961 1187 1062 1266">
     <span class='ocr_line' id='line_1_7' title="bbox 961 1187 1062 1266; baseline -0.01 0"><span class='ocrx_word' id='word_1_21' title='bbox 961 1187 1062 1266; x_wconf 55' lang='lat' dir='ltr'>ulis</span> 
     </span>
    </p>
   </div>
   <div class='ocr_carea' id='block_1_5' title="bbox 175 1384 1835 2797">
    <p class='ocr_par' dir='ltr' id='par_1_5' title="bbox 176 1384 1833 1582">
     <span class='ocr_line' id='line_1_8' title="bbox 256 1384 1832 1438; baseline -0.001 -11"><span class='ocrx_word' id='word_1_22' title='bbox 256 1387 325 1428; x_wconf 91' lang='lat' dir='ltr'>Ne</span> <span class='ocrx_word' id='word_1_23' title='bbox 346 1388 492 1427; x_wconf 88' lang='lat' dir='ltr'>multa</span> <span class='ocrx_word' id='word_1_24' title='bbox 513 1398 633 1438; x_wconf 85' lang='lat' dir='ltr'>quae</span> <span class='ocrx_word' id='word_1_25' title='bbox 668 1387 787 1427; x_wconf 89' lang='lat' dir='ltr'>alias</span> <span class='ocrx_word' id='word_1_26' title='bbox 811 1387 937 1427; x_wconf 89' lang='lat' dir='ltr'>dicta</span> <span class='ocrx_word' id='word_1_27' title='bbox 973 1392 1098 1436; x_wconf 90' lang='lat' dir='ltr'>sunt,</span> <span class='ocrx_word' id='word_1_28' title='bbox 1135 1385 1237 1426; x_wconf 60' lang='lat' dir='ltr'>Rfle</span> <span class='ocrx_word' id='word_1_29' title='bbox 1264 1385 1311 1426; x_wconf 88' lang='lat' dir='ltr'>in</span> <span class='ocrx_word' id='word_1_30' title='bbox 1346 1385 1533 1426; x_wconf 89' lang='lat' dir='ltr'>Christo</span> <span class='ocrx_word' id='word_1_31' title='bbox 1568 1384 1724 1436; x_wconf 86' lang='lat' dir='ltr'>Pater,</span> <span class='ocrx_word' id='word_1_32' title='bbox 1755 1385 1832 1426; x_wconf 89' lang='lat' dir='ltr'>hic</span> 
     </span>
     <span class='ocr_line' id='line_1_9' title="bbox 177 1456 1833 1510; baseline -0.001 -12"><span class='ocrx_word' id='word_1_33' title='bbox 177 1464 466 1510; x_wconf 78' lang='lat' dir='ltr'>repetantur,</span> <span class='ocrx_word' id='word_1_34' title='bbox 492 1459 531 1499; x_wconf 92' lang='lat' dir='ltr'>si</span> <span class='ocrx_word' id='word_1_35' title='bbox 548 1459 659 1510; x_wconf 86' lang='lat' dir='ltr'>quid</span> <span class='ocrx_word' id='word_1_36' title='bbox 681 1458 912 1499; x_wconf 88' lang='lat' dir='ltr'>habemus</span> <span class='ocrx_word' id='word_1_37' title='bbox 934 1459 1046 1499; x_wconf 90' lang='lat' dir='ltr'>noui</span> <span class='ocrx_word' id='word_1_38' title='bbox 1078 1457 1202 1510; x_wconf 90' lang='lat' dir='ltr'>quod</span> <span class='ocrx_word' id='word_1_39' title='bbox 1223 1456 1272 1498; x_wconf 89' lang='lat' dir='ltr'>P.</span> <span class='ocrx_word' id='word_1_40' title='bbox 1303 1457 1356 1498; x_wconf 93' lang='lat' dir='ltr'>T.</span> <span class='ocrx_word' id='word_1_41' title='bbox 1395 1468 1489 1497; x_wconf 90' lang='lat' dir='ltr'>non</span> <span class='ocrx_word' id='word_1_42' title='bbox 1511 1457 1762 1508; x_wconf 86' lang='lat' dir='ltr'>acceperit,</span> <span class='ocrx_word' id='word_1_43' title='bbox 1786 1457 1833 1497; x_wconf 89' lang='lat' dir='ltr'>id</span> 
     </span>
     <span class='ocr_line' id='line_1_10' title="bbox 176 1528 1479 1582; baseline -0.002 -12"><span class='ocrx_word' id='word_1_44' title='bbox 176 1542 316 1580; x_wconf 91' lang='lat' dir='ltr'>nunc,</span> <span class='ocrx_word' id='word_1_45' title='bbox 341 1542 481 1582; x_wconf 87' lang='lat' dir='ltr'>quam</span> <span class='ocrx_word' id='word_1_46' title='bbox 502 1530 600 1570; x_wconf 88' lang='lat' dir='ltr'>fieri</span> <span class='ocrx_word' id='word_1_47' title='bbox 623 1541 734 1582; x_wconf 87' lang='lat' dir='ltr'>poss</span> <span class='ocrx_word' id='word_1_48' title='bbox 749 1531 783 1571; x_wconf 90' lang='lat' dir='ltr'>it</span> <span class='ocrx_word' id='word_1_49' title='bbox 804 1529 1099 1580; x_wconf 86' lang='lat' dir='ltr'>breuissime,</span> <span class='ocrx_word' id='word_1_50' title='bbox 1123 1528 1372 1570; x_wconf 87' lang='lat' dir='ltr'>dicendum</span> <span class='ocrx_word' id='word_1_51' title='bbox 1394 1534 1479 1568; x_wconf 89' lang='lat' dir='ltr'>est.</span> 
     </span>
    </p>

    <p class='ocr_par' dir='ltr' id='par_1_6' title="bbox 175 1600 1834 2216">
     <span class='ocr_line' id='line_1_11' title="bbox 257 1600 1829 1654; baseline -0.001 -12"><span class='ocrx_word' id='word_1_52' title='bbox 257 1601 432 1643; x_wconf 86' lang='lat' dir='ltr'>Montis</span> <span class='ocrx_word' id='word_1_53' title='bbox 453 1602 611 1654; x_wconf 84' lang='lat' dir='ltr'>(quem</span> <span class='ocrx_word' id='word_1_54' title='bbox 634 1603 780 1653; x_wconf 84' lang='lat' dir='ltr'>vulgo</span> <span class='ocrx_word' id='word_1_55' title='bbox 796 1601 998 1653; x_wconf 71' lang='lat' dir='ltr'>pietatis</span> <span class='ocrx_word' id='word_1_56' title='bbox 1019 1601 1195 1649; x_wconf 90' lang='lat' dir='ltr'>dicunt)</span> <span class='ocrx_word' id='word_1_57' title='bbox 1226 1600 1433 1640; x_wconf 82' lang='lat' dir='ltr'>habuisti</span> <span class='ocrx_word' id='word_1_58' title='bbox 1466 1612 1526 1640; x_wconf 88' lang='lat' dir='ltr'>ex</span> <span class='ocrx_word' id='word_1_59' title='bbox 1541 1600 1716 1640; x_wconf 88' lang='lat' dir='ltr'>nostris</span> <span class='ocrx_word' id='word_1_60' title='bbox 1735 1600 1829 1640; x_wconf 89' lang='lat' dir='ltr'>lite-</span> 
     </span>
     <span class='ocr_line' id='line_1_12' title="bbox 176 1672 1833 1726; baseline -0.001 -12"><span class='ocrx_word' id='word_1_61' title='bbox 176 1674 242 1714; x_wconf 88' lang='lat' dir='ltr'>ris</span> <span class='ocrx_word' id='word_1_62' title='bbox 262 1675 476 1726; x_wconf 82' lang='lat' dir='ltr'>proxime</span> <span class='ocrx_word' id='word_1_63' title='bbox 498 1674 686 1726; x_wconf 89' lang='lat' dir='ltr'>scriptis</span> <span class='ocrx_word' id='word_1_64' title='bbox 707 1674 848 1714; x_wconf 86' lang='lat' dir='ltr'>rudia</span> <span class='ocrx_word' id='word_1_65' title='bbox 887 1673 1120 1725; x_wconf 81' lang='lat' dir='ltr'>quaedam</span> <span class='ocrx_word' id='word_1_66' title='bbox 1146 1672 1279 1713; x_wconf 89' lang='lat' dir='ltr'>initia</span> <span class='ocrx_word' id='word_1_67' title='bbox 1316 1684 1370 1712; x_wconf 89' lang='lat' dir='ltr'>ac</span> <span class='ocrx_word' id='word_1_68' title='bbox 1406 1672 1552 1712; x_wconf 88' lang='lat' dir='ltr'>veluti</span> <span class='ocrx_word' id='word_1_69' title='bbox 1585 1672 1833 1712; x_wconf 87' lang='lat' dir='ltr'>informem</span> 
     </span>
     <span class='ocr_line' id='line_1_13' title="bbox 176 1743 1831 1797; baseline -0.002 -11"><span class='ocrx_word' id='word_1_70' title='bbox 176 1745 392 1786; x_wconf 86' lang='lat' dir='ltr'>formam.</span> <span class='ocrx_word' id='word_1_71' title='bbox 417 1745 567 1797; x_wconf 83' lang='lat' dir='ltr'>Nune,</span> <span class='ocrx_word' id='word_1_72' title='bbox 606 1745 802 1786; x_wconf 88' lang='lat' dir='ltr'>Domini</span> <span class='ocrx_word' id='word_1_73' title='bbox 821 1745 1053 1797; x_wconf 82' lang='lat' dir='ltr'>imprimis</span> <span class='ocrx_word' id='word_1_74' title='bbox 1074 1744 1383 1795; x_wconf 80' lang='lat' dir='ltr'>benignitate,</span> <span class='ocrx_word' id='word_1_75' title='bbox 1409 1755 1520 1783; x_wconf 86' lang='lat' dir='ltr'>mox</span> <span class='ocrx_word' id='word_1_76' title='bbox 1540 1743 1595 1784; x_wconf 90' lang='lat' dir='ltr'>R.</span> <span class='ocrx_word' id='word_1_77' title='bbox 1625 1743 1676 1783; x_wconf 89' lang='lat' dir='ltr'>P.</span> <span class='ocrx_word' id='word_1_78' title='bbox 1695 1743 1831 1783; x_wconf 89' lang='lat' dir='ltr'>Prae·</span> 
     </span>
     <span class='ocr_line' id='line_1_14' title="bbox 175 1814 1834 1869; baseline -0.002 -11"><span class='ocrx_word' id='word_1_79' title='bbox 175 1817 315 1869; x_wconf 89' lang='lat' dir='ltr'>positi</span> <span class='ocrx_word' id='word_1_80' title='bbox 335 1817 349 1836; x_wconf 78' lang='lat'><strong>²</strong></span> <span class='ocrx_word' id='word_1_81' title='bbox 371 1829 484 1858; x_wconf 86' lang='lat' dir='ltr'>cura</span> <span class='ocrx_word' id='word_1_82' title='bbox 506 1824 549 1857; x_wconf 91' lang='lat' dir='ltr'>et</span> <span class='ocrx_word' id='word_1_83' title='bbox 571 1817 695 1869; x_wconf 85' lang='lat' dir='ltr'>apud</span> <span class='ocrx_word' id='word_1_84' title='bbox 716 1817 972 1867; x_wconf 81' lang='lat' dir='ltr'>Proregem</span> <span class='ocrx_word' id='word_1_85' title='bbox 993 1817 1224 1868; x_wconf 91' lang='lat' dir='ltr'>huiusque</span> <span class='ocrx_word' id='word_1_86' title='bbox 1246 1815 1452 1856; x_wconf 87' lang='lat' dir='ltr'>ciuitatis</span> <span class='ocrx_word' id='word_1_87' title='bbox 1474 1815 1725 1866; x_wconf 86' lang='lat' dir='ltr'>primarios</span> <span class='ocrx_word' id='word_1_88' title='bbox 1765 1814 1834 1855; x_wconf 90' lang='lat' dir='ltr'>di-</span> 
     </span>
     <span class='ocr_line' id='line_1_15' title="bbox 178 1886 1832 1941; baseline -0.002 -13"><span class='ocrx_word' id='word_1_89' title='bbox 178 1889 388 1940; x_wconf 88' lang='lat' dir='ltr'>ligentia,</span> <span class='ocrx_word' id='word_1_90' title='bbox 420 1897 613 1941; x_wconf 87' lang='lat' dir='ltr'>coeptus</span> <span class='ocrx_word' id='word_1_91' title='bbox 634 1889 673 1929; x_wconf 88' lang='lat' dir='ltr'>is</span> <span class='ocrx_word' id='word_1_92' title='bbox 694 1895 764 1929; x_wconf 88' lang='lat' dir='ltr'>est</span> <span class='ocrx_word' id='word_1_93' title='bbox 786 1896 830 1929; x_wconf 89' lang='lat' dir='ltr'>et</span> <span class='ocrx_word' id='word_1_94' title='bbox 848 1888 1105 1938; x_wconf 88' lang='lat' dir='ltr'>institutus;</span> <span class='ocrx_word' id='word_1_95' title='bbox 1137 1887 1212 1927; x_wconf 88' lang='lat' dir='ltr'>hic</span> <span class='ocrx_word' id='word_1_96' title='bbox 1232 1893 1360 1927; x_wconf 89' lang='lat' dir='ltr'>certe</span> <span class='ocrx_word' id='word_1_97' title='bbox 1396 1898 1530 1926; x_wconf 91' lang='lat' dir='ltr'>mons</span> <span class='ocrx_word' id='word_1_98' title='bbox 1567 1893 1636 1926; x_wconf 88' lang='lat' dir='ltr'>est</span> <span class='ocrx_word' id='word_1_99' title='bbox 1669 1886 1719 1925; x_wconf 76' lang='lat' dir='ltr'>z&#39;n</span> <span class='ocrx_word' id='word_1_100' title='bbox 1743 1897 1832 1937; x_wconf 77' lang='lat' dir='ltr'>quo</span> 
     </span>
     <span class='ocr_line' id='line_1_16' title="bbox 181 1956 1833 2012; baseline -0.002 -12"><span class='ocrx_word' id='word_1_101' title='bbox 181 1960 522 2012; x_wconf 76' lang='lat' dir='ltr'>beneplacitum</span> <span class='ocrx_word' id='word_1_102' title='bbox 544 1965 615 2002; x_wconf 80' lang='lat' dir='ltr'>est</span> <span class='ocrx_word' id='word_1_103' title='bbox 640 1961 848 2001; x_wconf 77' lang='lat' dir='ltr'>Domino</span> <span class='ocrx_word' id='word_1_104' title='bbox 870 1959 1086 2000; x_wconf 75' lang='lat' dir='ltr'>habitare</span> <span class='ocrx_word' id='word_1_105' title='bbox 1106 1958 1156 1998; x_wconf 77' lang='lat' dir='ltr'>in</span> <span class='ocrx_word' id='word_1_106' title='bbox 1176 1969 1228 1998; x_wconf 81' lang='lat' dir='ltr'>eo</span> <span class='ocrx_word' id='word_1_107' title='bbox 1252 1956 1280 2007; x_wconf 81' lang='lat'>⁵,</span> <span class='ocrx_word' id='word_1_108' title='bbox 1304 1958 1351 1998; x_wconf 90' lang='lat' dir='ltr'>in</span> <span class='ocrx_word' id='word_1_109' title='bbox 1372 1969 1464 2010; x_wconf 91' lang='lat' dir='ltr'>quo</span> <span class='ocrx_word' id='word_1_110' title='bbox 1487 1957 1627 1998; x_wconf 86' lang='lat' dir='ltr'>etiam</span> <span class='ocrx_word' id='word_1_111' title='bbox 1645 1957 1712 2008; x_wconf 89' lang='lat' dir='ltr'>(Vt</span> <span class='ocrx_word' id='word_1_112' title='bbox 1733 1969 1833 2009; x_wconf 83' lang='lat' dir='ltr'>spe-</span> 
     </span>
     <span class='ocr_line' id='line_1_17' title="bbox 178 2028 1832 2083; baseline -0.003 -10"><span class='ocrx_word' id='word_1_113' title='bbox 178 2033 354 2083; x_wconf 83' lang='lat' dir='ltr'>ramus)</span> <span class='ocrx_word' id='word_1_114' title='bbox 379 2032 609 2073; x_wconf 87' lang='lat' dir='ltr'>habitabit</span> <span class='ocrx_word' id='word_1_115' title='bbox 632 2033 678 2073; x_wconf 88' lang='lat' dir='ltr'>in</span> <span class='ocrx_word' id='word_1_116' title='bbox 700 2033 911 2072; x_wconf 87' lang='lat' dir='ltr'>seculum</span> <span class='ocrx_word' id='word_1_117' title='bbox 945 2031 1107 2071; x_wconf 86' lang='lat' dir='ltr'>seculi:</span> <span class='ocrx_word' id='word_1_118' title='bbox 1145 2031 1234 2070; x_wconf 84' lang='lat' dir='ltr'>hoc</span> <span class='ocrx_word' id='word_1_119' title='bbox 1271 2041 1388 2081; x_wconf 90' lang='lat' dir='ltr'>opus</span> <span class='ocrx_word' id='word_1_120' title='bbox 1418 2029 1621 2081; x_wconf 89' lang='lat' dir='ltr'>pietatis,</span> <span class='ocrx_word' id='word_1_121' title='bbox 1658 2034 1709 2069; x_wconf 87' lang='lat' dir='ltr'>vt</span> <span class='ocrx_word' id='word_1_122' title='bbox 1730 2028 1832 2069; x_wconf 90' lang='lat' dir='ltr'>Deo</span> 
     </span>
     <span class='ocr_line' id='line_1_18' title="bbox 179 2100 1832 2156; baseline -0.003 -12"><span class='ocrx_word' id='word_1_123' title='bbox 179 2104 559 2156; x_wconf 86' lang='lat' dir='ltr'>acceptissimum</span> <span class='ocrx_word' id='word_1_124' title='bbox 576 2104 825 2154; x_wconf 90' lang='lat' dir='ltr'>credimus,</span> <span class='ocrx_word' id='word_1_125' title='bbox 845 2103 908 2143; x_wconf 90' lang='lat' dir='ltr'>ita</span> <span class='ocrx_word' id='word_1_126' title='bbox 923 2102 983 2143; x_wconf 92' lang='lat' dir='ltr'>ad</span> <span class='ocrx_word' id='word_1_127' title='bbox 1000 2102 1252 2142; x_wconf 88' lang='lat' dir='ltr'>multorum</span> <span class='ocrx_word' id='word_1_128' title='bbox 1269 2100 1608 2141; x_wconf 85' lang='lat' dir='ltr'>subleuandam</span> <span class='ocrx_word' id='word_1_129' title='bbox 1624 2100 1832 2152; x_wconf 76' lang='lat' dir='ltr'>inopIam</span> 
     </span>
     <span class='ocr_line' id='line_1_19' title="bbox 179 2175 1009 2216; baseline -0.001 -1"><span class='ocrx_word' id='word_1_130' title='bbox 179 2175 487 2216; x_wconf 87' lang='lat' dir='ltr'>Vtilissimum</span> <span class='ocrx_word' id='word_1_131' title='bbox 511 2176 611 2216; x_wconf 85' lang='lat' dir='ltr'>fore</span> <span class='ocrx_word' id='word_1_132' title='bbox 633 2187 728 2215; x_wconf 91' lang='lat' dir='ltr'>non</span> <span class='ocrx_word' id='word_1_133' title='bbox 751 2175 1009 2215; x_wconf 82' lang='lat' dir='ltr'>dubitatur.</span> 
     </span>
    </p>

    <p class='ocr_par' dir='ltr' id='par_1_7' title="bbox 180 2241 1835 2797">
     <span class='ocr_line' id='line_1_20' title="bbox 261 2241 1834 2298; baseline -0.004 -11"><span class='ocrx_word' id='word_1_134' title='bbox 261 2246 478 2287; x_wconf 87' lang='lat' dir='ltr'>Accessit</span> <span class='ocrx_word' id='word_1_135' title='bbox 500 2247 607 2287; x_wconf 85' lang='lat' dir='ltr'>huic</span> <span class='ocrx_word' id='word_1_136' title='bbox 631 2247 707 2298; x_wconf 90' lang='lat' dir='ltr'>pio</span> <span class='ocrx_word' id='word_1_137' title='bbox 730 2246 862 2297; x_wconf 85' lang='lat' dir='ltr'>operi</span> <span class='ocrx_word' id='word_1_138' title='bbox 892 2246 981 2286; x_wconf 92' lang='lat' dir='ltr'>hoc</span> <span class='ocrx_word' id='word_1_139' title='bbox 1002 2257 1163 2285; x_wconf 91' lang='lat' dir='ltr'>mense</span> <span class='ocrx_word' id='word_1_140' title='bbox 1202 2244 1410 2296; x_wconf 82' lang='lat' dir='ltr'>Augusti</span> <span class='ocrx_word' id='word_1_141' title='bbox 1445 2243 1571 2284; x_wconf 87' lang='lat' dir='ltr'>aliud</span> <span class='ocrx_word' id='word_1_142' title='bbox 1599 2241 1834 2294; x_wconf 83' lang='lat' dir='ltr'>quoddam</span> 
     </span>
     <span class='ocr_line' id='line_1_21' title="bbox 181 2314 1835 2370; baseline -0.004 -11"><span class='ocrx_word' id='word_1_143' title='bbox 181 2330 275 2358; x_wconf 93' lang='lat' dir='ltr'>non</span> <span class='ocrx_word' id='word_1_144' title='bbox 296 2319 451 2359; x_wconf 90' lang='lat' dir='ltr'>minus</span> <span class='ocrx_word' id='word_1_145' title='bbox 473 2318 618 2370; x_wconf 82' lang='lat' dir='ltr'>pium,</span> <span class='ocrx_word' id='word_1_146' title='bbox 642 2317 785 2370; x_wconf 89' lang='lat' dir='ltr'>quod,</span> <span class='ocrx_word' id='word_1_147' title='bbox 811 2325 863 2357; x_wconf 90' lang='lat' dir='ltr'>vt</span> <span class='ocrx_word' id='word_1_148' title='bbox 885 2328 1075 2367; x_wconf 91' lang='lat' dir='ltr'>nouum,</span> <span class='ocrx_word' id='word_1_149' title='bbox 1101 2317 1166 2356; x_wconf 85' lang='lat' dir='ltr'>ita</span> <span class='ocrx_word' id='word_1_150' title='bbox 1187 2328 1312 2356; x_wconf 93' lang='lat' dir='ltr'>nouo</span> <span class='ocrx_word' id='word_1_151' title='bbox 1332 2316 1583 2356; x_wconf 89' lang='lat' dir='ltr'>uoluerunt</span> <span class='ocrx_word' id='word_1_152' title='bbox 1606 2314 1835 2366; x_wconf 87' lang='lat' dir='ltr'>appellari</span> 
     </span>
     <span class='ocr_line' id='line_1_22' title="bbox 181 2386 1832 2440; baseline -0.002 -11"><span class='ocrx_word' id='word_1_153' title='bbox 181 2390 428 2440; x_wconf 88' lang='lat' dir='ltr'>uocabulo,</span> <span class='ocrx_word' id='word_1_154' title='bbox 460 2389 723 2430; x_wconf 75' lang='lat' dir='ltr'>Concilium</span> <span class='ocrx_word' id='word_1_155' title='bbox 760 2388 1016 2429; x_wconf 71' lang='lat' dir='ltr'>charitatis</span> <span class='ocrx_word' id='word_1_156' title='bbox 1037 2400 1120 2428; x_wconf 88' lang='lat' dir='ltr'>seu</span> <span class='ocrx_word' id='word_1_157' title='bbox 1152 2387 1370 2437; x_wconf 83' lang='lat' dir='ltr'>officium,</span> <span class='ocrx_word' id='word_1_158' title='bbox 1407 2386 1486 2426; x_wconf 90' lang='lat' dir='ltr'>vbi</span> <span class='ocrx_word' id='word_1_159' title='bbox 1518 2386 1633 2426; x_wconf 90' lang='lat' dir='ltr'>nihil</span> <span class='ocrx_word' id='word_1_160' title='bbox 1653 2396 1832 2436; x_wconf 89' lang='lat' dir='ltr'>eorum,</span> 
     </span>
     <span class='ocr_line' id='line_1_23' title="bbox 180 2457 1829 2513; baseline -0.003 -12"><span class='ocrx_word' id='word_1_161' title='bbox 180 2472 300 2512; x_wconf 90' lang='lat' dir='ltr'>quae</span> <span class='ocrx_word' id='word_1_162' title='bbox 322 2461 381 2501; x_wconf 92' lang='lat' dir='ltr'>ad</span> <span class='ocrx_word' id='word_1_163' title='bbox 402 2461 624 2513; x_wconf 84' lang='lat' dir='ltr'>pietatem</span> <span class='ocrx_word' id='word_1_164' title='bbox 644 2461 895 2512; x_wconf 87' lang='lat' dir='ltr'>pertinent,</span> <span class='ocrx_word' id='word_1_165' title='bbox 919 2459 1164 2500; x_wconf 89' lang='lat' dir='ltr'>omittitur.</span> <span class='ocrx_word' id='word_1_166' title='bbox 1188 2458 1484 2499; x_wconf 88' lang='lat' dir='ltr'>Sanctissimi</span> <span class='ocrx_word' id='word_1_167' title='bbox 1506 2457 1641 2497; x_wconf 91' lang='lat' dir='ltr'>huius</span> <span class='ocrx_word' id='word_1_168' title='bbox 1671 2457 1829 2508; x_wconf 89' lang='lat' dir='ltr'>operis</span> 
     </span>
     <span class='ocr_line' id='line_1_24' title="bbox 183 2527 1835 2583; baseline -0.004 -10"><span class='ocrx_word' id='word_1_169' title='bbox 183 2543 321 2583; x_wconf 91' lang='lat' dir='ltr'>quem</span> <span class='ocrx_word' id='word_1_170' title='bbox 338 2533 588 2573; x_wconf 87' lang='lat' dir='ltr'>credamus</span> <span class='ocrx_word' id='word_1_171' title='bbox 607 2539 850 2573; x_wconf 87' lang='lat' dir='ltr'>auctorem</span> <span class='ocrx_word' id='word_1_172' title='bbox 868 2531 1026 2580; x_wconf 89' lang='lat' dir='ltr'>alium,</span> <span class='ocrx_word' id='word_1_173' title='bbox 1042 2530 1132 2570; x_wconf 85' lang='lat' dir='ltr'>nisi</span> <span class='ocrx_word' id='word_1_174' title='bbox 1147 2529 1299 2570; x_wconf 92' lang='lat' dir='ltr'>Deum</span> <span class='ocrx_word' id='word_1_175' title='bbox 1313 2529 1539 2581; x_wconf 91' lang='lat' dir='ltr'>optimum</span> <span class='ocrx_word' id='word_1_176' title='bbox 1556 2527 1835 2568; x_wconf 85' lang='lat' dir='ltr'>maximum?</span> 
     </span>
     <span class='ocr_line' id='line_1_25' title="bbox 185 2598 1835 2654; baseline -0.003 -11"><span class='ocrx_word' id='word_1_177' title='bbox 185 2602 276 2643; x_wconf 85' lang='lat' dir='ltr'>Sed</span> <span class='ocrx_word' id='word_1_178' title='bbox 297 2609 470 2654; x_wconf 88' lang='lat' dir='ltr'>tamen,</span> <span class='ocrx_word' id='word_1_179' title='bbox 493 2610 544 2644; x_wconf 88' lang='lat' dir='ltr'>vt</span> <span class='ocrx_word' id='word_1_180' title='bbox 568 2616 626 2644; x_wconf 78' lang='lat' dir='ltr'>ex</span> <span class='ocrx_word' id='word_1_181' title='bbox 649 2603 931 2653; x_wconf 89' lang='lat' dir='ltr'>hominibus,</span> <span class='ocrx_word' id='word_1_182' title='bbox 954 2602 1106 2644; x_wconf 88' lang='lat' dir='ltr'>voluit</span> <span class='ocrx_word' id='word_1_183' title='bbox 1128 2612 1312 2641; x_wconf 88' lang='lat' dir='ltr'>summa</span> <span class='ocrx_word' id='word_1_184' title='bbox 1346 2600 1532 2640; x_wconf 90' lang='lat' dir='ltr'>bonitas</span> <span class='ocrx_word' id='word_1_185' title='bbox 1568 2605 1618 2639; x_wconf 88' lang='lat' dir='ltr'>vt</span> <span class='ocrx_word' id='word_1_186' title='bbox 1647 2598 1693 2638; x_wconf 91' lang='lat' dir='ltr'>id</span> <span class='ocrx_word' id='word_1_187' title='bbox 1717 2598 1835 2638; x_wconf 86' lang='lat' dir='ltr'>eius·</span> 
     </span>
     <span class='ocr_line' id='line_1_26' title="bbox 185 2670 1833 2726; baseline -0.002 -13"><span class='ocrx_word' id='word_1_188' title='bbox 185 2674 290 2714; x_wconf 89' lang='lat' dir='ltr'>dem</span> <span class='ocrx_word' id='word_1_189' title='bbox 322 2674 375 2715; x_wconf 89' lang='lat' dir='ltr'>R.</span> <span class='ocrx_word' id='word_1_190' title='bbox 411 2675 460 2715; x_wconf 84' lang='lat' dir='ltr'>P.</span> <span class='ocrx_word' id='word_1_191' title='bbox 493 2674 753 2726; x_wconf 84' lang='lat' dir='ltr'>Praepositi</span> <span class='ocrx_word' id='word_1_192' title='bbox 784 2685 928 2725; x_wconf 88' lang='lat' dir='ltr'>opera</span> <span class='ocrx_word' id='word_1_193' title='bbox 956 2673 1102 2713; x_wconf 89' lang='lat' dir='ltr'>fieret.</span> <span class='ocrx_word' id='word_1_194' title='bbox 1140 2672 1183 2712; x_wconf 89' lang='lat' dir='ltr'>Is</span> <span class='ocrx_word' id='word_1_195' title='bbox 1213 2673 1384 2723; x_wconf 89' lang='lat' dir='ltr'>itaque,</span> <span class='ocrx_word' id='word_1_196' title='bbox 1423 2670 1679 2722; x_wconf 88' lang='lat' dir='ltr'>spiritualis</span> <span class='ocrx_word' id='word_1_197' title='bbox 1709 2681 1833 2710; x_wconf 91' lang='lat' dir='ltr'>com·</span> 
     </span>
     <span class='ocr_line' id='line_1_27' title="bbox 184 2742 1828 2797; baseline -0.002 -13"><span class='ocrx_word' id='word_1_198' title='bbox 184 2745 311 2785; x_wconf 90' lang='lat' dir='ltr'>modi</span> <span class='ocrx_word' id='word_1_199' title='bbox 339 2746 597 2796; x_wconf 85' lang='lat' dir='ltr'>studiosus,</span> <span class='ocrx_word' id='word_1_200' title='bbox 630 2745 899 2797; x_wconf 86' lang='lat' dir='ltr'>frequenter</span> <span class='ocrx_word' id='word_1_201' title='bbox 923 2744 982 2784; x_wconf 87' lang='lat' dir='ltr'>ad</span> <span class='ocrx_word' id='word_1_202' title='bbox 1004 2744 1257 2794; x_wconf 79' lang='lat' dir='ltr'>Proregem</span> <span class='ocrx_word' id='word_1_203' title='bbox 1279 2742 1531 2794; x_wconf 86' lang='lat' dir='ltr'>profectus,</span> <span class='ocrx_word' id='word_1_204' title='bbox 1557 2752 1699 2792; x_wconf 84' lang='lat' dir='ltr'>saepe</span> <span class='ocrx_word' id='word_1_205' title='bbox 1722 2751 1828 2781; x_wconf 86' lang='lat' dir='ltr'>cum</span> 
     </span>
    </p>
   </div>
   <div class='ocr_carea' id='block_1_6' title="bbox 238 2880 1781 3011">
    <p class='ocr_par' dir='ltr' id='par_1_8' title="bbox 238 2880 1781 3011">
     <span class='ocr_line' id='line_1_28' title="bbox 246 2880 946 2917; baseline -0.004 -7"><span class='ocrx_word' id='word_1_206' title='bbox 246 2884 256 2903; x_wconf 93' lang='lat'>¹</span> <span class='ocrx_word' id='word_1_207' title='bbox 297 2883 550 2917; x_wconf 82' lang='lat' dir='ltr'>Autographae</span> <span class='ocrx_word' id='word_1_208' title='bbox 565 2883 598 2909; x_wconf 91' lang='lat' dir='ltr'>in</span> <span class='ocrx_word' id='word_1_209' title='bbox 615 2883 695 2909; x_wconf 89' lang='lat' dir='ltr'>solio</span> <span class='ocrx_word' id='word_1_210' title='bbox 710 2882 820 2912; x_wconf 80' lang='lat' dir='ltr'>unico.</span> <span class='ocrx_word' id='word_1_211' title='bbox 837 2889 868 2908; x_wconf 88' lang='lat' dir='ltr'>n.</span> <span class='ocrx_word' id='word_1_212' title='bbox 883 2880 946 2907; x_wconf 80' lang='lat'>223.</span> 
     </span>
     <span class='ocr_line' id='line_1_29' title="bbox 241 2925 1781 2964; baseline -0.005 -6"><span class='ocrx_word' id='word_1_213' title='bbox 241 2932 254 2950; x_wconf 72' lang='lat'>*-’</span> <span class='ocrx_word' id='word_1_214' title='bbox 293 2930 542 2964; x_wconf 85' lang='lat' dir='ltr'>Intelligendus</span> <span class='ocrx_word' id='word_1_215' title='bbox 558 2930 697 2957; x_wconf 74' lang='lat' dir='ltr'>videtur</span> <span class='ocrx_word' id='word_1_216' title='bbox 713 2928 940 2956; x_wconf 75' lang='lat' dir='ltr'>provincialis</span> <span class='ocrx_word' id='word_1_217' title='bbox 956 2926 1190 2962; x_wconf 71' lang='lat' dir='ltr'>praepositus,</span> <span class='ocrx_word' id='word_1_218' title='bbox 1210 2927 1316 2954; x_wconf 79' lang='lat' dir='ltr'>Pater</span> <span class='ocrx_word' id='word_1_219' title='bbox 1332 2926 1561 2961; x_wconf 78' lang='lat' dir='ltr'>Hieronymus</span> <span class='ocrx_word' id='word_1_220' title='bbox 1574 2925 1781 2952; x_wconf 82' lang='lat' dir='ltr'>Domenech.</span> 
     </span>
     <span class='ocr_line' id='line_1_30' title="bbox 238 2978 557 3011; baseline -0.003 -6"><span class='ocrx_word' id='word_1_221' title='bbox 238 2979 252 2999; x_wconf 80' lang='lat'><strong>³</strong></span> <span class='ocrx_word' id='word_1_222' title='bbox 295 2978 351 3006; x_wconf 85' lang='lat' dir='ltr'>Ps.</span> <span class='ocrx_word' id='word_1_223' title='bbox 367 2985 498 3011; x_wconf 79' lang='lat' dir='ltr'>Lxxvu,</span> <span class='ocrx_word' id='word_1_224' title='bbox 515 2979 557 3004; x_wconf 89' lang='lat'>17.</span> 
     </span>
    </p>
   </div>
  </div>
 </body>
</html>
