2047 3179
261 161 332 197 46&
766 160 996 197 LITTERAE
1023 171 1385 204 QUADRIMESTRES

260 259 433 297 stantia
450 263 638 298 strenue
654 257 877 309 fungitur,
898 258 1108 298 studiosa
1130 257 1360 296 industria
1383 268 1465 296 suo
1484 257 1668 297 muneri
1688 257 1893 298 intentus

260 329 319 369 ad
336 329 656 380 promouenda
678 328 926 369 Societatis
946 329 1151 379 negotia,
1177 334 1315 379 atque
1343 327 1539 379 Collegii
1560 328 1773 368 iacienda
1794 329 1892 368 fun-

259 399 495 450 damenta,
517 399 947 449 Sacramentorum,
967 406 1063 439 tum
1082 398 1406 445 confessionis,
1419 404 1517 439 tum
1534 400 1890 450 communionis,

259 483 412 522 sacro,
443 477 488 511 et
521 472 672 511 sacris
700 477 744 510 et
775 470 995 522 profestis
1027 470 1209 519 diebus,
1242 482 1435 521 operam
1462 471 1579 511 dans
1615 471 1889 521 ministerio,

258 543 471 583 excubiis
507 543 552 582 in
589 542 781 582 aedibus
817 541 1110 581 infirmorum
1139 541 1413 592 inuigilans,
1451 548 1699 593 Vtramque
1740 549 1888 582 custo-

258 614 383 654 diam
406 614 656 665 publicam,
682 613 948 652 vinctorum
966 612 1300 652 consolationis
1318 612 1486 663 studio,
1511 613 1830 664 frequentans,
1850 620 1895 653 et

260 685 305 724 id
326 696 476 736 genus
497 685 586 736 piis
605 684 824 735 operibus
836 684 980 723 animi
999 683 1303 735 corporisque
1320 683 1445 723 vires
1464 690 1586 723 totas
1603 684 1893 735 impendens.

336 756 623 796 Vniuersum
646 767 828 806 quoque
849 754 1048 794 fratrum
1072 755 1334 806 collegium,
1365 761 1589 806 paternae
1621 762 1729 796 tuae
1758 768 1894 807 expe-

259 827 453 868 ctationi
488 826 794 878 respondens,
828 826 982 866 studio
1005 826 1212 866 literario
1236 838 1441 877 suaeque
1468 827 1732 867 vocationis
1760 827 1891 867 sedu-

254 899 327 939 lae
349 899 578 938 functioni
600 898 804 938 deditum
827 903 910 947 est,
931 909 1161 949 prospera
1178 898 1448 938 valetudine
1469 898 1714 938 indefessis
1735 899 1892 950 singu-

255 972 406 1011 lorum
428 970 667 1010 laboribus
695 969 896 1009 fauente.
920 969 1088 1009 Frater
1116 975 1274 1009 noster
1301 968 1506 1021 Jacobus
1535 969 1772 1021 Morellus,
1797 971 1894 1022 phi-

255 1041 525 1093 losophicae
546 1040 727 1092 periodi
746 1046 941 1092 peracto
959 1052 1105 1092 prope
1122 1040 1370 1088 curriculo,
1391 1041 1451 1080 ad
1467 1052 1605 1081 sacra
1629 1041 1893 1093 theologiae

254 1113 408 1153 studia
453 1112 732 1164 accingitur.
774 1110 880 1151 Duo
916 1111 1263 1163 philosophiae,
1301 1112 1484 1162 logicae
1527 1118 1667 1164 atque
1711 1112 1895 1154 ethicae

255 1196 448 1235 operam
469 1190 668 1224 nauant:
694 1183 859 1236 reliqui
881 1184 1176 1235 eloquentiae
1196 1183 1371 1223 latinae
1394 1183 1633 1234 ingenium
1656 1196 1792 1224 omne
1815 1185 1895 1224 im-

253 1256 475 1308 pendunt

335 1327 548 1367 Duorum
570 1327 842 1367 accessione
862 1332 1023 1367 noster
1045 1327 1194 1367 creuit
1224 1338 1460 1377 numerus,
1492 1338 1690 1378 quorum
1716 1333 1760 1368 et
1788 1339 1892 1379 pro-

252 1400 376 1439 bitas
397 1406 441 1439 et
462 1399 584 1439 iusta
606 1410 691 1450 pro
714 1404 868 1438 aetate
892 1398 1091 1438 eruditio
1113 1398 1401 1438 vber1·imam
1422 1398 1478 1438 de
1499 1410 1548 1438 se
1571 1409 1703 1450 spem
1720 1410 1889 1450 sugge-

252 1472 328 1512 rit.
353 1470 485 1511 Alter
507 1470 689 1520 horum,
720 1471 912 1511 natione
947 1470 1186 1521 picardus,
1216 1470 1297 1510 vix
1329 1481 1504 1510 annum
1534 1470 1692 1521 attigit
1721 1471 1893 1522 vigesi-

252 1554 396 1590 mum,
417 1542 773 1582 humanioribus
790 1542 936 1582 literis
954 1541 1107 1582 adhuc
1124 1541 1360 1591 imbuitur,
1380 1547 1565 1592 natura,
1584 1553 1769 1581 morum
1787 1553 1892 1592 gra-

254 1614 417 1663 uitate,
442 1620 485 1653 et
508 1614 720 1665 corporis
743 1614 868 1654 haud
890 1614 1064 1665 exigua
1085 1613 1391 1664 praestantia,
1423 1613 1685 1653 modestam
1705 1625 1819 1664 prae
1841 1625 1893 1653 se

255 1686 345 1726 fert
374 1685 591 1725 indolem.
631 1685 766 1726 Alter
796 1698 926 1733 vero,
957 1685 1112 1737 patria
1148 1684 1452 1734 ebroicensis,
1486 1684 1894 1736 vndeuigesimum

254 1769 429 1797 annum
451 1756 533 1796 vix
555 1757 724 1808 attigit,
750 1769 894 1809 nepos
927 1769 984 1797 ex
1014 1768 1178 1796 sorore
1215 1755 1412 1796 Doctori
1443 1756 1665 1807 theologo
1698 1756 1890 1796 Benedi-

254 1835 346 1879 cto,
370 1828 669 1869 dominicano
707 1828 734 1879 ¹,
764 1828 993 1880 singulari
1019 1828 1195 1879 ingenii
1231 1827 1462 1875 acumine,
1495 1839 1551 1867 ac
1581 1839 1674 1867 non
1704 1827 1894 1878 vulgari

251 1901 297 1941 in
319 1901 634 1941 scholasticae
655 1901 984 1952 disputationis
1007 1900 1234 1940 exercitio
1257 1899 1484 1951 profectu,
1508 1899 1708 1950 insignis
1729 1910 1892 1939 euasu-

252 1983 334 2012 rus
361 1972 682 2024 philosophus.

332 2043 600 2096 Religiosus
622 2043 827 2096 quidam,
853 2043 1145 2095 professione
1165 2042 1503 2092 benedictinus,
1535 2041 1685 2081 sacris
1716 2041 1895 2081 exerci-

251 2116 328 2156 tiis
350 2115 573 2165 eruditus,
599 2116 645 2155 in
669 2126 832 2155 Verum
854 2115 963 2155 Diui
992 2114 1233 2155 Benedicti
1254 2113 1533 2164 discipulum
1565 2113 1729 2162 euasit,
1755 2123 1893 2164 quem

251 2187 475 2238 spiritalis
497 2187 616 2227 lucri
637 2187 982 2226 foeneratorem
1005 2186 1104 2225 fore
1133 2196 1393 2236 speramus.

332 2257 437 2298 Duo
455 2259 664 2298 animum
685 2258 743 2298 ad
765 2258 1027 2297 institutum
1043 2256 1293 2297 Societatis
1310 2256 1731 2308 propensissimum
1748 2267 1892 2307 appu-

251 2330 421 2379 lerunt,
460 2341 661 2381 quorum
682 2340 817 2379 vnus,
842 2328 1078 2368 secundae
1100 2327 1316 2367 licentiae
1346 2327 1709 2376 Baccalaureus‚
1735 2325 1890 2366 decre-

253 2401 336 2450 uit,
362 2407 469 2440 ante
490 2399 741 2441 Societatis
773 2400 1056 2450 ingressum,
1086 2398 1331 2450 periodum
1362 2398 1680 2448 theologicam
1700 2408 1889 2449 percur-

252 2483 372 2523 rere,
390 2472 482 2523 qui,
497 2472 586 2511 nisi
603 2472 811 2512 animum
830 2478 989 2522 mutet,
1005 2482 1091 2511 sua
1109 2469 1369 2510 eruditione
1387 2481 1442 2509 ac
1458 2468 1702 2519 modestia,
1719 2468 1895 2509 Christi

252 2543 455 2593 gloriam
476 2530 1052 2593 illustrabit,Societatem
1074 2541 1329 2589 decorabit,
1357 2552 1412 2580 ac
1434 2540 1580 2580 verbo
1603 2546 1648 2580 et
1672 2540 1888 2590 exemplo

251 2615 410 2654 multis
431 2614 655 2666 prodesse
676 2615 860 2666 poterit.
886 2614 1019 2654 Alter
1036 2613 1253 2665 proximo
1272 2611 1534 2663 Septembri
1552 2611 1750 2651 Romam
1767 2622 1892 2651 com-

252 2688 460 2736 migrare
482 2686 741 2737 proposuit.

333 2756 426 2796 Sub
448 2756 587 2796 finem
608 2756 779 2806 Martii,
801 2768 967 2797 sacrae
991 2755 1284 2796 obedientiae
1306 2754 1605 2804 auctoritate,
1631 2753 1689 2793 ad
1711 2763 1890 2804 pagum

313 2939 320 2957 ¹
360 2938 500 2971 joannis
530 2938 722 2970 Benedicti,
756 2938 849 2972 seim
887 2938 1022 2964 Benoz't.
1060 2938 1142 2965 Vide
1179 2940 1267 2965 inira
1302 2939 1436 2964 litteras
1462 2936 1581 2969 Jacobi
1615 2934 1763 2965 Morelli.
1791 2934 1892 2961 datas

256 2987 309 3013 dic
326 2986 359 3012 27
375 2984 469 3018 julii.
