2047 3179
193 131 261 169 183
706 134 936 173 LlrrERAE
954 146 1312 179 QUADRIMESTRES

272 227 442 270 Sedulo
464 231 605 271 etiam
626 239 696 272 est
712 240 929 273 curatum
945 240 993 273 ut
1011 232 1334 273 huiuscemodi
1349 232 1529 271 belluae
1545 230 1824 270 extermina-

193 307 370 352 rentur,
407 302 454 342 in
481 303 650 354 quibus
677 315 772 344 non
805 310 958 356 potest
987 305 1079 345 dici
1109 304 1246 353 satis,
1283 315 1340 343 ne
1381 301 1585 352 cogitari
1623 300 1825 352 quidem,

193 378 419 423 quantum
447 375 637 416 sceleris
664 382 982 428 quantumque
1009 376 1068 416 sit
1089 376 1233 426 exitii,
1266 374 1433 426 quibus
1462 384 1548 413 nec
1575 372 1623 412 in
1650 372 1828 412 scelere

195 455 280 483 nec
316 445 363 485 in
399 446 566 497 quauis
601 447 855 488 uiolatione
900 447 1014 487 nihil
1053 458 1261 498 unquam
1296 445 1382 485 fuit
1421 443 1574 494 nefas,
1617 454 1834 495 quaeque-

197 516 405 556 omnium
425 517 713 568 flagitiorum
734 529 871 570 seges
891 518 1028 559 facile
1050 518 1250 558 uidetur:
1274 522 1323 556 ut
1345 515 1485 556 etiam
1506 514 1759 555 haereseos
1780 514 1824 553 li·

194 586 266 626 bri
284 586 383 628 fere
403 600 597 629 numero
619 596 805 630 centum
826 591 1226 630 comburerentur:
1250 593 1295 627 et
1318 593 1365 627 ut
1382 592 1547 626 contra
1564 584 1830 625 haereticos

195 658 398 699 edictum
420 660 650 712 ederetur,
684 673 742 701 ne
777 661 882 713 quis
911 673 1005 701 non
1036 660 1214 700 crebris
1241 658 1395 708 modo,
1425 657 1508 697 sed
1534 668 1592 697 ne
1622 656 1830 708 perraris

194 730 381 781 quidem
402 738 649 783 usurparet
667 732 975 782 sermonibus,
999 738 1043 771 et
1065 731 1103 771 si
1124 735 1282 782 posset
1300 729 1415 779 fieri,
1433 740 1584 780 neque
1602 734 1710 768 ante
1723 738 1828 766 ocu-

196 801 266 840 los
299 808 529 853 ponerent
565 801 591 843 ¹.
631 803 757 843 Data
791 803 876 843 fuit
910 803 1051 843 etiam
1086 813 1229 853 opera
1259 807 1308 841 ut
1347 800 1450 851 ipsa
1490 799 1601 840 Dux
1639 798 1831 838 missam

196 873 368 913 audiat.

275 944 389 985 Illud
410 952 656 997 praeterea
677 957 770 987 non
798 947 1049 987 tacendum
1082 945 1283 993 uidetur,
1312 943 1437 994 quod
1465 942 1538 982 his
1566 941 1728 982 diebus
1753 940 1832 980 illa

197 1016 296 1067 ipsa
319 1015 429 1056 Dux
444 1023 490 1057 et
505 1016 627 1057 filiae
643 1023 687 1058 et
704 1017 845 1058 etiam
861 1017 1096 1067 mulieres,
1122 1027 1241 1068 quae
1264 1015 1351 1055 sibi
1367 1013 1574 1066 quotidie
1588 1012 1828 1060 assistunt,

199 1085 324 1127 Patri
344 1093 505 1128 nostro
526 1088 771 1129 confessae
791 1088 994 1139 fuerunt,
1016 1095 1065 1128 ut
1083 1088 1192 1128 dum
1207 1086 1378 1127 festum
1397 1084 1616 1126 Omnium
1637 1082 1830 1124 Sancto-

197 1169 298 1198 rum
321 1159 598 1211 celebratur,
624 1159 747 1200 idem
768 1159 908 1200 Pater
937 1159 1191 1200 celebrauit
1219 1168 1409 1198 sacrum
1437 1156 1485 1196 in
1521 1155 1686 1196 eadem
1707 1155 1830 1203 aula,

198 1234 241 1268 et
268 1230 589 1281 concionatuS‚
626 1231 803 1271 eisdem
837 1230 1174 1272 Sanctissimae
1210 1227 1537 1269 Eucharistiae
1567 1236 1831 1267 sacramen-

198 1306 295 1339 tum
316 1301 614 1352 ministram,
639 1308 683 1342 et
704 1309 931 1354 quantum
965 1302 1198 1342 coniicere
1226 1306 1440 1352 poteram
1472 1299 1672 1350 (semper
1709 1297 1837 1337 enim

198 1370 415 1423 interfui),
440 1373 646 1413 maxima
668 1385 777 1414 cum
797 1374 1063 1414 deuotione.
1093 1373 1231 1413 Vnde
1253 1371 1363 1423 quid
1388 1370 1536 1422 possit
1557 1369 1739 1421 sperari
1761 1369 1834 1419 (ne

196 1442 367 1483 nimius
388 1443 490 1493 sim>
514 1450 659 1495 tuum,
684 1445 736 1485 R.
762 1446 829 1496 P„
854 1446 912 1485 sit
933 1445 1170 1485 iudicium:
1194 1444 1283 1484 hoc
1313 1449 1470 1483 tamen
1492 1442 1617 1482 scias
1642 1440 1767 1492 quod
1787 1440 1834 1480 in

197 1513 296 1554 dies
317 1516 416 1555 eius
438 1523 636 1568 augetur
657 1517 773 1557 fides
793 1524 837 1557 et
855 1518 901 1557 in
917 1517 1090 1558 diuinis
1106 1517 1245 1556 rebus
1266 1515 1500 1555 maximus
1516 1513 1722 1553 cernitur
1743 1511 1834 1552 sru-

198 1589 314 1625 ctus:
339 1586 438 1626 eius
458 1586 580 1628 filiae
601 1600 694 1628 una
715 1599 875 1628 secum
891 1589 1052 1640 legunt
1074 1586 1279 1639 quotidie
1305 1591 1560 1638 praecepta
1593 1584 1837 1624 doctrinae

201 1656 500 1709 christianae,
516 1659 563 1699 in
580 1660 719 1699 rebus
737 1660 887 1700 sacris
900 1660 1206 1700 instituuntur
1223 1658 1365 1699 etiam
1381 1657 1594 1706 ancillae,
1610 1663 1656 1696 et
1673 1666 1836 1695 omnes

199 1728 396 1781 denique
416 1730 650 1781 mulieres,
676 1742 794 1783 quae
815 1743 976 1771 secum
997 1730 1225 1771 habitant.
1258 1729 1379 1770 Reus
1399 1734 1559 1769 noster
1588 1727 1729 1768 Pater
1749 1726 1836 1766 sin-

198 1800 320 1851 gulis
350 1801 511 1842 diebus
533 1802 592 1842 ad
613 1814 718 1843 eam
738 1814 788 1843 se
809 1803 1004 1853 confert,
1029 1803 1084 1843 de
1105 1803 1245 1842 rebus
1276 1800 1336 1841 ad
1355 1811 1519 1841 ueram
1538 1799 1676 1839 fidem
1697 1796 1834 1850 perti·

200 1872 416 1912 nentibus
439 1884 597 1913 secum
620 1880 826 1924 acturus;
851 1881 895 1915 et
926 1874 999 1914 his
1025 1873 1306 1925 praesertim
1332 1872 1497 1912 diebus
1523 1871 1571 1910 in
1598 1870 1697 1910 eius
1728 1868 1837 1909 aula

200 1943 477 1984 concionem
523 1945 757 1996 (priuatas
798 1945 1162 1996 praetermitto),
1209 1956 1301 1984 non
1347 1943 1509 1995 paucis
1554 1940 1833 1990 astantibus,

199 2013 254 2054 de
284 2014 361 2054 illo
391 2016 588 2056 articulo
610 2016 716 2056 fidei
750 2016 858 2056 inde
886 2017 1039 2057 ueniet
1065 2016 1294 2066 indicare,
1324 2021 1429 2065 etc.,
1461 2013 1731 2054 doctissime
1758 2012 1837 2052 ha-

198 2086 309 2126 buit.
346 2086 417 2127 De
451 2087 538 2137 his,
576 2088 663 2128 etsi
696 2100 790 2128 non
826 2095 874 2128 ut
910 2100 984 2128 res
1021 2088 1150 2139 ipsae
1185 2087 1491 2138 requirerent,
1529 2085 1648 2125 haec
1678 2090 1843 2124 tamen

199 2159 373 2200 dixisse
400 2158 610 2209 sufficiet,
637 2171 691 2199 eo
723 2160 876 2211 magis
907 2160 1030 2210 quod
1051 2160 1274 2199 nonnulla
1297 2171 1324 2198 a
1344 2157 1447 2198 R’.d0
1461 2157 1511 2197 P.
1543 2156 1742 2197 Rectore
1765 2167 1841 2195 ac-

202 2242 410 2282 ceperas

279 2303 542 2343 Instituitur
558 2302 807 2343 Ferrarien
816 2304 879 2343 sis
896 2303 1114 2343 iuventus
1133 2309 1176 2343 et
1193 2302 1240 2342 in
1257 2302 1426 2342 litteris
1442 2308 1487 2341 et
1508 2301 1555 2340 in
1571 2300 1838 2349 uirtutibus,

204 2374 262 2414 ad
283 2385 399 2425 quas
421 2374 630 2426 quotidie
659 2386 752 2414 non
786 2386 954 2426 parum
982 2374 1332 2427 progressionis
1368 2372 1562 2413 faciunt.
1595 2371 1769 2412 Omnes
1796 2376 1840 2410 et

205 2445 366 2485 Patres
387 2451 432 2485 et
452 2445 625 2485 fratres
646 2446 821 2497 valent,
847 2457 1045 2498 quorum
1063 2446 1259 2497 quisque
1278 2445 1324 2484 in
1341 2444 1413 2484 his
1430 2456 1479 2484 se
1496 2449 1701 2492 exercet,
1721 2453 1843 2493 quae

203 2516 260 2555 ab
282 2516 545 2556 obedientia
568 2517 654 2557 sibi
676 2517 992 2569 imponuntur.

285 2587 510 2639 Cupimus
534 2593 577 2628 te
601 2600 786 2640 quoque
808 2600 900 2628 una
923 2600 1030 2629 cum
1052 2589 1157 2629 aliis
1187 2589 1360 2639 ualere,
1393 2597 1592 2640 quorum
1620 2585 1842 2625 orationi-

205 2659 289 2698 bus
310 2670 396 2699 nos
413 2659 765 2699 commendatos
786 2661 1016 2710 uolumus;
1043 2671 1133 2712 quo
1158 2661 1377 2712 dignetur
1393 2657 1622 2699 Dominus
1638 2656 1843 2708 gratiam

207 2741 343 2770 suam
360 2729 457 2770 eius
474 2730 625 2770 seruis
641 2731 975 2781 transmittere,
994 2738 1043 2771 ut
1062 2731 1301 2772 ardentius
1319 2737 1364 2771 et
1378 2728 1670 2781 frequentius
1690 2727 1844 2779 parati

265 2915 275 2934 ¹
315 2914 377 2942 che
393 2915 513 2946 niuno,
529 2922 596 2942 non
609 2916 806 2943 solamente
822 2917 1069 2951 nonparlasse
1083 2917 1121 2944 di
1135 2917 1290 2949 heresin,
1307 2924 1364 2944 ma
1380 2917 1431 2950 (se
1445 2915 1527 2950 fare
1542 2915 1575 2941 si
1586 2913 1761 2949 puotessi)
1777 2920 1848 2940 non

209 2964 244 2990 si
256 2967 443 2998 pensasse.
462 2962 514 2990 Ita
530 2963 682 2990 italicum
699 2965 890 2998 exemplum
907 2965 995 2992 infra
1011 2965 1249 2993 exhibendum.
