2047 3179
182 128 268 167 ..130
712 126 941 164 LITTERAE
960 136 1322 169 QUADRIMESTRES

196 224 393 274 uocant)
416 223 612 273 auditi03
637 229 812 274 quanto
835 221 988 262 studio
1014 221 1168 262 danda
1188 222 1246 261 sit
1267 232 1431 272 opera,
1456 230 1513 259 ne
1546 218 1734 259 assiduo
1757 220 1841 259 lia-⁷

194 308 298 336 rum
319 307 475 336 rerum
497 306 583 334 usu
600 294 886 342 reuerentia,
911 293 1053 333 tantis
1075 293 1214 333 rebus
1236 291 1405 339 debita,
1431 289 1750 330 imminuatur:
1775 291 1833 331 ad

196 368 284 409 hoc
306 378 419 407 uero
442 366 488 406 id
519 377 664 405 unum
686 376 788 405 esse
814 363 1094 414 remedium,
1116 370 1164 403 ut
1187 363 1382 414 quisque
1404 372 1564 401 secum
1584 361 1632 401 in
1658 361 1830 411 animo,

195 439 467 490 priusquam
489 437 545 477 de
576 436 783 488 peccatis
810 435 1111 485 confiteatur,
1142 440 1220 474 aut
1249 440 1462 472 sanctam
1496 432 1833 473 eucharistiam

196 509 444 561 suscipiat,
475 508 636 560 quanti
670 508 728 547 sit
756 507 978 547 momenti
1000 505 1124 558 quod
1146 511 1215 545 est
1243 504 1455 544 facturus
1475 502 1726 554 expendat:
1750 503 1829 555 qui

195 581 311 621 haec
345 579 788 632 praemeditaretur,
822 578 945 618 hunc
980 587 1218 628 nunquam
1250 575 1514 614 diuinarum
1548 585 1721 626 rerum,
1747 581 1827 615 aut

192 652 451 692 studiosum
492 662 657 702 parum
681 683 687 700 ,
739 657 818 690 aut
861 661 1028 700 parum
1072 653 1363 687 reuerentem
1404 645 1676 686 earumdem
1724 657 1830 686 con—

192 723 437 763 suetudine
459 722 686 771 futurum;
712 721 817 772 quia
854 720 900 760 id
934 720 1090 760 facere
1127 719 1438 769 pigraremur,
1477 717 1667 757 euenire
1689 728 1830 769 saepe

192 802 239 834 ut
262 795 361 845 ipse
382 805 495 834 usus
516 792 912 843 contemptionem
929 797 1166 831 tantarum
1183 799 1340 828 rerum
1358 786 1541 828 efficiat.
1562 787 1698 828 Alius
1716 800 1831 828 uero

192 877 277 906 sua
299 865 510 906 oratione
533 864 751 914 docebat,
776 863 884 915 quia
905 863 1047 913 uulgo
1077 861 1289 901 homines
1311 859 1459 899 uitam
1487 870 1621 900 suam
1650 871 1829 912 suaque

191 937 315 977 facta
337 936 493 976 omnia
514 934 792 987 quibusdam
814 945 898 974 ceu
920 933 1133 973 lancibus
1168 943 1260 971 non
1290 931 1566 982 ponderent,
1603 936 1651 971 ut
1685 931 1821 972 facile

192 1008 247 1048 de
269 1007 510 1059 proposita
532 1005 763 1046 sententia
784 1005 1098 1056 depellantur,
1123 1014 1263 1055 quam
1284 1003 1422 1054 paulo
1445 1008 1566 1053 ante,
1599 1003 1725 1054 quod
1750 1003 1828 1043 ho-

189 1085 321 1119 nesta
342 1085 485 1127 esset,
510 1076 779 1117 auidissime
798 1075 983 1116 fuerant
1005 1074 1222 1126 amplexi.
1249 1073 1380 1125 Quae
1408 1073 1474 1113 illi
1503 1073 1825 1125 superioribus

191 1150 353 1191 diebus
381 1150 426 1189 in
462 1148 703 1189 doctrinae
740 1147 1026 1188 christianae
1061 1145 1337 1186 lectionibus
1372 1157 1478 1185 cum
1513 1145 1827 1196 accepissent,

191 1221 312 1272 inde,
333 1232 417 1261 sua
435 1226 615 1272 sponte,
637 1219 1037 1270 praeceptoribus,
1058 1229 1206 1269 neque
1228 1217 1274 1257 id
1291 1215 1561 1268 jubentibus
1583 1228 1733 1267 neque
1751 1217 1828 1257 ad-

191 1292 505 1341 monentibus,
531 1291 590 1331 ad
611 1302 721 1330 suas
745 1290 1065 1330 oratiunculas
1087 1288 1413 1329 traduxerunt.
1440 1287 1570 1339 Quae
1592 1299 1668 1328 res
1690 1299 1829 1339 argu-

192 1370 351 1404 mento
373 1369 456 1413 est,
482 1363 586 1402 illos
613 1369 657 1402 et
687 1362 876 1402 attentis
899 1361 1067 1401 animis
1095 1361 1259 1400 adesse
1282 1359 1538 1410 doctrinae,
1564 1366 1608 1400 et
1629 1371 1831 1411 magnos

192 1447 251 1475 ex
277 1446 331 1475 ea
354 1434 534 1474 fructus
555 1434 813 1486 percipere.

272 1505 419 1555 Multi,
439 1517 533 1545 non
551 1504 758 1546 contenti
775 1504 1145 1544 confessionibus
1163 1503 1429 1554 menstruiS,
1450 1508 1621 1543 octauo
1645 1514 1830 1554 quoque

191 1578 264 1619 die
281 1578 327 1617 in
344 1578 520 1617 sacello
539 1582 717 1627 nostro,
737 1576 793 1616 de
811 1576 1029 1616 admissis
1047 1575 1255 1627 peccatis
1271 1573 1560 1625 confitentes,
1580 1585 1828 1614 sacrosan-

192 1656 316 1691 ctam
347 1649 696 1689 Eucharistiam
720 1648 969 1699 accipiunt.
1004 1647 1172 1698 Lapsis
1202 1653 1359 1686 autem
1389 1646 1574 1697 diebus,
1606 1657 1712 1686 cum
1733 1646 1829 1697 qui-

192 1722 301 1762 dam
334 1722 481 1762 frater
511 1719 684 1771 januae
707 1718 973 1770 praefectus
994 1725 1116 1758 esset
1146 1718 1204 1758 ad
1235 1724 1432 1769 tempus,
1470 1728 1590 1757 unus
1619 1717 1674 1757 de
1696 1717 1829 1757 scho-

192 1794 370 1834 lasticis
386 1791 600 1841 accessit,
618 1802 753 1842 quem
772 1802 876 1830 cum
893 1790 968 1829 ille
982 1789 1233 1829 admonere
1251 1789 1404 1839 uellet,
1419 1795 1483 1837 ut,
1504 1800 1623 1840 quae
1637 1788 1683 1828 in
1696 1787 1829 1828 scho—

189 1865 244 1905 lis
266 1864 508 1904 doctrinae
529 1868 736 1913 tempore
759 1860 961 1910 audiret,
986 1873 1040 1900 ea
1062 1859 1187 1900 domi
1208 1860 1325 1899 alios
1346 1860 1559 1910 doceret,
1599 1859 1829 1910 comperit

190 1936 343 1986 ipsum
364 1934 561 1986 singulis
583 1932 745 1973 diebus
766 1931 1012 1972 dominicis
1034 1931 1185 1981 fateri,
1210 1931 1269 1972 ad
1291 1931 1556 1988 doctrinam
1586 1942 1699 1971 uero
1722 1942 1828 1971 cum

190 2012 323 2058 patre
344 2006 481 2046 simul
496 2010 541 2045 et
558 2003 656 2055 ejus
673 2003 848 2043 famulo
866 2003 1041 2053 uenire,
1066 2009 1204 2054 atque
1227 2013 1390 2042 omnes
1402 2001 1528 2042 domi
1550 2008 1713 2054 postea
1733 2013 1827 2042 ma-

190 2079 248 2119 tri
269 2090 328 2118 ex
348 2077 548 2117 lectione
569 2075 828 2125 doctrinae,
853 2086 971 2126 quae
993 2075 1187 2126 quisque
1223 2074 1538 2125 meminisset,
1570 2085 1823 2126 exponere.

193 2150 319 2190 Laus
334 2147 554 2189 Domino.

268 2219 426 2260 Alium
442 2230 627 2271 quoque
650 2218 828 2269 accepi,
853 2228 959 2257 cum
977 2217 1180 2269 quinque
1201 2218 1276 2257 uel
1296 2228 1528 2257 summum
1551 2227 1635 2257 sex
1659 2216 1758 2256 dies
1781 2217 1826 2256 in

189 2291 259 2331 1115
280 2291 452 2331 56110115
472 2295 690 2330 uersatus
706 2294 849 2339 esset,
875 2288 1103 2340 quosdam
1125 2289 1358 2337 homines,
1390 2300 1507 2340 quos
1529 2288 1576 2328 in
1601 2287 1708 2328 uico
1735 2288 1824 2328 iur-

187 2368 357 2413 gantes
377 2361 650 2413 reperisset,
675 2361 721 2400 in
758 2367 967 2401 mutuam
1002 2361 1207 2411 gratiam
1238 2360 1498 2400 reduxisse.
1535 2359 1675 2399 Faxit
1695 2359 1825 2399 Deus

186 2440 235 2473 ut
257 2440 300 2473 et
322 2433 551 2472 bonarum
572 2443 729 2472 rerum
751 2431 936 2480 studiis,
961 2438 1005 2471 et
1032 2443 1226 2472 numero
1255 2432 1378 2483 ipso,
1412 2436 1644 2471 crescant.
1676 2429 1825 2481 Quem

186 2515 429 2544 numerum
450 2503 521 2542 his
543 2503 602 2542 ad
623 2509 666 2542 tc
689 2503 850 2553 literis,
880 2502 981 2542 R.de
1006 2502 1160 2554 Pater,
1183 2515 1277 2543 non
1297 2502 1555 2555 perscribo,
1585 2501 1695 2553 quia
1717 2499 1824 2541 finis

185 2575 436 2615 lectionum
457 2574 593 2614 huius
615 2574 723 2613 anni
745 2586 848 2614 cum
868 2574 1029 2624 instet,
1055 2574 1133 2614 alii
1154 2586 1202 2615 se
1221 2575 1267 2615 in
1286 2573 1488 2626 patriam
1505 2573 1821 2622 contulerunt,

149 2690 157 2698 ⁶
185 2645 263 2685 alii
298 2645 472 2685 morbis
507 2645 840 2696 impediuntur:
879 2646 1036 2697 itaque
1073 2658 1166 2686 non
1202 2657 1363 2686 omnes
1397 2644 1701 2696 gymnasium
1737 2642 1823 2683 fre-

183 2722 432 2768 quentant,
455 2727 604 2767 neque
626 2721 755 2755 certo
779 2716 889 2756 sciri
911 2722 1063 2768 potest
1085 2729 1247 2757 eorum
1269 2727 1507 2757 numerus.

263 2787 454 2827 Ineunte
476 2786 679 2835 octobri,
710 2787 819 2826 sciri
842 2788 1027 2838 poterit,
1051 2794 1096 2829 et
1126 2787 1215 2828 Dei
1241 2787 1398 2839 gratia
1428 2787 1487 2827 ad
1515 2792 1583 2835 te,
1609 2785 1710 2826 Rde
1740 2785 1824 2826 Pa-

180 2864 272 2909 ter,
297 2857 627 2910 perscribetur.
650 2857 750 2896 Hoc
774 2858 957 2899 interim
986 2860 1170 2911 accipe,
1204 2864 1404 2910 augusto
1434 2858 1523 2898 hoc
1557 2858 1823 2909 complures

179 2940 330 2969 novos
352 2928 649 2977 confluxisse,
676 2940 729 2968 ac
753 2940 942 2979 sperare
966 2942 1050 2989 nos
1078 2932 1218 2982 longe
1246 2931 1388 2971 etiam
1409 2930 1566 2982 plures
1589 2940 1691 2969 esse
1714 2941 1822 2969 uen-
