2047 3179
229 156 299 193 470
740 159 967 197 LITTERAE
994 170 1352 202 QUADRIMESTREs

222 254 370 293 nostri
401 266 657 296 consensus
685 267 741 296 ac
768 255 985 297 Curionis
1013 257 1292 308 supplicatio
1322 256 1614 297 confirmant.
1646 257 1748 309 Qua
1777 259 1857 298 via

224 324 440 366 effectum
475 332 545 366 est
571 333 621 367 vt
649 328 877 379 reliquum
908 324 1301 380 quadragesimae
1330 327 1378 367 in
1411 328 1499 367 hoc
1528 338 1651 379 pago
1680 335 1855 369 transe-

224 396 390 446 gerim,
427 398 573 437 verbo
607 397 695 438 Dei
730 399 1012 450 inuigilans,
1052 397 1175 450 quod
1210 397 1388 438 efficaci
1426 399 1630 450 quadam
1664 400 1856 451 energia

226 468 476 509 multorum
497 469 678 509 animos
700 470 852 519 euicit,
878 469 1189 522 affectumque
1211 471 1418 510 omnium
1438 470 1551 510 mihi
1570 470 1853 511 conciliauit.

303 539 482 579 Diebus
503 540 666 591 sacris,
691 541 840 580 tribus
862 541 909 580 in
929 540 1066 592 pagis
1087 541 1359 592 plerumque
1381 541 1713 592 concionabar,
1748 553 1857 582 raro

226 610 407 651 duobus
428 612 543 651 locis
561 618 822 652 contentus.
846 611 979 652 Multi
996 613 1140 652 multa
1162 612 1357 652 mirifico
1380 612 1547 652 affectu
1570 613 1851 664 obtulerunt,

223 693 358 733 quae,
382 694 468 733 pro
490 681 738 723 Societatis
759 683 989 733 instituto,
1022 694 1263 732 recusans,
1294 683 1339 723 in
1369 683 1624 723 maximam
1655 683 1852 724 admira-

224 753 400 793 tionem
429 760 527 793 tum
560 754 738 794 nobiles
782 760 880 794 tum
923 755 1174 805 populares
1215 755 1364 806 rapui.
1407 753 1558 805 Quam
1598 754 1855 795 honorifice

225 825 350 875 apud
370 825 455 864 hos
478 823 692 865 Societas
713 825 802 865 hac
823 826 925 865 sola
955 825 1205 865 occasione
1236 826 1412 875 audiat,
1445 826 1615 865 mirum
1646 831 1734 866 est.
1757 826 1851 867 Uti-

223 907 334 936 nam
354 896 644 947 frequentior
674 897 721 936 in
755 897 845 937 hoc
875 904 1036 937 nostro
1065 897 1274 948 Collegio
1303 897 1692 937 concionatorum
1719 897 1854 949 copia

225 966 313 1007 has
335 968 561 1008 coelestes
583 968 846 1008 animorum
869 981 981 1020 opes
1004 969 1330 1020 locupletaret!

302 1038 439 1079 Alter
458 1039 774 1090 Vicariorum‚
800 1040 873 1079 vir
894 1040 1084 1092 probus,
1109 1044 1215 1080 cum
1233 1040 1333 1091 ipso
1350 1040 1718 1091 Ludimagistro,
1740 1041 1853 1092 opti-

222 1122 328 1150 mae
349 1110 517 1150 indolis
535 1121 590 1150 ac
607 1111 761 1151 dextri
777 1111 953 1162 ingenii
971 1111 1267 1151 adolescente
1290 1111 1546 1162 vicenario,
1567 1122 1705 1151 sacra
1721 1123 1851 1152 exer-

224 1181 334 1221 citia
354 1181 511 1221 subire
532 1182 805 1234 propediem
826 1182 1049 1233 decreuit,
1071 1193 1304 1234 propenso
1328 1182 1483 1222 animo
1514 1193 1629 1233 erga
1651 1181 1855 1223 Societa-

219 1253 280 1293 tis
300 1252 562 1293 institutum
584 1253 793 1294 affectus.
817 1254 919 1294 Deo
937 1254 1088 1294 honor
1109 1261 1153 1294 et
1178 1254 1345 1305 gloria.

298 1323 737 1365 Reuerendissimus
781 1324 1048 1366 Cardinalis
1091 1325 1412 1376 Lotharingus
1450 1325 1459 1344 ¹
1492 1337 1518 1365 a
1555 1325 1758 1366 Domino
1798 1326 1860 1366 du

219 1394 364 1445 Mont‚
387 1395 649 1436 libellorum
671 1397 910 1447 regiorum
925 1396 1180 1448 praefectO,
1205 1397 1424 1447 monitus,
1448 1409 1585 1437 omne
1601 1396 1851 1438 Societatis

221 1467 535 1518 patrocinium
557 1468 681 1520 apud
701 1467 900 1519 Regiam
930 1468 1226 1509 Maiestatem
1247 1469 1480 1520 pollicitus
1502 1469 1635 1509 nobis
1658 1475 1741 1509 est.

300 1538 738 1580 Reuerendissimus
760 1539 975 1580 Pontifex
997 1540 1361 1581 Clarmontanus
1382 1540 1395 1558 ²
1417 1540 1677 1591 Collegium
1698 1539 1855 1581 Socie-

219 1611 308 1650 tati
329 1612 375 1650 in
397 1610 657 1651 Academia
678 1611 964 1662 Billomensi,
994 1624 1105 1652 mox
1134 1612 1213 1652 vbi
1235 1612 1406 1652 fratres
1435 1611 1636 1652 Romam
1667 1613 1854 1663 appule-

221 1681 329 1731 rint,
353 1682 562 1733 polliceri
583 1689 871 1734 perseuerat‚
895 1683 1059 1734 hisque
1081 1682 1243 1723 diebus
1264 1683 1510 1734 proximis,
1534 1683 1621 1723 iter
1642 1684 1689 1723 in
1719 1694 1856 1723 suam

217 1753 470 1793 dioecesim
492 1753 745 1803 adornans,
769 1766 842 1794 me
864 1754 951 1794 sibi
973 1754 1191 1794 comitem
1213 1766 1239 1794 a
1269 1754 1409 1794 Patre
1431 1754 1698 1805 postulauit,
1722 1760 1774 1794 vt
1796 1754 1854 1794 ab

214 1825 316 1876 ipso
353 1825 636 1865 sacerdotali
671 1825 901 1876 dignitate
938 1826 1204 1877 insignitus,
1241 1825 1556 1877 professorem
1584 1826 1854 1876 theologum

215 1896 443 1948 simulque
478 1897 797 1937 Ecclesiasten
828 1897 891 1937 ibi
927 1908 1068 1948 agam
1100 1898 1441 1948 euangelicum;
1473 1897 1606 1937 cuius
1636 1896 1853 1948 precibus

221 1967 362 2007 Pater
383 1967 669 2020 suffragatus
691 1976 775 2020 est,
799 1981 857 2009 ex
879 1967 927 2009 Ρ.
948 1969 1000 2009 T.
1024 1969 1234 2009 arbitriO.

298 2039 372 2079 Ab
395 2038 685 2080 aduersariis
707 2039 832 2080 haud
862 2041 990 2080 leues
1010 2040 1213 2092 patimur
1236 2040 1422 2081 interim
1442 2041 1655 2091 insultus,
1681 2041 1849 2093 quibus

219 2123 246 2150 a
267 2110 369 2150 Deo
393 2111 569 2163 optimo
592 2123 776 2151 omnem
798 2123 974 2152 noxam
996 2112 1180 2162 ignosci
1201 2111 1526 2163 efflagitamus,
1552 2118 1679 2152 certa
1703 2112 1845 2152 etiam

214 2194 297 2234 spe
318 2181 426 2222 freti
448 2182 639 2223 tandem
660 2183 867 2223 faustum
890 2189 958 2223 tot
975 2183 1191 2224 laborum
1210 2183 1349 2224 finem
1372 2183 1530 2224 affore.
1554 2183 1658 2224 Non
1680 2184 1848 2224 medio-

212 2254 356 2294 criter
372 2266 487 2294 vero
500 2255 647 2295 literis
660 2254 964 2295 Paternitatis
977 2261 1098 2306 tuae,
1114 2255 1382 2306 nuperrime
1394 2255 1617 2306 acceptis,
1632 2255 1850 2306 recreati,

213 2332 366 2366 macte
388 2326 561 2366 uirtute
583 2326 789 2377 negotia,
813 2326 1115 2378 quantumuis
1137 2327 1307 2377 ardua,
1332 2326 1650 2378 aggredimur,
1683 2326 1851 2378 quibus

216 2397 310 2437 iam
332 2396 455 2437 R.‘³1¹S
479 2397 617 2438 Pater
639 2404 800 2438 noster
822 2398 1024 2448 insudat,
1054 2397 1192 2438 hodie
1219 2397 1352 2438 Rmo.
1378 2397 1632 2447 Cardinali,
1656 2398 1850 2438 huiusce

214 2469 407 2520 negotii,
433 2468 555 2521 quod
578 2482 604 2509 a
627 2468 737 2509 Rstia
765 2475 846 2509 tua
868 2470 1150 2520 imperatum
1170 2476 1256 2520 est,
1281 2470 1483 2520 nomine,
1510 2469 1678 2509 litteris
1699 2474 1851 2520 pater·

216 2540 380 2580 nitatis
400 2547 509 2580 tuae
531 2539 716 2580 traditis
744 2539 772 2591 ³,
806 2540 883 2591 qui
903 2539 1092 2580 Patrem
1120 2547 1332 2581 nostrum
1362 2540 1697 2580 humanissime
1718 2552 1854 2580 exce-

273 2699 284 2719 1
325 2699 469 2727 Carolus
485 2701 524 2727 de
540 2700 654 2727 Guise.

272 2747 287 2766 2
325 2747 514 2775 Gulielmus
528 2748 571 2775 du
587 2748 683 2775 Prat.

270 2793 284 2813 5
321 2793 440 2821 Eritne
455 2795 509 2821 hic
524 2802 636 2822 sermo
652 2795 691 2822 de
709 2795 833 2830 Ignatii
850 2795 988 2828 litteris,
1014 2803 1098 2830 quas
1119 2795 1226 2822 habes
1247 2796 1280 2823 in
1305 2795 1429 2822 Cat-tas
1449 2796 1492 2823 de
1516 2795 1588 2822 San
1612 2796 1766 2829 Jgnacio,
1781 2800 1805 2823 t,
1821 2803 1854 2829 v,

212 2848 292 2875 pag.
309 2842 369 2876 124,
384 2842 451 2869 363?
468 2842 533 2869 Sed
550 2843 593 2869 1.⁰
609 2843 642 2870 in
655 2843 724 2870 illis
738 2843 866 2870 litteris
885 2843 924 2870 de
940 2844 1031 2871 nullo
1048 2844 1185 2877 negotio
1200 2843 1236 2870 fit
1258 2844 1397 2874 mentio,
1413 2843 1501 2877 quod
1516 2845 1558 2870 ab
1580 2843 1715 2876 Ignatio
1740 2844 1852 2877 impe-

217 2891 336 2916 ratum
353 2890 415 2922 sits
430 2894 463 2916 et
484 2889 529 2916 2.0
557 2891 695 2924 longum
719 2891 818 2917 nimis
842 2891 983 2918 videtur
1008 2892 1162 2925 elapsum
1184 2896 1315 2925 tempus
1337 2899 1356 2918 a
1373 2891 1424 2918 die
1450 2891 1483 2917 13
1504 2890 1631 2924 Martii,
1655 2899 1719 2925 quo
1741 2891 1844 2918 datae

214 2936 339 2964 Romae
355 2941 443 2970 sunt,
459 2937 502 2964 ad
516 2938 533 2964 3
548 2936 626 2971 Maji
644 2937 774 2972 (hodie)
793 2945 856 2972 quo
873 2937 1050 2965 Cardinali
1066 2944 1143 2965 sunt
1160 2939 1321 2965 traditae.
1337 2938 1466 2965 Verum
1476 2938 1515 2965 de
1530 2939 1570 2966 iis
1584 2939 1683 2973 plura
1698 2939 1731 2965 in
1746 2937 1845 2965 Nova

214 2983 316 3011 Serz'e
330 2984 537 3011 litterarum
556 2984 680 3012 Sancti
695 2986 844 3020 Ignatii.
