2047 3179
961 147 1042 184 AN.
1074 147 1165 183 1554
1815 147 1880 181 lo‘s'

326 247 399 287 Ex
431 246 752 296 concionibus,
791 256 911 296 quae
948 243 1071 295 apud
1106 254 1192 282 nos
1228 242 1480 291 habentur,
1519 253 1719 292 magnus
1755 244 1880 281 uenit

249 324 508 368 prouentus
542 316 754 369 pietatis,
791 322 841 355 vt
880 326 973 354 non
1013 315 1163 354 solum
1200 314 1299 363 ille,
1337 313 1416 364 qui
1455 313 1501 352 in
1542 312 1699 351 diuino
1734 314 1879 351 verbo

250 388 571 428 annuntiando
594 388 777 428 nauiter
798 387 980 426 laborat
1013 385 1045 432 ¹,
1071 385 1362 434 consoletur;
1385 383 1467 422 sed
1496 383 1651 432 etiam,
1676 383 1754 433 qui
1782 390 1878 422 tan-

247 466 344 498 tam
374 460 636 499 Vbertatem
664 458 843 498 fructus
871 456 1187 507 conspiciunt,
1218 456 1465 494 laetentur.
1498 453 1554 493 Et
1583 453 1659 504 qui
1691 453 1879 504 capiunt

247 536 427 569 tantam
467 530 740 579 Vtilitatem,
777 528 878 568 Deo
925 527 1106 578 gratias
1154 533 1298 576 agant
1337 537 1422 576 pro
1458 524 1716 574 beneficiis,
1760 535 1879 575 quae

245 601 404 640 diuina
426 601 580 651 gratia
603 607 646 640 et
669 599 1017 640 concionatoris
1038 609 1178 649 opera
1197 597 1472 648 percipiunt.
1497 595 1646 635 Maior
1667 594 1715 634 fit
1733 595 1877 646 quoti-

247 672 320 711 die
341 672 609 711 auditorum
631 671 855 721 accessio,
880 669 1088 720 adeoque
1111 669 1311 708 adaucta
1342 673 1427 716 est,
1460 673 1507 706 vt
1530 666 1777 716 interdum,
1802 666 1879 716 qui

246 743 384 793 primi
407 743 614 793 ueniunt,
639 749 768 783 arcte
789 740 1042 781 admodum
1070 740 1278 789 sedeant,
1304 739 1452 778 Vltimi
1474 738 1553 777 vix
1582 739 1732 777 locum
1754 737 1878 776 inue-

245 813 390 861 niant,
414 813 493 852 vbi
514 813 677 853 sedere
698 813 891 864 possint.
923 811 1102 851 Malunt
1130 811 1252 850 enim
1283 810 1470 860 aliquod
1497 809 1676 860 perpeti
1706 808 1879 848 incom-

246 883 458 931 modum,
500 895 639 935 quam
678 883 947 924 dulcissimo
992 882 1156 922 salutis
1197 881 1366 932 pabulo
1406 880 1602 931 priuari,
1646 890 1879 931 quamque

246 955 336 994 illis
363 955 665 1005 delectentur,
704 962 748 995 et
777 954 1027 994 commissa
1054 959 1247 1004 peccata
1272 953 1576 1000 detestentur,
1599 956 1878 1000 argumento

246 1031 353 1065 sunt
388 1026 715 1076 percussiones
740 1031 998 1077 pectorum,
1028 1024 1163 1064 fletus
1184 1030 1227 1063 et
1257 1024 1329 1063 vis
1350 1022 1699 1072 lachrimarum,
1739 1032 1879 1072 quam

248 1096 503 1137 effundunt.

327 1167 506 1208 Verum
526 1180 583 1208 ne
604 1168 675 1208 his
696 1167 1040 1208 iucundissimis
1062 1167 1208 1218 epulis
1239 1166 1326 1205 soli
1354 1165 1631 1214 fruerentur,
1657 1165 1732 1215 qui
1754 1165 1878 1204 ultro

247 1238 308 1278 ad
328 1250 415 1278 nos
436 1239 642 1287 veniunt,
666 1245 952 1290 quaeruntur
974 1239 1101 1278 coeci
1124 1245 1166 1277 et
1189 1237 1342 1277 claudi
1365 1244 1408 1276 et
1430 1237 1581 1276 omnis
1597 1235 1879 1275 conditionis

245 1309 457 1350 homines
491 1322 573 1362 per
604 1311 750 1359 vicos,
787 1311 1084 1361 angiportas,
1123 1321 1206 1360 per
1245 1320 1406 1348 omnes
1444 1308 1643 1359 denique
1681 1308 1878 1358 plateaS,

248 1381 358 1431 quin
379 1381 438 1420 ad
460 1382 647 1432 nuptias
670 1383 743 1421 vel
770 1381 911 1421 etiam.
938 1381 1089 1420 coacti
1119 1381 1324 1420 ueniant:
1355 1380 1527 1419 fratres
1555 1379 1776 1429 iuniores,
1800 1378 1879 1429 qui

245 1451 397 1492 adhuc
418 1452 585 1492 litteris
605 1453 806 1503 student,
831 1452 992 1492 diebus
1012 1452 1143 1491 festis
1167 1452 1212 1491 in
1244 1451 1473 1502 emporio,
1506 1451 1579 1490 Vel
1602 1450 1666 1500 (ut
1688 1450 1878 1498 vocant)

244 1522 432 1570 baucis,
466 1523 544 1563 ubi
579 1530 677 1563 turn
716 1523 920 1563 maxima
961 1523 1201 1563 hominum
1239 1523 1500 1574 frequentia
1536 1528 1625 1572 est,
1670 1521 1879 1561 vicissim

242 1594 600 1635 concionantur.
626 1594 761 1645 Quod
780 1594 956 1634 factum
976 1606 1117 1646 quarn
1138 1595 1310 1646 populo
1332 1595 1517 1646 placeat
1538 1594 1614 1633 vel
1641 1592 1748 1632 inde
1768 1591 1879 1632 faci-

243 1666 285 1704 le
306 1665 597 1716 intelligitur,
635 1665 773 1717 quod,
811 1672 1063 1718 antequam
1085 1666 1450 1706 concionaturus
1477 1665 1613 1716 adsit,
1638 1664 1881 1705 auditores

245 1737 399 1776 locum
419 1742 662 1787 occupent,
686 1749 776 1788 quo
798 1736 982 1777 facilius
1002 1737 1198 1777 verbum
1226 1736 1328 1787 Dei,
1353 1736 1476 1787 quod
1506 1748 1613 1776 cum
1633 1735 1880 1776 incredibi-

246 1808 277 1846 li
299 1819 461 1847 arnore
484 1808 690 1857 docetur,
724 1809 998 1860 percipiant.
1029 1808 1190 1860 Neque
1220 1809 1373 1848 minus
1400 1820 1577 1858 omnes,
1610 1808 1689 1859 qui
1716 1807 1776 1847 ad
1804 1819 1880 1847 au-

248 1878 468 1918 diendum
498 1879 748 1930 accedunt,
778 1880 836 1920 ad
867 1880 1086 1920 virtutem
1120 1880 1483 1927 inflammantur,
1521 1891 1663 1931 quam
1697 1890 1880 1919 summa

247 1949 557 1990 admiratione
593 1951 854 2001 capiuntur,
879 1963 985 1991 cum
1019 1951 1178 1991 vident
1216 1951 1635 2002 flagrantissimum
1666 1951 1882 2002 spiritum

246 2021 719 2072 ardentissimamque
755 2022 1034 2062 charitatem
1068 2022 1157 2062 Dei
1178 2030 1223 2062 et
1254 2023 1457 2073 proximi
1485 2023 1531 2062 in
1558 2022 1782 2062 fratribus
1804 2034 1881 2061 no-

245 2092 371 2131 stris.
395 2091 498 2132 Non
520 2094 669 2132 solum
688 2093 803 2132 haec
826 2105 851 2132 a
874 2093 1053 2133 ciuibus
1073 2105 1253 2133 summe
1269 2094 1534 2141 laudantur,
1552 2105 1716 2133 Verum
1739 2093 1883 2133 etiam

247 2164 526 2214 optimatum
548 2164 717 2203 iudicio
735 2170 779 2203 et
802 2163 920 2204 Rmi.
953 2164 1218 2205 Cardinalis
1245 2163 1257 2181 ²
1277 2164 1762 2205 honorificentissimis
1780 2176 1880 2203 ver-

246 2235 318 2274 bis
339 2235 675 2286 approbantur.
700 2235 834 2275 Hanc
856 2241 982 2275 certe
1013 2236 1325 2287 occasionem,
1351 2248 1471 2287 quae
1494 2237 1632 2276 datur
1654 2236 1738 2275 toti
1770 2235 1881 2275 huic

247 2306 441 2356 ciuitati,
474 2306 768 2356 emendandi,
799 2308 929 2346 multi
950 2307 1179 2359 arripiunt
1202 2307 1352 2357 auide,
1386 2314 1430 2347 et
1452 2307 1510 2347 ad
1532 2307 1879 2347 confessionem

247 2389 440 2417 suorum
474 2384 778 2429 peccatorum
806 2390 911 2418 cum
939 2379 1115 2429 gemitu
1143 2391 1198 2418 ac
1226 2381 1412 2430 ploratu
1434 2379 1643 2419 veniunt.
1675 2376 1885 2430 Quorum

246 2449 457 2488 nonnulli
490 2449 782 2488 multitudine
816 2451 1045 2489 scelerum
1079 2456 1123 2490 et
1159 2450 1462 2490 diuturnitate
1490 2450 1716 2501 temporis
1746 2450 1884 2489 valde

250 2520 456 2571 peccatis
483 2520 681 2559 inuoluti
716 2526 864 2560 erant.
895 2520 989 2560 Alii
1011 2532 1160 2561 annos
1188 2520 1364 2571 decem,
1388 2521 1597 2561 nonnulli
1618 2521 1801 2573 viginti,
1827 2522 1884 2561 de

249 2602 334 2631 sua
356 2591 596 2642 impietate
618 2590 820 2631 confessi
841 2603 934 2631 non
955 2598 1103 2632 erant.
1127 2591 1191 2632 At
1212 2598 1263 2632 vt
1278 2592 1479 2643 primum
1508 2592 1710 2633 confessi
1731 2601 1882 2640 erant,

251 2662 603 2702 euidentissima
631 2673 744 2701 suae
772 2662 1086 2713 poenitentiae
1117 2664 1251 2713 signa
1283 2663 1466 2704 dedere.
1491 2663 1611 2704 Nam
1631 2664 1710 2716 qui
1730 2664 1885 2704 aliena

250 2733 421 2772 multos
441 2744 592 2772 annos
617 2732 934 2784 possidebant,
960 2733 1073 2773 nihil
1095 2734 1224 2785 prius
1244 2734 1448 2774 habuere
1469 2747 1611 2786 quam
1632 2742 1683 2775 vt
1706 2735 1882 2775 vnicui>

304 2916 314 2936 ¹
355 2917 392 2944 P.
409 2916 555 2944 Michael
572 2916 724 2943 Botelho.

303 2965 317 2983 ²
356 2965 478 2992 Petrus
493 2964 678 2998 'sagliavia
693 2964 733 2991 de
747 2964 1175 2999 Aragon,Pan01·mitanus
1191 2966 1478 3001 Archiepiscopus
1491 2972 1523 2994 et
1541 2968 1745 2995 cardinalis
