2047 3179
226 131 297 169 720
727 130 955 168 LITTERAE
980 141 1343 174 QUADRmffisrREs

311 227 559 269 Caeterum
585 227 749 268 Patres
779 239 835 267 ac
862 227 1055 268 Fratres
1087 227 1142 267 de
1177 229 1327 268 salute
1357 228 1522 268 melius
1552 228 1646 268 iam
1676 228 1865 268 habent:

229 311 373 351 porro
395 300 637 351 hucusque
659 310 752 339 non
773 299 973 348 exiguus
993 297 1172 338 idcirco
1196 299 1460 350 insumptus
1482 305 1551 339 est
1567 299 1715 349 labor,
1735 297 1870 349 cujus

230 377 473 423 expertem
493 370 832 411 Paternitatem
852 377 982 410 tuam
1003 368 1131 409 Deus
1153 381 1363 410 summus
1390 376 1609 410 aeternus
1630 370 1708 410 diu
1735 369 1870 410 nobis

232 442 453 494 dignetur
474 453 681 482 seruare.

311 513 614 566 Methymnae
636 513 801 565 Campi
822 513 847 553 4
867 512 1106 553 Kalendas
1126 511 1378 565 Januarias
1404 512 1519 552 1555.

309 585 615 626 Paternitatis
637 591 744 624 tuae
766 584 985 624 minimus
1007 589 1052 623 et
1073 583 1295 634 indignus
1316 582 1501 623 filiolus.

1363 710 1391 755 †

1043 765 1071 811 †
1098 762 1328 815 JOSEPHUs
1358 774 1419 803 DE
1450 761 1653 802 AcosrA.

313 960 667 1012 Superscrtptl'o
705 960 754 999 in
790 963 964 1011 quarta
994 958 1203 1011 pagina:
1232 958 1332 1012 Jhs.
1362 957 1464 999 R.d0
1495 958 1763 999 Admodum
1789 956 1872 997 Pa-

233 1034 293 1073 tri
314 1040 475 1073 nostro
494 1031 723 1083 Magistro
746 1030 929 1083 Ignatio
951 1029 1007 1070 de
1027 1030 1222 1082 Loona,
1247 1030 1522 1082 Praeposito
1550 1029 1762 1081 generali
1793 1027 1872 1068 So-

715 1101 747 1153 †

234 1158 417 1198 cietatis
436 1157 561 1211 Jesu,
585 1159 612 1204 †
633 1156 824 1197 Romae.

313 1229 425 1270 Alia
446 1240 608 1269 malm:
643 1227 743 1268 1556
765 1227 887 1278 (sic).
912 1227 1190 1279 Methymna
1213 1227 1393 1278 Campi.
1427 1225 1823 1277 Quadrimestres.
1848 1223 1874 1262 4

235 1302 383 1341 calen.
412 1300 640 1353 januarii.

327 1372 590 1423 Vestigium
612 1382 744 1411 cerae
765 1370 938 1422 sigilli.

906 1798 1204 1855 ODXLIV

309 2032 469 2069 Petrus
485 2030 739 2069 Ludovicus
760 2029 924 2067 Beuter

358 2097 481 2134 Patri
500 2096 670 2144 Ignatio
690 2095 743 2133 de
763 2095 950 2142 Loyola.

406 2161 627 2207 Valentia,
649 2160 695 2198 29
716 2160 977 2198 Decembris
999 2160 1091 2197 1555
1112 2159 1138 2194 ¹.

1010 2279 1109 2357 uls

321 2443 423 2484 Pax
443 2442 636 2493 Christi,
662 2448 752 2482 etc.
1791 2492 1793 2496 μ

321 2514 409 2555 Tot
429 2521 536 2555 sunt
558 2513 802 2565 beneficia,
826 2513 927 2554 Rde
953 2512 1021 2564 P„
1046 2523 1165 2564 quae
1188 2524 1215 2552 a
1237 2510 1338 2552 Deo
1362 2516 1457 2562 opt.
1482 2521 1608 2549 max.
1632 2507 1768 2548 nobis
1790 2506 1883 2547 col-

242 2587 356 2627 llata
390 2592 498 2626 sunt
534 2586 606 2626 his
643 2592 845 2637 quatuor
877 2585 1130 2633 mensibus
1168 2590 1266 2624 tam
1301 2583 1349 2622 in
1384 2581 1524 2622 rebus
1559 2578 1884 2631 spiritualibus

244 2669 383 2709 quam
404 2657 450 2697 in
471 2657 823 2708 temporalibus,
848 2663 897 2697 ut
918 2668 977 2696 ex
998 2667 1162 2696 eorum
1184 2653 1579 2705 contemplatione
1597 2651 1712 2691 satis
1729 2650 1883 2701 ampla

244 2728 432 2768 occasio
462 2727 685 2768 offeratur
715 2726 937 2768 laudandi
967 2733 1011 2767 et
1041 2724 1349 2767 benedicendi
1379 2723 1546 2772 Deum,
1582 2734 1686 2762 cum
1716 2721 1761 2761 in
1793 2720 1882 2760 hoc

244 2799 453 2850 Collegio
482 2800 637 2850 plures
667 2799 838 2839 fratres
869 2800 961 2839 sint
991 2809 1131 2850 quam
1158 2802 1297 2836 antea
1327 2795 1540 2836 solebant
1561 2805 1686 2843 esse,
1711 2798 1755 2831 et
1785 2797 1883 2831 tam

301 2958 310 2977 ¹
349 2957 599 2992 Autographae
617 2958 743 2992 duplici
758 2959 792 2985 in
808 2959 900 2994 solio,
915 2966 969 2986 nn.
984 2958 1037 2985 468
1049 2961 1082 2985 et
1097 2958 1160 2985 469.
