2047 3179
877 158 959 196 AN.
991 158 1082 196 1555
1721 160 1792 200 535

159 263 202 297 et
225 268 517 296 communem
540 257 800 296 animarum
829 257 1027 295 salutem
1057 256 1361 306 procurandi,
1386 258 1596 306 negociis
1619 258 1682 297 ita
1714 269 1787 298 oc-

158 339 398 378 cupamur,
423 335 486 374 ut,
512 328 748 378 aspirante
771 326 887 376 Dco,
911 327 1080 378 aliquis
1102 327 1207 366 inde
1229 326 1408 366 fructus
1430 338 1613 378 semper
1635 335 1788 368 exeat.

236 399 307 438 Ex
328 404 593 438 nostrorum
615 397 1006 438 scholasticorum
1032 408 1226 437 numero
1253 397 1279 436 2
1304 403 1384 438 aut
1410 398 1435 437 3
1465 399 1788 439 adolescentes

160 480 209 509 se
244 469 350 508 huic
379 476 569 508 nostrae
595 468 816 509 Societati
846 469 938 508 iam
967 469 1206 508 uoluntate
1243 474 1383 520 atque
1417 468 1571 509 animo
1603 469 1790 510 addixe-

160 546 281 588 runt,
307 551 356 579 re
378 546 532 579 autem
560 540 660 591 ipsa
689 539 936 589 addicturi,
966 539 1005 579 si
1026 551 1109 590 per
1130 540 1180 580 T.
1215 538 1268 579 R.
1299 539 1350 579 Ρ.
1379 540 1576 580 licuerit.
1615 540 1790 581 Horum

159 616 310 649 aetate
331 609 577 661 grandior,
602 611 789 650 natione
812 610 1064 661 hispanUS,
1089 610 1230 650 nobili
1251 621 1425 661 genere
1447 617 1598 660 ortuS,
1630 611 1689 651 ad
1710 610 1789 652 So-

150 680 338 720 rcietatis
360 681 622 721 institutum
644 681 778 722 ualde
803 688 875 721 est
902 681 1165 733 appositus;
1198 682 1282 722 sed
1309 683 1397 721 hoc
1426 681 1526 721 eius
1557 682 1788 723 desiderio

157 751 360 802 cognito,
384 759 603 802 parentes
624 759 668 792 et
690 753 960 802 familiares,
981 759 1078 792 tum
1095 752 1365 804 lachrymis,
1386 759 1483 792 tum
1500 753 1793 804 pollicitatio-

157 822 307 872 nibus,
332 822 512 862 iuuenis
528 823 738 863 animum
761 836 786 863 a
810 823 1047 875 proposito
1069 823 1257 864 student
1279 835 1504 864 auocare:
1529 823 1703 864 frustra
1726 831 1791 864 ta-

160 904 281 943 men,
306 893 492 934 Christo
513 895 682 945 gratia,
707 895 752 935 id
776 901 1019 935 conantur.
1039 894 1118 935 Ille
1134 895 1271 945 enim,
1293 894 1558 936 huiusmodi
1575 907 1698 935 uana
1715 907 1790 935 ne-

158 964 358 1015 gligens,
382 964 471 1004 Dei
493 965 788 1006 instinctibus
812 967 1102 1016 auscultanS‚
1132 966 1263 1006 breui
1293 966 1414 1006 inter
1440 978 1525 1006 nos
1553 966 1679 1018 cupit
1708 966 1786 1007 ad·

157 1035 276 1075 mitti
307 1034 332 1073 ¹.

236 1106 308 1146 Ex
329 1108 485 1147 multis
507 1119 642 1158 uero,
668 1108 746 1159 qui
773 1108 819 1148 in
845 1115 1006 1148 nostro
1037 1109 1208 1160 templo
1240 1109 1442 1149 confessi
1472 1115 1595 1157 sunt,
1626 1109 1792 1150 mulier

151 1178 402 1228 quaedam,
427 1178 499 1218 cui
523 1186 630 1218 ante
652 1180 795 1219 moris
816 1191 910 1219 non
931 1186 1031 1219 erat
1051 1180 1226 1220 nostris
1246 1179 1570 1220 sacerdotibus
1585 1191 1670 1220 sua
1688 1191 1791 1231 pec·

156 1253 262 1288 cata
283 1248 534 1300 denudare,
558 1250 635 1290 ubi
656 1261 820 1290 eorum
840 1250 919 1290 uni
939 1257 1136 1301 peccata
1157 1251 1491 1302 recensuisset,
1516 1257 1647 1291 tanto
1670 1262 1793 1291 com-

154 1319 422 1369 punctionis
449 1320 608 1360 dolore
635 1320 803 1361 affecta
833 1321 938 1371 fuit,
972 1328 1020 1362 ut
1056 1321 1232 1362 diceret
1267 1333 1372 1362 eum
1405 1334 1521 1362 saxo
1549 1322 1788 1363 duriorem

155 1400 258 1430 esse
279 1397 518 1441 oportere,
543 1391 620 1442 qui
648 1392 771 1443 apud
791 1404 877 1432 nos
904 1392 1147 1433 confessus
1176 1393 1236 1433 ad
1262 1393 1459 1433 meliora
1485 1405 1580 1434 non
1601 1405 1791 1434 reuoca-

159 1467 301 1502 retur.
334 1461 595 1502 Nonnullae
627 1463 782 1513 etiam,
815 1462 873 1503 ad
905 1464 1093 1515 nuptias
1118 1463 1324 1504 nondum
1345 1471 1625 1516 prouectae,
1657 1477 1681 1505 a
1712 1476 1791 1505 no-

155 1532 265 1572 stris
298 1532 514 1573 Patribus
539 1545 813 1585 persuasae,
846 1540 1020 1575 statum
1044 1535 1363 1586 perfectionis,
1394 1535 1580 1577 Christo
1612 1547 1697 1576 sua
1728 1536 1791 1576 di-

155 1608 317 1644 cantes
352 1604 496 1644 corda
531 1616 850 1656 corporaque,
888 1605 1169 1657 suscipiunt;
1207 1606 1329 1646 inter
1363 1618 1481 1658 quas
1517 1612 1586 1647 est
1624 1606 1792 1647 nobilis

157 1673 389 1726 quaedam
418 1675 539 1715 Duci
566 1678 580 1697 ‘²
601 1677 883 1726 cognatione
911 1677 1184 1725 coniuncta,
1207 1689 1328 1729 quae
1361 1678 1610 1729 plurimum
1639 1679 1789 1730 profe-

155 1746 218 1786 cit
247 1746 294 1786 in
319 1746 395 1786 uia
431 1746 620 1786 Domini
656 1753 904 1799 postquam
930 1747 990 1788 ad
1018 1754 1206 1788 nostros
1232 1749 1386 1800 coepit
1421 1749 1648 1790 confiteri.
1685 1750 1788 1790 Hac

154 1817 256 1868 ipsa
277 1817 458 1857 ratione
481 1818 703 1857 meretrix
724 1818 954 1869 quaedam
969 1851 978 1869 ,
1001 1819 1271 1870 generalem
1298 1820 1640 1861 confessionem
1661 1820 1786 1861 exhi-

155 1888 270 1928 bens
300 1895 439 1940 atque
473 1888 792 1940 iniquissimae
826 1889 950 1929 uitae
979 1890 1261 1940 ualedicens,
1291 1890 1345 1931 R.
1379 1890 1427 1931 P.
1451 1892 1601 1931 nostri
1635 1891 1789 1932 Ludo-

155 1959 249 1999 uici
284 1958 297 1976 ⁵
330 1958 520 1999 hortatu
548 1965 592 1999 et
628 1970 770 2011 opera
801 1960 848 2000 in
880 1960 1228 2002 Conuersarum
1259 1973 1503 2002 numerum
1530 1962 1786 2014 adscripta,

156 2029 279 2081 quod
304 2023 534 2081 reliquum
561 2030 686 2070 uitae
714 2031 982 2082 salubriter,
1015 2041 1062 2072 ut
1089 2043 1348 2083 speramus,
1373 2020 1621 2084 transiget.

236 2100 363 2141 Idem
383 2100 522 2141 Pater
544 2101 707 2142 diebus
728 2102 973 2143 dominicis
1001 2109 1045 2143 et
1070 2103 1203 2144 festis
1231 2105 1465 2144 canticum
1494 2104 1666 2145 B'eatae
1694 2105 1786 2145 Ma-

157 2171 255 2212 riae
276 2171 490 2222 Virginis
512 2172 860 2224 interpretatur.
1552 2185 1555 2186 ⁷

235 2242 495 2282 Praeterita
517 2243 879 2294 quadragesima
911 2256 1018 2284 cum
1047 2245 1236 2297 quidam
1256 2246 1418 2286 habitu
1445 2246 1667 2297 religioso
1697 2246 1788 2287 fra—

157 2319 227 2354 ter
249 2313 509 2354 catholicae
531 2313 635 2354 fidei
657 2315 894 2355 contraria
915 2315 1138 2367 dogmata
1159 2317 1433 2358 concionari
1454 2318 1708 2367 uideretur,
1728 2318 1786 2358 ab

157 2385 320 2424 eodem
342 2384 480 2424 Patre
501 2385 703 2436 primum
723 2387 1047 2439 commonitus,
1071 2388 1236 2429 deinde
1258 2389 1318 2429 ad
1340 2389 1552 2430 coenobii
1576 2389 1787 2430 Priorem

156 2455 352 2506 delatus,
376 2463 481 2507 post
501 2457 774 2497 concionem
795 2458 853 2498 ad
875 2459 1097 2510 populum
1117 2459 1280 2510 literis,
1304 2471 1423 2511 quae
1440 2460 1641 2500 obscura
1659 2460 1786 2500 dixe-

156 2533 244 2577 rat,
268 2526 517 2578 illustrare,
541 2539 659 2579 quae
679 2527 800 2568 falsa
820 2537 1081 2578 recantare,
1105 2537 1298 2571 coactus
1318 2530 1417 2571 fuit.

236 2596 476 2648 Superiori
497 2598 570 2638 die
591 2598 794 2650 quodam
815 2600 861 2639 in
882 2601 986 2640 loco
1007 2612 1114 2641 curn
1134 2612 1253 2641 unus
1281 2613 1340 2642 ex
1365 2602 1540 2642 nostris
1569 2602 1786 2643 Patribus

143 2661 379 2719 'plurimos
395 2669 570 2709 lusoria
588 2670 752 2710 charta
772 2671 1060 2711 colludentes
1075 2671 1355 2724 offendisset,
1375 2672 1534 2713 habita
1557 2673 1786 2714 concione

212 2875 221 2895 ¹
262 2875 529 2910 Christophorus
545 2876 944 2910 Trussillus(Truxillo?).
961 2878 1137 2906 POLANCUS
1151 2879 1184 2906 in
1204 2879 1380 2915 Chronz'm,
1397 2885 1422 2908 t.
1441 2887 1462 2905 v

209 2922 225 2942 Ξ
263 2922 405 2950 Cosmae
422 2923 434 2950 Ι
450 2924 489 2950 de
505 2923 653 2952 Medicis,

211 2970 226 2990 3
263 2970 428 2998 Ludovici
443 2971 483 2998 de
500 2971 681 3007 Coudreto,
697 2973 864 3001 Rectoris.
