2047 3179
875 180 955 216 AN.
987 180 1078 217 1555
1728 180 1800 218 499

155 286 322 320 nostra
339 278 566 319 industria
584 278 665 318 sed
678 278 903 317 immensa
920 275 1008 315 Dei
1021 276 1205 315 bonitas
1225 275 1431 327 perfecit,
1448 276 1523 316 cui
1542 277 1628 316 soli
1647 278 1798 317 omnis

160 352 307 390 honor
330 356 374 390 et
394 350 545 400 gloria
567 350 614 389 in
635 348 824 389 saecula
845 347 1157 387 saeculorum.
1201 345 1369 387 Amen.
1409 346 1530 387 Huic
1567 359 1807 389 commen·-

156 421 267 461 dari
284 421 497 472 cupimus
519 431 679 460 omnes
700 418 935 459 humiliter
959 417 1006 457 in
1041 416 1094 457 T.
1118 416 1171 457 R.
1197 416 1245 457 P.
1288 428 1342 457 ac
1379 418 1586 458 omnium
1607 418 1800 460 Parrum

157 498 209 532 sset
230 492 449 532 Fratrum
470 492 647 531 sanetis
667 489 911 531 sacrificiis
933 495 977 528 et
1002 488 1236 539 precibus.

245 562 451 603 Tornaci
471 562 524 602 30
543 562 654 602 Maii
689 561 804 601 1555.

488 633 540 673 T.
565 633 617 672 R.
646 633 693 673 P.

647 703 823 744 Inutilis
845 714 1009 743 seruus
1030 703 1076 742 in
1098 701 1304 752 Christo,

1041 845 1327 886 BERNARDUS
1358 843 1628 884 OLIUERIUS.

247 1058 599 1110 Superscrz‘ptl'o
654 1058 702 1097 sn
754 1061 926 1109 quarta
974 1057 1193 1109 pagina:
1228 1059 1256 1104 †
1306 1056 1574 1098 Admodum
1617 1056 1717 1096 R.d0
1754 1057 1800 1097 in

161 1128 354 1170 Christo
376 1129 503 1170 Patri
525 1129 752 1180 Magistro
777 1129 957 1180 Ignatio
979 1128 1035 1168 de
1064 1128 1245 1180 Loyola
1274 1127 1550 1180 Praeposito
1577 1128 1798 1168 Generali

170 1200 428 1241 -Societatis
448 1200 573 1253 Jesu.
593 1200 786 1241 Romae.

253 1271 364 1312 Alia
384 1283 548 1312 mama·
574 1271 687 1312 1555.
711 1271 765 1311 30
784 1272 909 1312 Maii.

249 1343 313 1383 Et
333 1343 446 1383 alla:
468 1343 796 1383 Tornacensis.
824 1341 1164 1394 Emend[atae].

816 1767 1168 1822 GGGXGIH

243 1993 292 2030 P.
319 1993 475 2031 Petrus
500 1994 726 2032 Navarrus

293 2057 414 2095 Patri
435 2059 604 2106 Ignatio
624 2061 677 2097 de
699 2060 883 2107 Loyola.

339 2123 550 2171 Granata,
570 2126 613 2162 31
638 2125 739 2172 Maji
760 2126 890 2164 1555&

949 2283 1047 2361 stis

255 2478 368 2530 Muy
389 2478 489 2519 R.d0
502 2478 550 2519 P.
576 2491 635 2519 en
658 2479 843 2520 Christo
865 2479 1015 2521 Padre
1036 2487 1245 2522 nuestro.

254 2549 322 2590 La
344 2561 524 2590 summa
545 2550 710 2601 gracia
730 2563 761 2601 y
782 2562 869 2602 paz
890 2551 945 2591 de
965 2552 1077 2605 Jesu
1095 2551 1282 2593 Christo
1299 2558 1492 2594 nuestro
1510 2552 1657 2595 Sefior
1679 2566 1759 2595 sea
1780 2568 1811 2607 y

172 2631 340 2660 cresca
362 2620 562 2672 siempre
584 2632 641 2660 en
662 2627 879 2661 nuestras
900 2623 1063 2662 almas.
1089 2622 1256 2663 Amen.

254 2690 457 2743 Aunque
486 2691 530 2731 lo
561 2702 650 2743 que
684 2691 778 2743 hay
806 2703 893 2743 que
925 2704 1032 2733 azer
1068 2705 1125 2733 en
1151 2699 1249 2734 este
1286 2694 1453 2745 pueblo
1474 2695 1580 2746 pide
1618 2698 1720 2736 mas
1754 2696 1811 2736 de

176 2762 348 2802 treinta
370 2761 561 2812 Padres,
586 2762 776 2802 todavia
797 2774 882 2802 nos
903 2769 1109 2804 estamos
1131 2764 1266 2816 quasi
1282 2766 1422 2817 solos,
1441 2777 1555 2817 pues
1577 2778 1637 2807 no
1654 2778 1813 2807 somos

237 2897 245 2915 ¹
285 2897 535 2932 Autographae
551 2897 675 2932 duplici
692 2897 780 2931 folio,
797 2899 904 2933 primo
919 2901 980 2927 sub
996 2907 1027 2928 n.
1042 2900 1104 2934 566,
1121 2901 1233 2928 altero
1248 2909 1331 2929 vero
1347 2909 1412 2929 non
1427 2906 1616 2930 numerate.
1632 2902 1696 2930 Est
1711 2903 1815 2931 etiam

180 2944 274 2971 aliud
289 2945 466 2979 exemplar
477 2946 732 2980 autographum
747 2947 943 2974 earumdem
965 2948 1174 2983 litterarum,
1190 2949 1316 2983 duplici
1338 2953 1502 2977 constans
1519 2949 1609 2984 folio,
1629 2950 1739 2985 primo
1755 2952 1817 2978 sub

177 2998 214 3018 n.
229 2991 290 3025 567,
306 2993 419 3020 altero
435 2999 500 3020 non
511 2998 703 3021 numerato.
