2047 3179
184 149 253 187 198
694 150 921 189 L11TERAE
949 162 1309 195 QUADRIMESTRES

182 247 251 286 sci
276 244 301 298 ¹,
327 247 534 287 crastina
555 247 628 288 die
649 247 882 300 Hispalim
915 249 1212 300 profecturus
1234 254 1323 299 est,
1346 248 1424 288 ubi
1446 253 1516 287 est
1538 247 1657 287 alius
1679 246 1825 287 Pater

182 318 370 359 nomine
386 319 574 359 Xuarez
594 317 623 370 ²,
649 319 727 371 qui
743 320 852 360 hinc
874 331 900 360 a
922 321 1055 360 nobis
1076 320 1394 372 superioribus
1413 319 1574 359 diebus
1591 318 1698 358 illuc
1716 318 1816 368 ivit,

183 396 227 430 ct
248 389 296 430 P.
320 390 626 431 Franciscum
648 390 709 431 ibi
740 397 974 442 expectat:
1013 392 1111 443 ipse
1148 390 1160 408 ³
1197 391 1321 431 enim
1359 390 1406 429 15
1428 390 1514 430 cal.
1535 390 1749 443 Januarii
1771 390 1818 429 in

179 462 394 502 eamdem
413 462 576 502 urbem
597 463 654 502 ab
676 462 847 514 oppido
868 462 1104 503 Plasentia
1126 474 1175 503 se
1197 461 1410 502 conferre
1433 461 1728 501 decreverat.

262 532 517 585 Postquam
543 533 616 573 his
650 540 852 585 quatuor
885 534 1057 586 elapsis
1092 533 1328 573 mensibus
1362 532 1421 572 ad
1454 539 1499 572 te
1527 533 1822 584 scripsimus,

184 605 386 656 quinque
407 604 675 645 scholastici
698 605 886 646 domum
907 612 1119 646 nostram
1140 604 1343 655 ingressi
1364 610 1486 652 sunt3
1512 615 1710 656 quorum
1730 604 1827 644 duo-

184 675 468 726 sacerdotes,
492 688 610 717 unus
627 676 673 716 in
694 676 792 717 iure
810 677 1039 716 canonico
1062 683 1263 726 creatus,
1287 676 1381 715 iam
1397 676 1752 722 baccalaureus,
1777 682 1821 714 et

186 748 233 787 in
253 747 432 788 artibus
454 747 633 788 duobus
655 748 790 788 annis
811 754 1028 788 versatus
1050 753 1137 787 est:
1163 748 1280 786 alter
1303 758 1415 786 vero
1437 758 1625 787 sacram
1648 747 1821 786 theolo-

185 819 313 870 giam
334 818 513 859 discere
535 819 800 859 inchoabat.
825 819 895 859 Ex
917 819 1064 859 tribus
1085 818 1218 858 laicis
1239 816 1266 868 ⁴,
1304 829 1423 858 unus
1458 818 1504 858 in
1536 818 1701 858 eodem
1721 819 1823 858 iure

188 891 418 931 canonico
456 891 811 941 baccalaureus,
837 891 955 931 alius
991 890 1171 930 duobus
1203 889 1338 930 annis
1359 901 1524 929 sacrae
1558 890 1825 940 theologiae

185 973 378 1014 operam
397 961 605 1013 dederat,
628 963 746 1002 alius
770 974 878 1002 vere
899 962 945 1002 in
967 962 1138 1002 artium
1159 960 1266 1001 ludo
1297 961 1449 1001 adhuc
1477 972 1526 1001 se
1548 961 1816 1001 exercebat.

188 1034 251 1074 At
272 1045 386 1073 vero
409 1045 571 1074 omnes
598 1034 675 1074 isti
702 1040 747 1074 et
768 1033 948 1085 reliqui,
981 1033 1057 1085 qui
1094 1033 1139 1072 in
1161 1033 1491 1073 examinandis
1520 1032 1688 1073 animis
1717 1039 1826 1073 sunt

188 1105 405 1157 occupati
427 1117 482 1145 ac
503 1104 678 1145 detenti
699 1103 727 1156 ⁵,
752 1116 932 1145 summa
968 1104 1110 1145 animi
1140 1104 1211 1144 sui
1247 1103 1507 1144 abiectione
1539 1104 1827 1156 spiritusque

189 1176 358 1217 ardore
381 1177 584 1217 maxime
605 1188 691 1216 nos
711 1176 961 1217 aedificant
983 1182 1027 1216 et
1048 1175 1356 1216 confundunt.

268 1248 512 1299 Nimirum,
538 1248 789 1289 admodum
810 1247 864 1288 R.
889 1247 955 1297 P„
979 1254 1029 1288 ut
1056 1260 1131 1288 res
1165 1248 1364 1288 feliciter
1400 1248 1537 1298 cedit,
1578 1247 1708 1287 Deus
1731 1254 1824 1299 opt.

189 1332 314 1361 max.
337 1320 383 1361 in
405 1321 504 1360 dies
525 1320 678 1371 magis
700 1331 755 1360 ac
777 1320 929 1370 magis
951 1319 997 1359 in
1019 1319 1233 1360 omnibus
1263 1320 1397 1370 (quae
1425 1331 1607 1359 summa
1637 1319 1736 1359 eius
1758 1326 1827 1358 est

189 1392 453 1443 benignitas
475 1398 519 1432 et
541 1391 803 1442 clementia)
839 1391 972 1431 nobis
1006 1390 1168 1431 favere
1189 1391 1390 1431 videtur.
1416 1390 1508 1431 Sex
1543 1396 1650 1431 sunt
1671 1390 1826 1440 modo,

189 1463 266 1515 qui
288 1463 471 1504 admitti
492 1463 765 1514 efflagitant,
790 1474 988 1514 quorum
1006 1463 1230 1503 maiorem
1253 1469 1452 1514 partem,
1484 1469 1735 1514 postquam
1757 1473 1827 1501 ar-

189 1535 303 1575 tium
324 1546 512 1575 cursum
533 1534 815 1586 peregerint,
839 1534 1157 1585 recipiendam
1179 1545 1281 1574 esse
1304 1534 1460 1574 credo.
1487 1532 1577 1585 Qui
1598 1534 1645 1573 in
1665 1539 1827 1573 nostro

188 1607 278 1646 hoc
313 1606 548 1647 domicilio
585 1606 631 1646 in
666 1606 986 1657 spiritualibus
1021 1605 1155 1645 bonis
1195 1617 1245 1645 se
1282 1611 1552 1654 exerceant,
1589 1616 1830 1656 nunquam

191 1676 372 1718 desunt.
394 1677 524 1726 Item,
545 1678 591 1717 in
612 1677 700 1717 hac
723 1677 1030 1717 universitate
1053 1678 1294 1718 hominum
1316 1677 1619 1726 studentium,
1640 1683 1684 1717 et
1701 1676 1828 1716 vitae

190 1755 234 1789 et
255 1761 436 1790 morum
458 1749 665 1789 maxima
688 1756 883 1800 apparet
907 1750 1100 1789 mutatio
1123 1756 1171 1789 ut
1194 1749 1342 1789 nostri
1372 1750 1463 1789 huc
1493 1748 1825 1788 adventarunt.

190 1820 376 1861 Christo
399 1826 492 1872 opt.
517 1832 641 1861 max.
667 1821 725 1861 sit
747 1832 928 1861 summa
953 1828 1177 1872 perpetuo
1200 1828 1244 1861 et
1264 1822 1367 1861 laus
1389 1828 1432 1860 et
1454 1820 1622 1871 gloria.

269 1892 341 1933 Ex
375 1893 545 1933 nostris
581 1893 796 1933 omnibus
829 1892 1078 1933 duodecim
1112 1880 1294 1933 tantum
1325 1904 1512 1933 sacram
1540 1891 1829 1942 theologiam

190 1964 397 2014 audiunt,
422 1964 498 2015 qui
520 1965 566 2004 in
587 1964 845 2004 audiendas
864 1965 1088 2004 lectiones
1110 1964 1225 2005 foris
1245 1962 1274 2014 ⁶,
1299 1972 1344 2004 et
1365 1964 1491 2004 domi
1515 1963 1713 2015 singulis
1739 1962 1834 2003 die—

189 2036 275 2076 bus
294 2035 590 2088 repetendas,
615 2047 796 2076 summa
818 2048 932 2076 cura
954 2048 1008 2076 ac
1031 2037 1273 2087 diligentia
1295 2036 1584 2076 incumbunt.
1609 2034 1685 2075 Ad
1708 2034 1827 2074 haec

190 2107 369 2148 decimo
391 2107 551 2159 quinto
574 2119 756 2159 quoque
779 2108 851 2147 die
874 2108 1173 2159 quaestiones
1195 2119 1468 2148 communes
1490 2118 1598 2147 cum
1620 2106 1832 2146 maxima

193 2179 400 2219 omnium
447 2178 791 2230 aedificatione,
844 2179 921 2231 qui
954 2180 1021 2219 eis
1056 2180 1301 2230 intersunt,
1349 2179 1475 2220 domi
1517 2178 1832 2219 substentant.

193 2250 379 2290 Adsunt
401 2250 588 2302 quidem
619 2250 708 2291 viri
736 2251 932 2301 nobiles,
964 2251 1244 2302 praesertim
1270 2256 1521 2303 postquam
1550 2250 1642 2289 huc
1669 2248 1728 2289 ad
1750 2260 1836 2289 nos

194 2322 320 2362 venit
342 2321 480 2362 Pater
515 2321 573 2361 D.
612 2321 846 2362 Antonius
882 2334 907 2362 a
945 2321 1161 2362 Corduba
1198 2321 1225 2362 ⁷:
1269 2333 1471 2374 quocum
1508 2320 1714 2361 maxima
1737 2319 1838 2359 fere

197 2507 319 2541 Lopez,
335 2508 494 2535 llevando
510 2515 571 2542 por
594 2508 788 2536 Provincial
811 2508 961 2543 primero
977 2509 1031 2536 del
1059 2509 1250 2536 Andalucia
1266 2509 1298 2536 al
1321 2508 1355 2536 Ρ.
1373 2507 1434 2535 Dr.
1458 2506 1583 2541 Miguel
1603 2506 1643 2533 de
1658 2505 1839 2538 Torres...„

198 2555 382 2588 Vannivm,
399 2555 560 2582 Historia
577 2563 640 2583 ms.
661 2557 703 2583 de
718 2557 753 2583 la
770 2556 963 2591 Compafiia
980 2557 1023 2584 de
1039 2556 1150 2592 Jesus
1166 2564 1208 2583 en
1224 2556 1258 2583 la
1283 2556 1386 2583 Prov.
1403 2555 1446 2582 de
1469 2554 1629 2586 Castilla,
1644 2553 1783 2587 Colegio
1798 2553 1839 2579 de

129 2608 145 2626 1
199 2603 416 2635 salamanca,
432 2611 570 2638 paragr.
583 2604 630 2631 5.0

255 2652 263 2671 ¹
304 2651 420 2678 Patris
439 2651 615 2679 Francisci
631 2652 671 2679 de
688 2652 803 2687 Borja.

252 2698 267 2718 ’ὲ
305 2698 340 2725 Ρ.
355 2698 503 2732 Joannes
518 2699 663 2729 Xuarez.
680 2701 791 2727 dictus
807 2701 911 2728 etiam
928 2700 1131 2735 quandoque
1148 2700 1286 2728 Suarez.

253 2746 267 2766 ὃ
305 2747 343 2774 Ρ.
358 2746 565 2774 Franciscus
579 2747 618 2774 de
636 2747 749 2782 Borja.

254 2796 267 2815 4
305 2795 459 2822 Nondum
475 2795 675 2823 sacerdotes
691 2796 855 2830 intellige,
870 2797 923 2831 qui
942 2801 1057 2824 tamen
1075 2799 1121 2824 ad
1138 2797 1423 2824 scholasticorum
1443 2795 1589 2830 gradum
1612 2794 1645 2821 in
1668 2793 1843 2821 societate

201 2843 341 2871 admissi
359 2847 447 2871 sunt.

257 2891 270 2910 Γ*
309 2890 444 2919 Clarius
459 2891 521 2919 hoc
538 2892 709 2919 diceretur
724 2891 783 2919 sic:
801 2893 861 2925 qui
876 2892 1133 2926 spi'm'tualtbus
1148 2893 1332 2920 exercitiis
1346 2893 1488 2920 vacant.

255 2938 270 2958 6
308 2926 447 2967 Seilic‘et
464 2940 496 2967 in
512 2940 638 2967 scholis
656 2940 902 2968 Universitatis
918 2941 1209 2968 SalmanticensiS.

257 2988 269 3006 ⁷
310 2987 342 3015 Is
360 2988 642 3015 Salmanticensis
656 2988 906 3016 Universitatis
924 2989 1050 3017 Rector
1067 2990 1147 3017 olim
1165 2989 1291 3022 suerat,
1309 2994 1341 3017 ct
1358 2994 1473 3017 nostro
1496 2988 1647 3023 Collegio
1667 2989 1729 3016 sub
1744 2988 1852 3024 hujus,
