2104 3189
841 154 924 191 ΑΝ.
955 154 1045 191 1554
1724 154 1763 191 11

125 261 236 305 tate,
261 254 457 294 consilio
477 252 633 294 Patris
653 256 915 291 commotae
941 250 1126 301 magnis
1146 249 1384 290 laboribus
1406 250 1667 289 lustrarunt
1687 261 1765 288 ur·

128 326 233 365 bem
266 324 465 376 petendo
498 323 847 373 eleemosynam
872 320 1037 372 puellis
1065 320 1304 372 orphanis,
1338 327 1388 360 ut
1416 319 1472 359 iis
1500 325 1657 370 empta
1679 319 1737 359 do
1755 341 1766 347 -

128 406 232 436 mus
267 396 542 435 solueretur:
570 404 770 445 quarum
794 403 888 434 una
915 391 1101 443 pietatis
1129 390 1281 431 studio
1312 389 1584 440 feruentior,
1621 389 1678 429 ob
1700 391 1771 429 la-

130 467 267 506 bores
295 472 540 517 susceptos
569 463 730 505 incidit
757 464 800 503 in
830 462 1061 512 morbum;
1085 473 1176 514 quo
1199 473 1305 502 cum
1333 461 1546 512 grauiter
1568 472 1743 501 uexare
1760 483 1771 488 -

132 544 219 587 tur,
244 537 397 587 magis
418 535 603 576 dolebat
620 534 676 575 de
698 545 852 586 opere,
876 533 1001 585 quod
1021 533 1333 584 interruptum
1355 531 1602 583 pendebat,
1627 542 1769 582 quam

131 608 189 649 de
209 618 295 647 sua
311 606 495 647 infirma
516 605 797 647 ualetudine.
821 603 1040 656 Sequitur
1060 603 1325 643 animorum
1355 603 1538 642 cultura
1559 608 1603 642 et
1625 601 1772 642 medi-

131 679 255 728 cina,
277 689 414 718 sacra
446 675 678 717 confessio
709 687 764 715 ac
798 674 1112 722 Eucharistia,
1143 674 1198 714 de
1225 685 1317 726 qua
1345 673 1532 725 quidem
1561 684 1611 712 re
1632 673 1771 724 plura

132 749 446 790 scriberemus
467 748 508 788 si
529 746 732 799 operarii
758 745 1126 797 suppeditarent,
1156 745 1234 796 qui
1266 755 1368 785 sese
1396 750 1519 785 totos
1551 743 1660 784 huic
1682 750 1773 783 stu-

133 821 209 861 dio
242 819 527 860 addicerent.
560 817 932 869 Progrediuntur
951 817 1083 857 multi
1116 817 1244 856 ciues
1266 816 1453 856 uirtutis
1483 815 1684 856 studiosi
1727 815 1775 854 in

135 891 550 933 Sacramentorum
565 900 665 939 usu,
688 900 775 928 nec
791 899 885 928 non
906 888 1139 935 mulieres,
1163 899 1283 939 quae
1303 887 1474 938 ubique
1495 886 1705 937 gentium
1726 887 1775 926 in

134 963 223 1002 hac
245 973 294 1002 re
316 961 443 1001 uiros
464 960 656 1001 uincunt
677 971 885 999 numero.
909 958 969 999 Hi
990 965 1158 999 octauo
1180 970 1364 1010 quoque
1386 958 1459 998 die
1478 957 1536 998 ad
1555 968 1768 998 mensam

135 1033 326 1074 Domini
347 1031 591 1079 accedunt;
615 1030 827 1071 nonnulli
846 1029 1135 1082 frequentius
1157 1029 1212 1069 de
1234 1041 1354 1081 pane
1376 1029 1469 1079 illo,
1494 1029 1571 1080 qui
1594 1028 1651 1068 de
1673 1040 1775 1068 coe-

137 1106 181 1144 lo
217 1102 471 1152 descendit,
512 1103 666 1142 edunt.
703 1100 990 1142 Laudandus
1025 1100 1257 1141 Dominus
1291 1100 1439 1150 Iesus,
1481 1100 1560 1151 qui
1595 1099 1777 1139 cunctis

139 1180 435 1216 constantem
462 1180 506 1214 et
536 1173 780 1213 robustum
800 1172 1008 1212 animum
1034 1172 1260 1223 elargitur
1288 1178 1337 1212 ut
1367 1171 1629 1223 suscipiant
1650 1170 1777 1210 labo-

142 1257 218 1286 res
239 1257 323 1297 pro
344 1245 529 1285 nomine
550 1244 664 1294 eius,
687 1249 731 1283 et
756 1243 905 1283 hostis
936 1243 1135 1283 insultus
1157 1250 1200 1283 et
1222 1243 1416 1283 iniurias
1438 1247 1709 1283 constanter
1732 1241 1780 1280 in

150 1317 302 1357 medio
350 1315 637 1367 Babyloniae
683 1315 903 1365 tolerent,
948 1320 992 1355 et
1023 1325 1207 1366 semper
1238 1313 1446 1365 aspirent
1487 1312 1547 1353 ad
1585 1312 1779 1352 Domini

144 1398 348 1437 crucem,
373 1397 570 1438 eamque
589 1391 775 1437 gestent
798 1386 1042 1437 praeclara
1065 1385 1366 1437 gloriosaque
1388 1385 1533 1424 multa
1555 1383 1782 1434 gerendo.

145 1458 265 1499 Nam
300 1468 532 1509 nusquam
565 1456 786 1508 gentium,
816 1456 855 1496 si
876 1462 1002 1496 recte
1033 1456 1238 1504 memini,
1264 1455 1428 1507 aspexi
1449 1455 1662 1495 homines
1684 1460 1783 1494 tam

145 1529 366 1570 cordatos
388 1535 432 1568 et
452 1528 626 1580 pietate
647 1527 856 1578 insignes
877 1527 1271 1580 quemadmodum
1290 1527 1555 1577 Ferrariae,
1587 1525 1666 1578 qui
1687 1526 1784 1577 qui-

148 1600 253 1641 dem
289 1606 416 1640 certe
443 1610 583 1650 opere
617 1598 718 1650 ipso
751 1598 995 1639 declarant
1023 1610 1125 1638 sese
1151 1611 1245 1639 non
1273 1598 1551 1638 erubescere
1578 1608 1783 1648 euange-

147 1672 276 1712 lium.

478 1707 496 1718 ἱ

231 1741 433 1793 Quidam
467 1741 538 1782 uir
572 1742 619 1782 in
657 1740 828 1782 mundo
863 1742 1025 1793 grauis
1061 1748 1105 1782 et
1139 1741 1303 1782 doctus
1339 1745 1383 1781 et
1417 1752 1563 1781 senex
1600 1746 1787 1792 patrem

150 1813 400 1865 quemdam
421 1824 479 1852 ex
494 1813 668 1852 nostris
687 1813 807 1853 inter
828 1813 1164 1864 iniungendam
1184 1812 1522 1864 poenitentiam
1544 1811 1591 1852 in
1609 1810 1791 1851 confes-

151 1884 282 1924 sione
303 1883 501 1935 superbe
521 1883 792 1934 respiciens,
816 1883 857 1924 ei
878 1884 1154 1924 reclamauit
1180 1895 1331 1935 neque
1352 1882 1695 1934 obtemperauit
1716 1893 1793 1921 ue-

153 1955 296 2005 ritati,
320 1954 408 1995 Dei
429 1954 692 1994 ministrum
713 1955 926 1995 irridens.
961 1954 1003 1995 Is
1032 1966 1146 2006 ergo
1174 1954 1351 1995 homini
1373 1955 1495 1994 elato
1517 1960 1562 1994 et
1583 1954 1787 2005 superbo

153 2025 375 2078 imposuit
409 2037 611 2077 poenam
645 2025 837 2077 dignam
871 2037 984 2066 sane
1015 2025 1173 2066 dolore
1208 2032 1529 2077 peccatorum3
1561 2024 1791 2076 praecipit

155 2098 312 2149 itaque
347 2097 388 2137 ei
422 2103 471 2137 ut
507 2108 591 2147 pro
614 2103 915 2148 peccatorum
948 2097 1269 2148 magnitudine
1291 2097 1467 2137 diceret
1507 2096 1794 2137 cantilenam

155 2168 408 2220 quamdam
430 2167 633 2207 maxime
654 2179 680 2207 a
701 2169 950 2208 mundanis
971 2168 1317 2219 frequentatam
1348 2175 1392 2208 et
1413 2167 1723 2208 nobilitatam:
1747 2172 1793 2206 et

156 2239 293 2280 simul
322 2251 428 2279 eum
450 2239 624 2279 dimisit
646 2239 705 2279 ad
725 2246 907 2291 patrem
928 2246 1141 2280 nostrum
1174 2246 1421 2289 rectorem,
1446 2239 1524 2291 qui
1554 2252 1578 2279 e
1599 2238 1793 2289 regione

156 2310 324 2351 eodem
349 2310 632 2361 fungebatur
659 2322 865 2363 munere,
896 2318 944 2351 ut
974 2312 1030 2351 ab
1053 2323 1107 2351 eo
1129 2318 1377 2363 quaereret
1399 2322 1459 2350 an
1480 2310 1648 2350 merito
1670 2314 1795 2349 esset

158 2382 246 2422 sibi
266 2381 474 2422 iniuncta
495 2381 602 2421 talis
622 2382 925 2433 poenitentia,
949 2383 1049 2423 eius
1071 2383 1208 2423 simul
1230 2394 1374 2423 causa
1396 2382 1625 2433 exposita.
1648 2381 1797 2421 Porro

159 2453 313 2493 Patris
335 2452 530 2492 consilio
553 2458 597 2492 et
618 2453 901 2494 authoritate
923 2454 1041 2494 adeo
1060 2454 1145 2494 fuit
1168 2459 1445 2504 commotus,
1476 2460 1526 2493 ut
1553 2453 1711 2493 multis
1733 2454 1795 2492 la-

162 2524 371 2575 chrymis
393 2535 504 2564 suos
525 2524 684 2575 lapsus
705 2531 749 2564 et
770 2526 949 2565 scelera
971 2525 1146 2566 diluere
1168 2525 1390 2577 coeperit.
1413 2524 1535 2565 Huic
1557 2536 1651 2564 non
1673 2524 1796 2564 cedit

160 2594 392 2647 quaedam
425 2594 643 2645 foemina,
681 2607 815 2647 quae,
835 2607 940 2636 cum
961 2596 1164 2648 quinque
1186 2597 1322 2636 annis
1343 2597 1490 2636 uitam
1510 2595 1800 2636 traduxisset

162 2677 269 2706 cum
298 2665 548 2706 haereticis
583 2673 627 2706 et
661 2666 718 2705 ab
749 2667 914 2707 iisdem
948 2667 1190 2708 affluenter
1224 2674 1348 2708 esset
1382 2667 1570 2717 infecta,
1608 2666 1801 2707 tandem

163 2735 353 2777 Domini
372 2736 476 2777 Iesu
497 2737 743 2777 clementia
764 2745 990 2778 reuocata
1005 2738 1092 2779 fuit
1109 2751 1135 2779 a
1153 2739 1313 2790 prauis
1330 2738 1585 2789 erroribus,
1604 2744 1664 2788 et,
1689 2749 1798 2777 con-

162 2806 365 2848 fessione
393 2808 595 2856 exculta,
633 2814 678 2848 et
705 2807 862 2848 diuino
890 2820 1009 2860 pane
1039 2808 1230 2859 refecta,
1263 2809 1504 2850 Ecclesiae
1528 2808 1704 2849 Christi
1728 2814 1798 2848 est

165 2879 487 2920 reconciliata.

247 2948 447 2999 Quidam
473 2950 603 3002 ciuis,
628 2951 706 3003 qui
726 2952 878 3003 spatio
900 2951 1035 2992 unius
1057 2952 1167 2992 anni
1189 2957 1536 3003 contempserat
1558 2951 1802 2992 conscien-
