2047 3179
928 184 1008 220 AN.
1043 184 1132 219 1354
1781 187 1841 222 1Ἷὶ

209 282 494 322 conditionis
516 288 670 330 essent
692 279 934 327 homines),
955 285 1003 318 vt
1022 290 1259 329 nunquam
1277 279 1424 318 simile
1446 279 1554 319 milii
1575 282 1842 330 contigerit.

213 353 397 393 Nullam
420 353 678 392 sentiebam
700 349 1045 397 lassitudinem,
1070 347 1151 388 sed
1182 356 1276 388 tam
1300 361 1428 389 eram
1455 360 1621 389 recens
1653 349 1659 368 ¹
1692 362 1746 389 ac
1769 364 1847 391 no-

215 435 301 463 uus
319 424 518 475 vesperi,
538 435 640 463 eum
664 422 756 462 iam
772 420 836 460 631
857 420 972 460 hora
991 425 1128 468 esset,
1152 420 1285 477 quasi
1303 431 1439 459 mane
1460 419 1639 470 fuisset,
1659 422 1845 472 quando

214 495 509 546 incipiebam.
532 493 737 534 Mirabar
759 491 1005 543 plurimum
1030 490 1306 530 immensam
1335 490 1423 530 Dei
1446 490 1717 531 bonitatem.
1744 492 1846 532 Non

214 571 327 615 puto
351 566 551 617 aliquem
578 565 733 612 fuisse,
759 562 836 614 qui
866 573 956 601 non
990 561 1241 612 specialem
1273 573 1299 600 a
1331 560 1533 601 Domino
1563 569 1847 602 consecutus

212 642 286 675 est
307 636 526 686 gratiam,
551 642 601 675 vt
623 646 782 675 omnes
804 632 1070 672 fatebantur
1092 638 1136 671 et
1157 632 1465 671 mirabantur.
1496 631 1590 672 Nec
1620 632 1848 672 Dominus

217 707 488 755 canonicus,
508 707 678 757 hospes
695 711 867 753 noster,
888 715 911 742 a
931 703 1085 754 gratia
1104 703 1323 742 exclusus
1341 702 1440 742 fuit:
1460 703 1558 754 ipse
1579 715 1762 755 quoque
1785 705 1848 744 vi-

214 782 311 816 tam
329 778 490 816 statuit
507 777 725 816 ordinare
742 776 787 815 in
805 775 982 814 melius.
1004 773 1201 813 Dicebat
1218 774 1336 822 aliis,
1354 785 1426 813 me
1444 781 1704 824 praesente,
1725 775 1848 826 quod

215 847 262 886 in
284 848 380 887 vita
404 860 488 887 sua
510 850 601 888 tale
623 847 732 898 quitl
753 845 1030 895 Nouiomagi
1061 856 1152 884 non
1175 845 1469 895 contigisset,
1493 856 1578 884 nec
1609 858 1632 884 a
1663 853 1848 886 centum

217 918 351 958 annis
373 919 463 958 tale
485 919 593 970 quid
616 918 826 958 auditum
845 916 1004 956 fuisse.

296 989 506 1029 Tandem
527 990 627 1041 ipso
650 988 722 1029 die
744 987 903 1029 Sancti
929 987 1197 1036 Clementis,
1222 987 1365 1036 clam,
1389 988 1553 1038 paucis
1578 988 1848 1036 scientibus,

217 1060 385 1100 iterum
408 1060 650 1100 Coloniam
674 1059 947 1111 proficiscor
968 1056 995 1107 ’·’;
1019 1057 1121 1109 ipso
1143 1069 1256 1097 vero
1279 1058 1351 1097 die
1373 1057 1575 1098 Sanctae
1598 1058 1847 1108 Caeciliae,

219 1130 431 1171 videntes
453 1143 614 1171 omnes
635 1131 722 1177 Dei
746 1130 1066 1181 operationem
1088 1135 1132 1168 et
1152 1128 1325 1169 Christi
1345 1128 1455 1180 Jesu
1477 1129 1682 1180 gratiam
1706 1130 1849 1169 omni-

220 1202 306 1241 bus
330 1204 431 1250 (sua
455 1202 718 1251 clementia)
741 1201 1141 1250 administratam,
1173 1206 1463 1250 rogauerunt
1485 1200 1654 1240 obnixe
1676 1206 1720 1240 et
1751 1206 1851 1240 coe-

218 1280 389 1323 gerunt
424 1280 474 1313 vt
509 1275 664 1314 locum
691 1284 796 1313 cum
823 1271 1035 1312 domibus
1064 1271 1273 1322 recipere
1307 1272 1492 1312 vellem:
1532 1272 1752 1323 respondi
1779 1284 1851 1312 me

219 1345 502 1396 scripturum
525 1344 584 1384 ad
608 1344 654 1384 P.
680 1344 738 1384 V.
761 1343 969 1384 Tandem
991 1343 1207 1394 precibus
1231 1343 1386 1382 multis
1410 1342 1497 1382 hoc
1524 1343 1849 1394 impetrarunt,

217 1420 268 1454 vt
290 1416 446 1455 claues
468 1416 632 1455 domus
660 1415 936 1466 reciperem,
968 1419 1012 1453 et
1040 1413 1225 1465 quando
1254 1412 1600 1464 Nouiomagum
1632 1414 1849 1464 redirem,

218 1486 432 1526 domibus
453 1493 609 1526 Vterer
631 1498 714 1537 pro
736 1485 952 1536 hospitio,
979 1491 1028 1524 vt
1050 1484 1262 1524 homines
1279 1484 1553 1524 consulendi
1573 1485 1728 1534 gratia
1748 1496 1850 1536 pos-

216 1562 321 1596 sent
340 1568 427 1596 nos
448 1557 637 1597 liberius
666 1556 912 1605 accedere,
938 1566 1137 1607 quorum
1161 1554 1313 1594 adhuc
1340 1555 1574 1595 maximus
1605 1562 1675 1595 est
1696 1567 1853 1595 nume-

218 1639 311 1677 rus,
336 1628 502 1679 quibu-s
523 1640 615 1667 non
637 1628 836 1667 dabatur
862 1627 993 1666 locus
1013 1637 1098 1665 nec
1127 1631 1311 1677 tempus
1342 1637 1427 1665 nos
1460 1625 1739 1666 accedendi:
1774 1627 1853 1678 qui

214 1699 344 1738 circa
372 1698 585 1738 Natalem
613 1697 822 1747 Domini,
855 1696 1106 1736 aduentum
1141 1703 1352 1736 nostrum
1387 1703 1651 1748 expectant.
1693 1696 1852 1747 Quare

218 1769 447 1819 cogitaui,
472 1770 510 1809 si
538 1762 767 1809 Dominus
793 1768 860 1807 sic
883 1767 1191 1815 ordinauerit,
1222 1766 1437 1807 Natalem
1469 1767 1657 1808 Domini
1685 1767 1854 1807 Nouio-

221 1841 347 1890 magi
373 1841 634 1890 celebrare;
667 1840 749 1880 sed
770 1839 826 1879 de
857 1839 928 1878 his
955 1840 1088 1890 plura
1118 1838 1279 1890 primis
1307 1838 1456 1879 literis
1484 1839 1542 1879 ad
1570 1839 1618 1879 P.
1649 1839 1708 1879 V.
1741 1839 1854 1879 scri-

220 1911 397 1951 bendis.

303 1981 551 2023 Confrater
586 1988 745 2021 noster
779 1981 839 2021 M.
881 1981 1118 2035 Johannes
1159 1980 1215 2020 de
1255 1980 1465 2020 Cathena
1489 2012 1495 2029 ,
1533 1992 1605 2020 me
1646 1981 1853 2031 absente,

220 2055 437 2094 omnibus
458 2054 574 2093 bene
596 2053 868 2092 satisfacere
898 2058 1064 2104 potest.
1089 2052 1287 2103 Quando
1319 2052 1442 2091 enim
1464 2051 1735 2102 proficiscor
1765 2064 1858 2092 non

225 2125 302 2164 diu
324 2132 458 2164 extra
478 2125 718 2164 Coloniam
738 2125 908 2163 haereo
931 2123 966 2173 5;
985 2123 1083 2175 ipse
1104 2123 1195 2162 iam
1219 2134 1268 2161 se
1289 2129 1424 2172 parat
1448 2122 1507 2162 ad
1527 2122 1726 2173 gradum
1754 2123 1856 2162 bae-

222 2198 522 2236 calaureatus
544 2195 717 2235 Sacrae
739 2195 1042 2245 Theologiae.

304 2267 403 2307 Non
428 2267 564 2306 facile
585 2267 820 2317 explicare
844 2277 1033 2317 possum
1055 2271 1280 2317 quantum
1303 2264 1483 2304 fructus
1504 2264 1762 2316 spiritualis
1795 2271 1859 2305 at-

223 2338 378 2378 tulerit
413 2337 868 2387 Nouiomagensibus
904 2337 1057 2377 abitus
1093 2335 1310 2386 Magistri
1338 2335 1533 2375 Henrici
1565 2335 1782 2387 Dionysii
1815 2344 1860 2376 et

224 2408 438 2459 Magistri
459 2409 667 2448 Thomae
691 2407 715 2455 '·,
740 2409 806 2447 sic
829 2408 1001 2447 relictis
1024 2407 1237 2447 omnibus
1255 2406 1492 2446 Christum
1515 2406 1768 2446 Dominum
1790 2420 1859 2447 se-

224 2480 409 2531 quendo
434 2480 462 2517 ⁵.
486 2479 660 2520 Omnes
682 2479 805 2519 enim
827 2479 917 2519 hoc
939 2479 1152 2529 exemplo
1175 2477 1378 2517 maxime
1401 2477 1632 2517 aedificati
1655 2486 1785 2524 sunt,
1810 2486 1854 2518 et

224 2551 411 2602 plurimi
457 2562 617 2591 eorum
663 2551 927 2600 exemplum
967 2554 1198 2589 conantur
1238 2548 1426 2588 imitari.
1471 2547 1641 2598 Quare,
1684 2549 1862 2589 relictis

225 2622 386 2662 mundi
409 2622 717 2669 vanitatibus,
742 2620 927 2672 saepius
959 2619 1171 2660 confiteri
1199 2617 1386 2659 student
1417 2624 1461 2659 et
1491 2620 1859 2668 communicare,

284 2807 291 2826 ¹
333 2808 395 2834 sed
408 2807 563 2841 perinde
585 2812 720 2832 recens

282 2854 295 2873 2
330 2856 460 2890 paucis
474 2853 682 2885 scienlz'bns,
698 2853 801 2879 redeo
819 2853 1007 2880 Coloniam.

284 2902 298 2919 ⁵
336 2904 439 2929 extra
455 2902 632 2929 Coloniam
650 2908 716 2927 non
733 2900 795 2926 diu
811 2900 950 2928 haereo.

282 2951 297 2970 ⁴
334 2950 421 2977 Vide
437 2949 586 2977 Pommm
602 2948 806 2978 Clzronicon.
835 2952 858 2974 t.
873 2955 1017 2982 1v,pag,
1031 2947 1094 2979 2711,
1110 2955 1141 2973 n.
1157 2946 1220 2973 579.

281 2997 297 3018 5
336 2998 396 3031 qui
409 2998 460 3024 sic
476 2997 611 3023 relictis
626 2996 789 3022 omnibus
806 2995 983 3022 Christum
1001 2995 1194 3021 Dominum
1213 2992 1328 3020 secuti
1341 2993 1437 3019 sunt.
