2047 3179
246 114 317 151 390
443 104 447 109 ⁴
757 113 984 151 L11'TERAE
1012 124 1373 158 QUADRIMESTRES

242 209 381 250 rauit.
415 209 617 260 Magnus
654 209 738 250 fuit
768 215 878 250 tunc
907 209 1227 250 confitentium
1257 216 1302 249 et
1332 210 1777 251 communicantium
1807 223 1884 251 nu·

245 291 414 331 merus,
439 281 518 332 qui
537 291 701 320 rursus
723 280 782 320 ad
804 280 973 320 festum
994 280 1235 331 paschatis
1256 280 1517 320 confessuri
1545 281 1604 321 ad
1633 293 1717 321 nos
1739 282 1886 322 redie-

244 359 366 402 runt,
393 363 591 403 quorum
613 352 735 392 votis
756 351 893 392 facile
917 351 1211 391 satisfactum
1241 358 1381 402 esset,
1405 352 1494 391 nisi
1512 353 1728 402 paucitas
1748 353 1886 392 obsti-

222 446 224 448 *
246 423 378 463 tisset
401 423 715 473 sacerdotum;
740 423 818 462 vbi
840 434 964 462 nunc
985 421 1039 461 R.
1064 421 1163 461 Tua
1187 422 1347 462 videre
1368 428 1521 473 potest
1545 435 1602 462 an
1621 422 1790 463 fratres
1809 435 1885 463 no-

246 495 346 542 stri,
371 495 449 546 qui
470 493 807 534 nudiustertius
828 493 1031 543 insignia
1054 492 1316 543 Magisterii
1332 493 1504 533 artium
1525 505 1775 545 suscepere
1793 494 1887 545 (qui

247 565 434 617 quidem
456 571 563 605 sunt
585 564 772 604 diaconi
793 570 837 603 et
854 563 1162 614 subdiaconi),
1189 564 1388 604 debeant
1416 576 1564 616 ocyus
1592 564 1649 603 ad
1671 564 1884 605 sacerdo-

246 638 364 676 tales
392 647 576 688 quoque
608 635 795 675 ordines
826 635 1092 686 promoueri
1128 641 1194 685 vt,
1226 635 1618 686 quemadmodum
1639 647 1763 675 nunc
1785 647 1885 687 ger-

247 707 444 747 manicis
474 706 776 746 concionibus
804 706 1029 757 populum
1058 706 1310 753 instruunt,
1341 706 1406 745 ita
1434 712 1478 746 et
1510 707 1555 746 in
1585 706 1887 747 confessioni-

247 780 333 819 bus
354 779 421 819 eis
441 778 671 818 inseruire
693 777 751 818 sit
773 777 935 829 pietati
957 783 1345 828 consentaneum,
1369 777 1451 817 sed
1475 777 1521 817 id
1543 777 1601 818 V.
1622 777 1670 817 P.
1691 778 1886 819 arbitrio

248 851 567 902 relinquimus.

328 922 530 972 Magnus
551 920 637 961 fuit
658 921 800 960 etiam
827 926 1027 972 Vtroque
1049 926 1260 972 tempore
1283 921 1544 961 alienarum
1564 921 1806 961 nationum
1827 922 1887 962 ad

248 1005 336 1033 nos
359 1003 632 1042 concursus,
651 993 904 1044 praecipue
921 998 1078 1032 tamen
1094 992 1433 1043 hyspanorum,
1453 999 1497 1032 et
1515 992 1702 1044 quidem
1718 993 1886 1044 prima-

248 1065 425 1104 riorum
446 1064 657 1104 virorum
685 1076 743 1103 ex
773 1064 881 1103 aula
910 1062 1185 1104 Sereniss.ae
1216 1063 1427 1114 Reginae
1447 1063 1703 1104 Bohemiae
1733 1063 1759 1114 ¹,
1789 1064 1885 1115 qui-

249 1137 335 1176 bus
356 1136 572 1176 omnibus
593 1146 767 1186 magna
791 1146 898 1175 cum
919 1146 1081 1175 eorum
1103 1140 1147 1174 et
1169 1134 1497 1175 aedificatione
1517 1142 1560 1174 et
1578 1135 1733 1174 fructu
1754 1135 1886 1175 satis-

247 1207 423 1248 factum
446 1207 696 1257 credimus,
721 1212 772 1246 Vt
794 1206 850 1246 de
873 1206 998 1246 italis
1020 1212 1064 1245 et
1086 1206 1224 1256 gallis
1246 1212 1444 1256 taceam,
1471 1206 1636 1257 quibus
1666 1217 1755 1257 ego
1778 1217 1885 1257 quo-

250 1291 338 1330 que
369 1290 454 1330 pro
482 1290 586 1319 mea
614 1278 842 1318 tenuitate
870 1277 912 1316 in
944 1277 1034 1317 hac
1064 1283 1198 1328 parte
1228 1276 1341 1317 dare
1373 1289 1565 1328 operam
1587 1277 1746 1329 jussus
1766 1289 1884 1322 sum.

248 1362 359 1390 nam
381 1349 629 1390 audiendis
649 1349 891 1400 germanis
912 1349 1026 1388 satis
1055 1348 1409 1400 occupabantur
1438 1347 1492 1388 R.
1525 1348 1573 1388 P.
1605 1348 1821 1389 Canisius
1843 1355 1888 1388 et

251 1422 478 1462 Godanus
499 1422 528 1462 ⁴².
554 1421 678 1461 Inter
695 1420 780 1460 hos
810 1431 972 1460 omnes
989 1419 1177 1459 fuerunt
1204 1431 1298 1459 non
1318 1420 1472 1471 pauci,
1502 1420 1581 1471 qui
1611 1420 1658 1460 in
1685 1420 1816 1470 locis,
1840 1420 1887 1460 in

246 1494 413 1545 quibus
434 1493 625 1544 linguae
647 1492 982 1533 commercium
1003 1503 1097 1531 non
1119 1491 1356 1531 habebant
1377 1490 1405 1541 ⁵,
1431 1491 1520 1531 sibi
1540 1491 1756 1531 barbaris
1773 1490 1788 1510 ⁴
1810 1491 1887 1531 diu

246 1564 541 1615 commorati,
565 1576 648 1616 per
670 1565 841 1604 multos
873 1575 1021 1603 annos
1052 1563 1361 1603 confessionis
1383 1563 1593 1603 antidoto
1618 1569 1886 1613 caruerant,

246 1637 342 1687 sed,
365 1642 617 1689 postquam
645 1646 841 1686 grauem
869 1635 997 1674 illam
1026 1634 1343 1674 conscientiae
1373 1645 1487 1674 suae
1512 1635 1683 1675 molem
1712 1634 1888 1674 salubri

245 1708 542 1748 confessione
563 1707 639 1746 hic
661 1707 993 1758 deposuerunt,
1017 1717 1067 1745 se
1090 1706 1275 1746 abunde
1297 1707 1566 1746 consolatos
1588 1717 1643 1746 ac
1660 1707 1809 1746 laetos
1826 1713 1887 1746 te-

245 1780 355 1820 stati
385 1786 507 1819 sunt.
542 1778 781 1829 Quantum
816 1790 932 1818 vero
964 1776 1236 1817 aedificetur
1265 1778 1467 1829 populus
1498 1777 1799 1828 germanicus
1830 1790 1888 1817 ex

245 1844 619 1886 confessionibus
642 1844 766 1895 apud
787 1850 974 1883 nostros
1003 1843 1276 1883 sacerdotes
1297 1842 1449 1893 factis,
1474 1842 1613 1883 fidem
1633 1843 1746 1883 facit
1768 1843 1886 1894 ipso-

244 1929 349 1957 rum
372 1917 449 1968 qui
471 1915 750 1956 confitentur
772 1915 1044 1965 admiratiO,
1068 1914 1191 1965 quod
1214 1914 1330 1954 adeo
1354 1920 1521 1954 exacte
1543 1914 1884 1963 examinentur,

246 1995 435 2040 praeter
469 1999 649 2028 morem
684 1998 797 2027 suae
832 1986 1029 2038 patriae,
1063 1986 1141 2037 qui
1174 1986 1188 2006 ⁵
1223 1997 1346 2026 nunc
1378 1998 1459 2037 per
1494 1986 1887 2026 lutheranismum

245 2061 424 2113 passim
458 2059 654 2100 inoleuit
690 2070 774 2110 per
810 2057 1115 2098 Germaniam
1149 2056 1178 2107 ⁶,
1218 2057 1433 2109 quodque
1462 2058 1528 2097 sic
1557 2056 1816 2097 doceantur
1844 2063 1888 2097 et

246 2133 549 2173 consolentur
570 2131 617 2170 in
639 2130 857 2170 Domino.

326 2203 402 2244 Ad
431 2203 549 2243 haec
577 2202 765 2254 plurimi
793 2201 868 2252 pia
900 2201 1105 2252 quadam
1133 2201 1447 2241 aemulatione
1474 2200 1763 2240 contendunt
1796 2200 1887 2239 cul-

247 2283 346 2315 tum
368 2275 453 2315 Dei
478 2282 522 2314 et
544 2280 763 2314 ornatum
784 2272 1013 2313 ecclesiae
1035 2278 1225 2312 nostrae
1248 2272 1295 2312 in
1317 2272 1416 2312 dies
1440 2271 1743 2323 amplificare.
1766 2271 1891 2311 Inter

248 2348 335 2387 hos
356 2346 609 2398 praecipue
636 2344 889 2385 Sereniss.a
917 2343 1099 2394 Regina
1129 2343 1397 2393 Bohemica,
1430 2355 1565 2395 quae,
1595 2344 1790 2382 multum
1812 2341 1890 2382 So-

247 2419 405 2459 cietati
427 2424 620 2458 nostrae
642 2417 829 2466 deuota,
859 2416 1043 2456 curauit
1066 2415 1255 2456 diuersa
1283 2415 1450 2455 altaria
1482 2414 1813 2466 pulcherrimis
1836 2424 1891 2453 ac

306 2556 313 2575 ¹
355 2554 476 2587 Maria,
493 2554 608 2581 Caroli
624 2553 656 2580 V
672 2553 752 2586 filia,
769 2557 802 2580 et
819 2552 1044 2580 Maximiliani
1060 2550 1102 2585 ΙΙ,
1120 2551 1332 2579 Ferdinandi
1347 2551 1361 2578 1
1377 2551 1436 2579 filii
1452 2551 1684 2586 primogeniti,
1700 2558 1798 2578 uxor.

304 2602 316 2620 '2
356 2603 391 2629 P.
410 2602 572 2629 Nicolaus
588 2602 627 2628 de
644 2600 765 2631 Flosis.
784 2600 1008 2627 communiter
1032 2600 1066 2627 Ρ.
1091 2599 1265 2634 Codanus,
1284 2599 1471 2626 Goudanus
1491 2600 1548 2626 vel
1564 2598 1750 2626 Gaudanus
1771 2598 1893 2625 dictus.

303 2651 316 2669 5
354 2651 473 2678 Verba
497 2651 582 2677 haec
600 2650 636 2676 in
652 2649 781 2683 quibus
795 2649 942 2682 linguae
963 2648 1218 2675 commercium
1241 2655 1308 2674 non
1330 2647 1519 2679 habehant,
1540 2646 1798 2681 perspicuitatis
1818 2653 1894 2679 gra-

251 2700 312 2731 tia,
328 2700 425 2733 signo
441 2703 477 2726 ut
494 2698 549 2725 hic
565 2698 762 2724 inserantur
775 2696 944 2730 apposito,
961 2696 1080 2723 addita
1097 2700 1174 2722 sunt
1187 2695 1220 2722 in
1236 2695 1390 2729 margine
1407 2703 1426 2722 a
1442 2695 1601 2722 Polanco.

305 2748 318 2767 4
358 2747 474 2773 Verba
497 2746 581 2773 haec
604 2745 675 2772 sibi
695 2745 862 2771 barbaris
887 2744 1083 2771 cancellata
1108 2744 1270 2771 videntur
1290 2751 1310 2771 a
1326 2743 1485 2777 Polanco,
1508 2743 1565 2777 qui
1585 2743 1673 2770 forte
1689 2749 1804 2769 eorum
1820 2742 1894 2767 loco

252 2795 412 2822 substitui
429 2794 569 2821 volebat
586 2800 672 2827 quae
687 2793 719 2819 in
736 2793 903 2827 margine,
919 2796 955 2819 ut
971 2792 1195 2819 annotatione
1210 2791 1440 2826 praecedente
1456 2791 1614 2824 diximus,
1628 2789 1784 2824 scripsit.

307 2843 318 2862 Ξ
358 2843 418 2876 qui
433 2841 622 2875 scripserat
636 2839 801 2873 Erardus;
817 2840 876 2867 sed
889 2840 1074 2866 emendans
1086 2839 1210 2874 aliquis
1221 2839 1370 2873 scripsit,
1387 2843 1422 2866 ut
1435 2839 1583 2872 videtur,
1596 2844 1777 2873 perperam
1792 2843 1893 2870 quae.

307 2889 321 2910 6
360 2890 447 2917 Vide
463 2896 579 2923 supra,
597 2892 620 2914 t.
636 2894 671 2921 11,
687 2895 765 2921 pag.
785 2887 848 2919 638,
874 2895 1002 2914 morem
1024 2887 1113 2914 hunc
1138 2887 1348 2921 descriptum
1372 2888 1414 2914 ab
1436 2887 1508 2920 ipso
1529 2885 1675 2919 Erard0;
1697 2889 1730 2912 et
1746 2885 1895 2912 POLANCI

256 2938 467 2971 Cltronz'con,
482 2942 506 2964 t.
521 2943 567 2970 iv,
585 2942 664 2970 pag.
679 2935 741 2968 241,
759 2943 790 2962 n.
805 2935 871 2962 529.
