2047 3179
872 192 955 229 AN.
987 192 1078 229 1554
1733 194 1800 230 170

159 294 368 344 quentia,
393 292 466 332 uel
487 289 794 332 confessionis
811 288 965 340 potius
983 299 1141 328 amore
1159 293 1297 338 capta
1316 289 1494 338 mulier,
1520 301 1638 340 quae
1660 302 1795 340 quos—

160 365 275 404 dam
296 370 454 414 patres
475 362 621 403 tribus
642 362 734 401 iam
755 359 890 400 annis
912 359 1064 398 uisere
1084 359 1279 406 solebat,
1305 359 1463 410 eisque
1493 365 1687 410 peccata
1711 372 1794 400 sua

166 434 394 484 confiteri,
421 434 479 474 ad
500 445 580 473 eos
602 432 753 473 redire
779 429 1025 479 renuebat,
1058 429 1195 481 idque
1225 430 1349 480 quod
1378 430 1622 470 cuiusdam
1644 430 1797 470 Patris

166 505 319 546 nostri
337 504 662 545 exhortatione
683 508 728 542 et
749 500 1066 542 confitentium
1088 501 1223 551 copia
1246 501 1399 551 magis
1424 501 1714 541 mouebatur.
1740 502 1796 541 Et

168 576 384 626 quamuis
406 575 463 615 ab
485 572 805 615 huiuscemodi
826 571 1043 621 opinione
1073 570 1413 620 dehortaretur,
1438 583 1530 611 non
1552 579 1799 623 propterea

172 646 385 687 reuocari
399 646 560 697 potuit,
577 645 686 696 quin
700 643 904 696 quotidie
917 653 1103 682 sacrum
1121 641 1336 681 auditura
1350 643 1573 693 templum
1587 650 1798 685 nostrum

171 723 363 769 peteret,
384 716 457 756 cui
480 729 502 755 a
527 715 701 755 nostris
723 714 862 754 etiam
884 713 1093 765 patribus
1115 719 1158 752 ct
1186 712 1494 752 confessionis
1519 720 1563 753 ct
1590 715 1800 755 cuchari-

172 788 287 827 stiae
310 799 535 838 persaepe
558 787 879 826 ministrantur
897 790 1209 824 sacramenta.

253 858 407 909 Quare
428 864 586 897 noster
608 857 657 897 P.
688 856 860 896 Rector
889 854 896 873 ¹
928 855 983 894 de
1012 855 1288 894 excellentia
1317 856 1602 896 sanctissimi
1636 856 1800 897 Sacra·

169 930 312 970 menti
333 929 554 969 nonnulla
576 929 745 975 dicere,
770 927 905 967 simul
926 928 1304 975 emolumentum,
1330 927 1452 978 quod
1481 927 1586 967 inde
1619 928 1797 979 profici-

168 1001 329 1050 scitur,
354 1000 675 1040 demonstrare
697 998 917 1045 decreuit,
943 997 1065 1048 quod
1088 997 1329 1049 foeliciter,
1354 997 1559 1038 Domino
1582 999 1669 1038 sibi
1688 1000 1800 1040 assi-

165 1077 340 1121 stente,
371 1079 441 1111 est
464 1076 736 1122 exequutus.
766 1069 885 1109 Nam
912 1081 936 1108 a
968 1068 1062 1115 die,
1092 1080 1183 1119 quo
1211 1068 1355 1108 feriae
1385 1068 1480 1109 §.mi
1509 1069 1803 1111 Sacramenti

170 1143 483 1191 celebrantur,
508 1153 673 1193 nempe
695 1154 720 1181 a
743 1152 865 1180 nono
894 1140 1200 1180 kalendarum
1222 1140 1361 1193 Junii,
1392 1152 1538 1192 usque
1567 1141 1625 1181 ad
1654 1141 1679 1181 8
1709 1142 1800 1182 kal.

174 1214 399 1266 Augusti,
433 1214 616 1265 singulo
647 1224 828 1264 quoque
864 1212 982 1251 festo
1016 1211 1075 1250 ad
1111 1212 1334 1262 populum
1362 1213 1614 1252 conciones
1643 1214 1806 1254 habuit

176 1297 270 1335 eas,
308 1285 473 1336 quibus
509 1296 690 1324 summa
718 1285 956 1335 uoluptate
987 1283 1136 1323 omnis
1172 1283 1335 1323 concio
1370 1284 1666 1324 uescebatur.
1713 1284 1803 1325 Sed

177 1357 279 1408 quis
300 1369 393 1396 non
410 1362 555 1405 tanta,
579 1355 631 1395 R.
652 1355 718 1404 R,
738 1353 949 1406 mysterii
970 1354 1201 1394 suauitate
1219 1355 1414 1394 allectus
1435 1355 1616 1396 fuisset?
1634 1356 1804 1398 Acces-

177 1429 235 1468 sit
256 1427 315 1467 ad
336 1428 382 1468 id
399 1426 690 1479 probandum
713 1425 997 1466 incredibilis
1020 1425 1250 1476 quaedam
1273 1426 1612 1467 authoritatum
1641 1434 1686 1467 et
1707 1439 1804 1468 sen-

177 1499 428 1539 tentiarum
458 1498 613 1549 copia;
652 1504 750 1537 tum
778 1496 1140 1548 Prophetarum,
1176 1496 1532 1547 Apostolorum,
1565 1504 1608 1538 et
1644 1510 1808 1539 sacrae

175 1570 319 1610 etiam
349 1570 635 1620 scripturae:
667 1576 764 1608 tum
799 1567 1077 1608 Sanctorum
1106 1567 1296 1607 Patrum
1328 1568 1633 1619 frequentiae.
1673 1569 1809 1610 Vnde

172 1641 385 1681 nonnulli
406 1647 586 1680 tantam
610 1638 704 1679 ΞΛΜ
721 1638 1012 1679 Sacramenti
1039 1639 1393 1689 praestantiam,
1424 1645 1468 1678 et
1489 1651 1547 1679 ex
1569 1651 1623 1679 eo
1653 1641 1809 1692 cogni-

176 1713 351 1753 tionem
374 1711 613 1762 accepisse
636 1710 943 1760 affirmabant,
966 1715 1015 1749 ut
1037 1721 1212 1759 omnes,
1237 1710 1316 1761 qui
1338 1721 1496 1750 secum
1519 1711 1720 1752 dehisce
1741 1725 1809 1753 re-

176 1784 260 1824 bus
282 1790 491 1834 agerent,
517 1783 561 1822 in
586 1782 879 1822 mirationem
901 1780 1105 1821 incidere
1135 1787 1385 1832 oporteret:
1413 1794 1519 1822 nam
1547 1795 1639 1823 non
1662 1784 1708 1824 in
1730 1797 1810 1825 au-

177 1855 306 1895 ribus
326 1855 478 1903 modo,
501 1853 581 1893 sed
605 1854 648 1892 in
672 1852 876 1893 omnium
894 1863 1076 1903 quoque
1094 1852 1241 1891 oculis
1261 1853 1385 1892 illam
1405 1852 1502 1892 §.¹¹¹³
1517 1853 1810 1896 Sacramenti

176 1926 631 1977 praestantissimam
653 1924 941 1963 nobilitatem
962 1930 1006 1963 et
1025 1923 1145 1963 illius
1165 1923 1426 1972 utilitatem,
1451 1937 1605 1975 quam.
1632 1938 1747 1977 pure
1765 1935 1808 1967 et

182 2004 230 2038 ut
257 1998 391 2038 decet
421 2003 678 2043 sumentes,
705 2000 1031 2046 assequuntur,
1061 1994 1243 2034 defixit:
1279 1995 1411 2035 cuius
1439 1997 1507 2036 rei
1544 2009 1714 2038 nomen
1745 1998 1813 2038 sic

184 2070 276 2109 late
306 2081 389 2120 per
421 2068 659 2108 ciuitatem
688 2066 912 2114 manauit,
942 2072 990 2105 ut
1013 2066 1071 2105 ad
1095 2077 1232 2105 aures
1259 2066 1382 2106 fama
1408 2068 1636 2108 uolauerit
1664 2070 1812 2110 cuius-

185 2140 308 2191 dam,
339 2140 415 2191 qui
445 2140 609 2179 librum
633 2139 688 2178 de
710 2137 851 2177 Missa
875 2137 1163 2186 condiderat,
1197 2149 1335 2188 quem
1363 2149 1468 2178 cum
1498 2139 1618 2189 loca,
1650 2140 1815 2191 quibus

183 2211 406 2252 Sanctum
429 2210 786 2250 Sacramentum
808 2209 1048 2259 probatur,
1074 2209 1286 2257 laterent,
1317 2215 1528 2249 nostrum
1551 2210 1602 2250 R.
1628 2211 1816 2252 Patrem

185 2282 430 2328 consuluit,
456 2281 530 2321 cui
553 2280 848 2326 cumulatius,
881 2291 1020 2330 quam
1050 2280 1194 2319 literis
1223 2280 1450 2331 explicari
1478 2289 1650 2332 posset,
1683 2283 1815 2324 satis-

187 2354 311 2394 fecit.

265 2424 416 2473 Nulla,
441 2423 493 2463 R.
518 2422 593 2472 P.‚
618 2422 865 2462 miratione
887 2423 1104 2473 capiaris,
1130 2423 1167 2462 si
1190 2423 1421 2474 quaedam
1444 2426 1606 2466 mulier
1630 2427 1818 2478 proprio

188 2496 408 2536 destituta
433 2495 550 2543 uiro,
575 2506 666 2533 non
689 2493 812 2544 quod
834 2493 983 2533 eidem
1011 2494 1163 2533 lucem
1192 2495 1362 2535 intueri
1388 2508 1481 2536 non
1502 2496 1709 2548 daretur,
1739 2498 1819 2538 sed

188 2566 313 2618 quod
330 2566 509 2605 itineris
527 2565 772 2605 interuallo
789 2564 928 2615 longe
946 2564 1143 2613 abesset,
1165 2565 1243 2605 alii
1261 2573 1478 2618 nuptura,
1499 2579 1643 2619 opera
1660 2575 1705 2609 et
1722 2581 1820 2609 ora·

189 2637 392 2677 tionibus
427 2636 671 2676 cuiusdam
717 2647 775 2674 ex
821 2634 993 2675 nostris
1042 2635 1252 2686 patribus
1297 2648 1324 2675 a
1376 2639 1607 2679 sententia
1646 2639 1823 2680 destitit

190 2707 424 2758 (quamuis
446 2707 535 2746 hoc
559 2718 650 2746 non
673 2706 871 2756 exiguus
894 2707 1204 2757 praecesserit
1227 2708 1388 2758 labor),
1427 2721 1546 2760 quae
1575 2711 1664 2751 hac
1692 2723 1823 2763 prae-

194 2780 328 2832 cipue
348 2779 529 2819 ratione
553 2778 691 2817 ducta
714 2777 758 2816 id
780 2776 947 2828 exequi
969 2777 1159 2817 omnino
1190 2779 1511 2831 constituerat,
1547 2782 1671 2833 quod
1700 2783 1823 2833 loca,

188 2862 310 2902 quae
332 2850 505 2890 coniux
526 2854 718 2897 teneret,
743 2847 866 2887 fama
889 2859 1082 2899 prorsus
1104 2849 1456 2892 recondidisset:
1489 2853 1743 2894 accedebat
1768 2860 1825 2895 eo

249 3011 258 3030 ¹
298 3010 334 3039 P.
351 3010 499 3043 Joannes
515 3009 732 3037 Pelletarius.
