2047 3179
232 143 304 182 706
758 145 986 185 LITTERAE
1002 158 1363 192 QUADRIMESTRES

959 599 1170 654 CDXL

295 834 429 872 Pater
452 834 630 881 Gaspar
646 836 919 882 FernandeZ,

342 899 412 937 Ex
431 901 752 939 commissione
772 902 917 940 Patris
939 902 1155 951 Gasparis
1176 903 1230 941 de
1250 903 1479 950 Azevedo,

389 966 511 1004 Patri
529 966 700 1014 Ignatio
727 967 780 1006 de
800 967 986 1016 Loyola.

437 1031 613 1080 Burgis,
635 1032 681 1070 23
700 1033 962 1071 Decembris
983 1034 1076 1084 1555
1094 1034 1121 1070 ¹.

984 1189 1096 1266 ulis

612 1384 882 1426 Admodum
908 1385 1008 1427 Rfle
1031 1387 1077 1427 in
1101 1386 1287 1428 Christo
1309 1386 1462 1429 Patei.

296 1455 461 1497 Gratia
485 1462 530 1497 et
549 1469 643 1509 pax
666 1457 855 1509 Christi,
880 1463 968 1498 ete.

282 1526 415 1569 ⁴Cum
444 1540 503 1569 ex
527 1528 854 1569 laudatissimo
879 1540 1009 1570 more
1035 1529 1185 1570 nostri
1218 1529 1417 1570 instituti
1445 1531 1747 1574 obseruatum
1777 1534 1856 1574 ha-

212 1600 423 1651 beamus,
447 1605 499 1641 vt
521 1600 676 1640 omnia
699 1611 819 1652 quae
838 1612 922 1652 per
943 1607 1198 1653 quaternos
1220 1613 1405 1642 menses
1422 1602 1542 1642 scitu
1563 1603 1707 1654 digna
1729 1605 1853 1657 apud

211 1683 299 1712 nos
319 1671 448 1723 fiant,
472 1671 573 1712 Tua
594 1671 859 1712 paternitas
877 1684 903 1712 a
924 1672 1058 1713 nobis
1080 1672 1298 1725 accipiat,
1318 1685 1376 1713 ne
1399 1673 1575 1714 Christi
1591 1681 1634 1715 et
1654 1675 1851 1717 charita-

210 1743 271 1784 tis
291 1743 547 1794 vinculum,
578 1743 701 1795 quod
729 1750 891 1784 nostra
919 1742 1132 1784 Societas
1154 1744 1413 1796 profitetur,
1444 1746 1489 1785 in
1517 1745 1606 1786 hac
1629 1758 1722 1787 vna
1753 1748 1845 1799 epi-

210 1815 439 1855 stolarum
468 1820 628 1854 mutua
660 1814 1085 1855 communicatione
1118 1814 1358 1866 deficeret,
1394 1827 1499 1857 cum
1526 1829 1609 1868 per
1641 1818 1850 1860 eiusdem

209 1885 384 1927 Christi
419 1885 624 1937 gratiam
656 1885 703 1925 in
739 1885 843 1926 aliis
878 1886 1243 1938 superabundet3
1280 1887 1436 1927 facere
1470 1900 1564 1928 non
1601 1900 1857 1940 possumus-

208 1957 320 2010 quin
341 1969 411 2009 ea,
436 1968 556 2009 quae
579 1957 703 2009 apud
725 1963 939 1997 nostrum
962 1958 1212 2009 collegium
1232 1958 1474 2010 Burgense
1496 1959 1542 1999 in
1563 1959 1661 2001 dies
1689 1960 1849 2002 diuina

205 2040 374 2070 manus
394 2034 630 2080 operatur,
654 2040 738 2080 per
759 2028 1006 2081 epistolam
1026 2029 1156 2070 Tuae
1178 2029 1227 2070 P.
1253 2035 1364 2070 nota
1385 2030 1630 2072 faciamus.

281 2101 388 2154 Jam
410 2100 612 2152 primum
633 2106 684 2140 vt
707 2100 763 2140 de
784 2106 970 2152 patrum
992 2106 1037 2141 et
1059 2101 1257 2141 fratrum
1287 2113 1480 2142 numero
1502 2102 1738 2154 intelligas
1759 2104 1840 2145 ali-

204 2172 331 2225 quid,
355 2172 480 2213 scias
501 2183 586 2212 nos
609 2183 770 2211 omnes
793 2183 895 2212 esse
916 2171 1093 2222 decem,
1124 2179 1175 2212 vt
1203 2173 1278 2213 vel
1299 2184 1359 2213 ex
1385 2185 1582 2213 numero
1612 2175 1850 2216 rationem

251 2357 262 2378 ¹
305 2357 391 2384 Bina
406 2361 482 2383 sunt
499 2356 623 2383 harum
639 2356 838 2383 litterarum
853 2357 1011 2391 exempla
1027 2357 1258 2391 autographa;
1275 2357 1421 2391 primum
1437 2358 1469 2384 in
1484 2357 1564 2385 folio
1580 2358 1716 2393 duplici,
1735 2367 1766 2386 n.
1779 2359 1849 2395 A39,.

197 2406 229 2433 in
245 2406 371 2433 volum.
388 2404 467 2432 anni
481 2404 560 2439 1555;
574 2405 721 2431 alterum
738 2404 769 2431 in
787 2404 867 2431 folio
883 2404 964 2431 item
980 2404 1116 2438 duplici,
1133 2412 1165 2431 n.
1180 2404 1244 2438 363,
1260 2405 1292 2431 in
1308 2405 1433 2432 volum.
1450 2404 1529 2432 anni
1553 2404 1842 2435 1556.-Differunt

195 2456 312 2480 autem
327 2452 558 2486 sequentibus:
576 2451 620 2479 l.⁰
634 2451 667 2478 in
683 2451 791 2485 primo
807 2455 940 2479 tantum
956 2451 1173 2486 subscriptio,
1191 2459 1210 2479 a
1223 2452 1339 2479 verbis
1355 2451 1453 2479 Bene
1467 2452 1560 2484 vale,
1581 2456 1632 2480 est
1657 2460 1756 2481 manu
1776 2454 1840 2481 Pa-

195 2501 260 2528 tris
275 2499 483 2532 Fernandez;
505 2500 652 2526 alterum
668 2503 778 2526 totum
793 2499 864 2533 ipse
886 2499 1060 2526 exaravit.
1083 2499 1130 2526 2.0
1152 2499 1297 2532 primum
1319 2498 1353 2526 in
1373 2500 1526 2533 pluribus
1548 2500 1765 2528 emendatum
1788 2505 1841 2529 est

195 2556 298 2576 manu
313 2549 442 2582 ignota,
459 2550 553 2574 certo
570 2547 747 2580 flandrica;
763 2548 912 2575 alterum
927 2547 960 2574 in
975 2547 1190 2581 paucissimis
1205 2547 1274 2574 alia
1289 2554 1391 2574 manu
1403 2547 1509 2574 etiam
1523 2547 1652 2581 ignota.
1667 2548 1711 2575 3.0
1726 2548 1760 2576 in
1775 2549 1843 2583 pri-

194 2603 248 2623 mo
263 2595 476 2623 desideratur
492 2595 563 2622 dies
587 2598 619 2621 et
642 2602 761 2626 annus,
786 2602 851 2621 non
873 2594 922 2622 ita
944 2594 977 2621 in
1000 2594 1159 2622 secundo.
1174 2594 1221 2621 4⁰
1236 2594 1290 2621 ubi
1313 2595 1460 2629 primum
1488 2594 1584 2621 Tuus
1606 2595 1780 2622 minimus
1802 2597 1844 2623 in

196 2643 345 2675 Christo,
359 2643 508 2670 alterum
528 2642 632 2669 habet
658 2641 752 2669 Tuus
768 2643 805 2669 z'n
833 2641 979 2669 Christo.
1003 2641 1050 2668 5.⁰
1069 2642 1216 2677 primum
1236 2646 1313 2676 post
1337 2642 1622 2676 subscriptionem
1646 2643 1750 2670 habet
1774 2643 1841 2671 hoc

197 2692 340 2719 verbum
358 2690 562 2725 Duplz‘cata,
589 2690 675 2724 quod
697 2697 762 2717 non
788 2694 838 2717 est
862 2690 894 2717 in
918 2690 1043 2717 altero.
1065 2689 1137 2716 6um
1160 2689 1344 2717 discrimen
1368 2690 1523 2717 dabimus
1547 2694 1623 2725 post
1648 2692 1842 2725 superseri·-

196 2739 358 2773 ptionem.

250 2784 603 2812 Animadvertendum
619 2789 671 2812 est
686 2785 791 2812 etiarn
808 2785 871 2812 has
892 2785 1030 2812 litteras
1045 2792 1119 2812 esse
1136 2785 1281 2812 latinum
1306 2785 1507 2820 exemplum,
1530 2785 1617 2819 quod
1636 2787 1734 2821 juxta
1753 2786 1834 2812 Con-

195 2832 438 2864 stitult'onnm,
452 2836 540 2866 part.
556 2839 629 2866 vm,
645 2839 719 2866 cap.
736 2840 756 2866 ι,
773 2831 813 2861 Μ.
832 2831 949 2859 confici
961 2832 1171 2866 Romamque
1184 2832 1273 2860 mitti
1289 2832 1417 2867 debuit,
1433 2833 1630 2860 litterarum
1644 2834 1832 2860 vernacula

194 2879 312 2913 lingua
328 2879 546 2912 scriptarum.
564 2886 647 2913 quas
662 2880 882 2913 praecedenti
901 2887 1042 2907 numero
1059 2880 1221 2906 dedimus.
1244 2879 1316 2907 Hoc
1339 2884 1452 2906 tamen
1476 2880 1619 2907 latinum
1641 2881 1834 2914 exemplum

194 2926 250 2953 hic
266 2926 427 2952 distincto
440 2926 516 2952 loco
532 2931 563 2953 et
579 2934 719 2954 numero
742 2928 907 2961 ponimus,
932 2928 1011 2961 quia
1031 2929 1059 2958 a)
1085 2927 1217 2961 longius
1233 2927 1318 2954 satis
1335 2932 1386 2954 est
1408 2935 1509 2961 quam
1531 2927 1710 2962 hispanum
1732 2931 1765 2954 et
1790 2928 1835 2955 ad

193 2973 378 3000 minutiora
394 2973 562 3006 quaedam
578 2973 764 3008 descendit,
795 2976 822 3006 b)
837 2975 904 3001 alio
921 2975 972 3001 die
989 2975 1105 3002 datum
1121 2980 1182 3008 est,
1201 2980 1234 3002 et
1260 2975 1284 3008 c)
1297 2975 1339 3002 ab
1359 2975 1426 3002 alio
1446 2975 1684 3009 subscriptum.

417 3050 430 3067 ,⁷
439 3059 455 3070 ‚a
