2047 3179
205 148 281 185 438
725 149 952 188 L1TTERAE
973 160 1331 194 QUADRuusssTREs

208 246 379 293 allecti,
405 257 460 285 ac
483 247 554 286 his
576 247 921 287 honestissimis
942 247 1186 286 literarum
1207 245 1373 285 studiis
1390 245 1595 295 distenti,
1614 251 1713 285 tum
1735 246 1843 286 faci-

210 317 297 356 lius
319 329 345 357 a
368 319 687 369 praesentium
708 319 1000 370 uoluptatum
1023 317 1261 357 blanditiis
1282 322 1577 366 reuocentur,
1602 323 1698 356 tum
1719 316 1843 357 foeli-

207 389 310 429 cius
332 389 389 429 ad
412 390 678 430 castitatem
701 396 744 430 et
767 401 954 429 omnem
975 389 1199 429 virtutem
1217 388 1594 439 amplectandam
1611 388 1845 428 stimulen-

209 466 299 510 tur,
323 466 421 500 tum
443 461 628 501 demum
652 461 856 501 alacrius
878 460 938 500 ad
958 466 1148 499 nostrae
1178 459 1421 510 religionis
1448 465 1744 499 sacramenta
1774 470 1845 499 co-

202 532 495 582 gnoscenda,
516 532 863 572 exsuscitentur
880 537 925 571 et
941 532 1302 571 inflammentur.
1318 531 1484 570 Frater
1497 529 1798 570 Sebastianus
1820 530 1843 577 ¹,

207 602 406 654 insignis
428 603 601 643 Christi
622 608 775 654 poeta,
807 603 944 643 simul
972 615 1076 643 cum
1106 602 1307 643 caeteris
1337 601 1511 642 Christi
1544 601 1709 652 poetis,
1740 612 1847 640 con-

207 674 405 725 spirauit
437 680 485 714 ut
520 685 679 714 musas
713 674 918 714 lasciuas
954 679 1187 725 vagantes
1224 684 1279 712 ac
1322 673 1482 712 exules
1521 684 1579 712 ex
1613 671 1806 712 Amonii
1834 671 1846 690 ‘²

204 746 443 786 montibus
471 752 514 785 et
542 745 781 785 Heliconis
813 744 1070 785 verticibus
1098 750 1303 793 reuocet,
1334 750 1379 783 et
1408 744 1456 783 in
1484 742 1611 795 Syon
1641 750 1684 783 et
1712 743 1846 783 Itabi—

207 817 329 857 rium
351 824 394 857 et
415 816 542 868 Syna
566 817 752 856 excelsa
774 816 985 867 reducat;
1006 828 1061 856 ac
1082 816 1382 865 incunabula,
1403 815 1650 866 praesepia
1674 813 1849 855 Christi

204 889 394 938 condat,
419 888 755 940 horrentiaque
787 888 996 928 eiusdem
1025 899 1157 927 arma
1178 887 1458 938 laboresque
1480 886 1739 937 sapientius
1758 886 1847 926 for-

205 959 391 1011 tiusque
413 961 625 1010 gentium
647 961 799 1010 poetis
821 965 976 1000 canat.
1001 959 1257 1010 Discipulis
1279 958 1421 1009 igitur
1444 964 1593 997 artem
1614 957 1848 1008 poeticam

205 1030 402 1071 mirifico
425 1031 617 1071 tradidit
639 1030 838 1071 artificio
862 1037 1145 1082 exercetque
1166 1030 1270 1069 illos
1292 1029 1581 1069 carminibus
1602 1028 1844 1069 faciendis.

206 1101 438 1154 Discipuli
459 1102 705 1153 diligenter
728 1102 837 1142 huic
859 1102 949 1142 arti
972 1113 1164 1153 operam
1187 1101 1299 1141 dant
1321 1112 1376 1140 ac
1398 1100 1605 1140 studiose
1637 1099 1845 1140 carmina

206 1174 427 1224 condunt,
466 1180 666 1225 suntque
700 1173 937 1225 plerisque
970 1172 1273 1213 admirationi
1307 1172 1354 1211 in
1387 1171 1477 1212 hac
1510 1172 1641 1222 vrbe,
1678 1171 1723 1210 in
1755 1182 1845 1221 qua

201 1246 344 1297 pauci
365 1245 661 1297 reperiuntur
677 1244 786 1285 huic
807 1245 900 1285 arti
922 1244 1079 1285 dediti.

288 1315 695 1367 Quemadmodum
730 1328 818 1356 nos
854 1316 980 1356 domi
1014 1316 1302 1368 gesserimus
1333 1321 1472 1366 atque
1511 1314 1558 1354 in
1590 1314 1843 1354 iuuentutis

200 1388 544 1428 institutionem
566 1388 968 1428 elaborauerimus
990 1387 1080 1427 hoc
1102 1398 1247 1437 anno,
1273 1386 1387 1426 satis
1417 1385 1701 1437 explicatum
1726 1384 1844 1424 arbi-

202 1465 317 1499 tror.
342 1458 560 1510 Sequitur
582 1466 631 1499 ut
652 1459 769 1499 haec
791 1458 942 1499 officia
964 1470 1236 1510 persequar,
1260 1469 1380 1509 quae
1400 1457 1635 1508 pertinent
1658 1456 1717 1496 ad
1749 1456 1845 1495 ani-

203 1542 388 1571 morum
419 1532 595 1571 cultum
616 1537 660 1570 et
691 1530 750 1570 ad
774 1531 900 1571 vitae
922 1530 1183 1570 communis
1204 1529 1543 1569 institutionem
1576 1537 1620 1568 et
1641 1527 1842 1578 discipli-

203 1613 327 1642 nam.
349 1602 514 1642 Patres
534 1602 678 1653 igitur
700 1614 829 1642 more
847 1608 891 1642 et
912 1601 1122 1642 instituto
1146 1600 1398 1641 Societatis
1419 1599 1721 1639 intenderunt
1745 1598 1840 1638 ani-

204 1685 331 1714 mum
351 1674 585 1726 frequenti
616 1673 966 1714 confessionum
993 1673 1167 1713 actioni
1190 1679 1329 1724 atque
1350 1671 1684 1723 mysteriorum
1705 1669 1844 1720 largi-

200 1745 331 1786 tioni.
357 1745 499 1786 Pater
519 1746 804 1786 Franciscus
826 1745 1072 1785 Brunellus
1094 1744 1401 1785 concionatus
1423 1749 1493 1783 est
1510 1742 1556 1782 in
1574 1742 1745 1793 templo
1764 1741 1842 1781 Di-

200 1828 288 1857 uae
311 1815 487 1857 Luciae
509 1817 724 1857 omnibus
746 1816 889 1867 feriis,
912 1816 1148 1857 instruens
1169 1815 1465 1867 potissimum
1486 1813 1646 1853 fideles
1674 1812 1846 1853 doctri-

200 1900 261 1928 na
285 1888 559 1929 christiana.

281 1959 555 2001 Praefectus
584 1960 671 2000 fuit
697 1959 746 2000 P.
771 1959 1057 2000 Franciscus
1088 1958 1291 1999 Palmius
1326 1958 1384 1997 ab
1418 1956 1651 2008 Episcopo
1688 1955 1837 1996 Bono-

202 2032 353 2072 niensi
374 2031 387 2050 ⁵
410 2032 675 2072 lustrationi
698 2039 742 2072 et
765 2043 993 2072 censurae
1014 2029 1352 2071 iurisdictionis
1373 2027 1402 2080 ⁴,
1427 2029 1473 2068 in
1495 2039 1587 2079 qua
1609 2026 1843 2067 censenda

200 2108 248 2142 et
269 2103 556 2143 instituenda
587 2104 748 2143 nescio
771 2115 831 2142 an
853 2103 957 2154 plus
979 2102 1153 2142 doloris
1175 2100 1443 2152 conceperit
1465 2110 1525 2139 an
1547 2098 1719 2138 laboris
1741 2109 1840 2138 sus-

201 2175 394 2226 ceperit.
420 2174 573 2215 Tanta
595 2175 816 2215 nimirum
844 2179 914 2214 est
943 2173 1207 2214 animarum
1234 2172 1436 2221 iactura,
1473 2176 1604 2211 tanta
1641 2169 1841 2220 discipli-

201 2258 290 2286 nae
312 2246 487 2287 veteris
508 2246 815 2297 perturbatio,
840 2251 972 2285 tanta
994 2256 1178 2285 morum
1198 2243 1501 2296 peruersitas,
1530 2248 1663 2281 tanta
1691 2252 1844 2281 sacer-

201 2318 364 2358 dotum
395 2317 570 2358 Christi
592 2317 863 2368 ignorantia
893 2323 936 2357 et
965 2327 1113 2367 error,
1138 2321 1270 2355 tanta
1293 2314 1492 2366 denique
1514 2313 1844 2353 Vniuersorum

202 2389 443 2440 turpitudo
467 2396 510 2429 et
532 2389 726 2429 malitia.
752 2387 953 2429 Proinde
974 2388 1022 2428 in
1043 2387 1132 2427 hac
1154 2393 1252 2427 tam
1273 2386 1428 2437 ampla
1450 2396 1602 2424 messe
1624 2383 1843 2435 copiosas

203 2466 248 2500 et
271 2471 470 2511 magnas
492 2460 690 2511 percipit
706 2460 881 2511 fruges,
908 2459 1017 2500 dum
1038 2459 1207 2510 impios
1229 2463 1273 2497 et
1290 2457 1584 2497 facinorosos
1601 2454 1844 2495 Ecclesiae

203 2532 474 2571 muneribus
498 2531 647 2579 orbat,
672 2532 758 2571 hos
779 2536 927 2581 notat,
959 2530 1145 2570 illorum
1173 2539 1329 2569 mores
1359 2527 1494 2578 regit,
1525 2526 1642 2566 alios
1670 2535 1841 2575 monet,

257 2693 266 2712 ¹
307 2693 448 2720 Polanci
464 2692 628 2719 librarius
648 2691 837 2726 scripserat
854 2691 886 2718 in
913 2690 1089 2724 Chronico,
1107 2697 1182 2717 cum
1205 2689 1244 2716 de
1266 2687 1470 2716 Bononiensi
1495 2686 1648 2720 Collegio
1663 2685 1700 2713 fit
1720 2693 1842 2719 sermo,

203 2741 288 2767 hacc
304 2742 424 2767 verba:
442 2744 598 2775 operam,
613 2739 658 2766 ad
674 2740 843 2773 magistri
856 2739 1013 2774 joannis
1029 2738 1253 2770 Sebastz'am·‚·
1267 2737 1327 2764 sed
1342 2737 1432 2764 linea
1447 2742 1550 2770 super
1572 2735 1716 2761 verbum
1736 2733 1844 2768 soan-

203 2789 260 2814 m's
276 2788 379 2815 ducta
395 2793 457 2815 est.

255 2836 268 2854 2
309 2835 374 2869 Sic;
392 2836 585 2863 Ammonis?

256 2882 270 2902 ⁵
307 2882 436 2916 Joanne
454 2882 653 2917 Campeggi.

258 2931 272 2950 ⁴
309 2930 410 2958 Haud
426 2931 536 2965 facile,
557 2935 728 2965 putamus,
748 2931 823 2965 quis
844 2930 958 2965 capiet
982 2936 1173 2957 sermonem
1195 2928 1249 2955 hic
1273 2928 1329 2961 agi
1345 2928 1385 2955 de
1401 2926 1584 2954 visitanda
1608 2923 1761 2952 dioecesi
1775 2921 1841 2949 Bo-

203 2986 378 3007 montensi.
