2047 3179
174 174 250 210 ’250
698 176 926 213 LITTERAE
944 187 1305 220 QUADRIMESTRES

833 626 1171 682 OGCXLVI

247 855 513 894 Leonardus
541 857 697 894 Kessel

295 922 417 960 Patri
435 923 605 971 Ignatio
626 922 679 960 de
699 923 883 970 Loyola.

341 988 539 1036 Colonia,
563 988 606 1025 14
623 989 823 1036 Januarii
844 988 936 1026 1555
955 989 981 1025 ¹.

946 1181 1046 1259 nis

253 1414 420 1455 Gratia
443 1420 487 1455 et
508 1427 603 1467 pax
625 1415 803 1457 Christi
823 1416 1014 1456 Domini
1035 1416 1294 1456 nobiscum.
1321 1413 1489 1455 Amen.

254 1485 372 1528 Cum
394 1487 485 1527 mei
506 1488 713 1528 muneris
740 1488 813 1539 sit,
838 1487 939 1528 Rde
962 1488 1010 1528 in
1041 1487 1227 1528 Christo
1249 1485 1403 1538 Pater,
1437 1486 1646 1527 scribere
1673 1498 1729 1527 ea
1757 1487 1817 1527 ad

170 1557 221 1598 P.
245 1557 324 1609 V.,
349 1570 467 1610 quae
488 1559 722 1599 Dominus
744 1560 947 1611 optimus
969 1559 1204 1599 maximus
1225 1564 1428 1610 quatuor
1450 1558 1688 1598 mensibus
1714 1557 1817 1598 istis

170 1630 343 1681 elapsis
365 1631 551 1682 operari
569 1631 791 1683 dignatus
813 1638 884 1672 est
906 1631 964 1671 ad
985 1631 1189 1683 gloriam
1209 1630 1401 1680 Christi,
1435 1630 1644 1670 conabor
1664 1629 1815 1670 breui-

170 1701 257 1741 bus
275 1703 523 1754 complecti
540 1714 611 1754 ea,
631 1714 751 1754 quae
768 1703 1018 1743 scribenda
1041 1713 1144 1742 sese
1167 1701 1383 1751 offerunt,
1406 1705 1459 1741 vt
1465 1701 1693 1752 fratrum
1710 1700 1814 1740 cha-

170 1772 476 1813 rissimorum
491 1774 713 1825 precibus
735 1774 908 1824 adiuti,
922 1773 1041 1825 plus
1051 1774 1256 1824 fructus
1277 1773 1326 1812 in
1348 1772 1550 1812 Domini
1565 1771 1705 1812 vinea
1734 1772 1811 1811 ad-

159 1844 300 1894 ferre
330 1844 594 1885 valeamus.
632 1845 683 1886 In
719 1846 884 1897 primis
926 1857 1041 1896 ergo
1075 1830 1131 1885 de
1167 1844 1364 1885 Colonia
1398 1856 1551 1896 pauca
1586 1844 1812 1884 dicemus:

165 1915 333 1956 deinde
356 1917 412 1957 de
432 1917 892 1968 Nouiomagensibus
914 1917 1086 1969 aliqua.

246 1986 552 2028 Colonienses
582 1999 756 2039 magna
789 2000 876 2028 nos
911 1988 1145 2028 charitate
1175 1992 1539 2039 prosequuntur,
1563 1987 1685 2027 sicut
1716 1986 1810 2027 iam

165 2059 352 2110 saepius
380 2060 669 2111 scripsimus.
703 2059 904 2100 Senatus
935 2071 991 2100 ac
1021 2059 1290 2111 superiores
1320 2059 1368 2098 in
1398 2058 1721 2110 spiritualibus
1755 2069 1811 2098 ac

164 2130 296 2171 ciues
316 2130 434 2171 bene
457 2142 572 2182 erga
593 2130 879 2172 Societatem
900 2130 1056 2171 affecti
1077 2137 1199 2171 sunt.
1225 2129 1315 2181 Qui
1337 2142 1450 2170 vero
1464 2129 1717 2181 aliquando
1730 2141 1810 2169 no-

164 2200 235 2241 bis
257 2203 484 2242 contrarii
510 2202 714 2253 fuerunt,
749 2214 912 2242 omnes
943 2215 967 2242 e
998 2202 1097 2242 vita
1127 2202 1408 2253 migrarunt.
1441 2200 1645 2252 Quidam
1677 2200 1811 2241 Colo-

167 2272 366 2324 niensis,
404 2274 538 2314 cuius
573 2273 776 2314 reditum
809 2274 943 2314 breui
972 2279 1294 2325 expectamus,
1334 2278 1442 2313 ante
1468 2271 1811 2324 profectionem

165 2355 298 2384 suam
321 2345 593 2385 ostenderat
614 2345 749 2385 nobis
771 2345 963 2385 domum
981 2345 1335 2396 amplissimam,
1360 2344 1407 2383 in
1425 2343 1579 2383 medio
1600 2343 1811 2383 ciuitatis

163 2416 459 2467 collocatam,
491 2429 631 2468 quarn
664 2416 889 2457 Societati
910 2416 1023 2456 dare
1053 2416 1242 2456 omnino
1272 2415 1558 2456 intendebat.
1592 2414 1809 2466 Superio-

163 2498 239 2526 res
274 2486 578 2528 Colonienses
613 2499 774 2528 omnes
810 2487 1006 2528 infestos
1041 2488 1402 2528 concionatores
1436 2487 1713 2536 reiecerunt,
1755 2497 1809 2525 ac

162 2558 502 2609 prohibuerunt
520 2572 577 2600 ne
595 2560 796 2611 amplius
814 2559 1225 2610 concionarentur,
1247 2570 1502 2610 eorumque
1524 2559 1627 2598 loco
1651 2557 1809 2597 catho-

163 2629 280 2669 licos
308 2631 670 2671 concionatores
699 2631 1044 2672 constituerunt
1071 2643 1166 2671 non
1201 2631 1302 2671 sine
1337 2641 1511 2680 magno
1546 2629 1707 2681 populi
1742 2635 1807 2668 tu-

217 2765 228 2785 ¹
266 2765 352 2793 Bina
368 2770 488 2794 extant
504 2766 604 2802 hujus
620 2768 787 2802 epistolae
803 2768 971 2802 exempla.
987 2767 1139 2795 Primum
1155 2767 1291 2801 quidem
1306 2766 1560 2801 autographum
1576 2767 1618 2793 ab
1634 2766 1707 2800 ipso
1723 2765 1809 2792 Leo-

160 2813 269 2840 nardo
282 2813 402 2841 Kessel
418 2820 609 2847 exaratum,
623 2816 722 2843 unico
738 2820 901 2843 constans
916 2816 1007 2848 folio,
1023 2823 1055 2843 n.
1066 2814 1130 2848 310,
1147 2818 1179 2841 et
1196 2822 1216 2842 a
1232 2815 1380 2841 Polanco
1394 2814 1504 2841 variis
1524 2814 1638 2840 lituris
1651 2817 1684 2840 et
1700 2820 1810 2840 emen-

161 2861 356 2889 dationibus
368 2863 587 2897 castigatum.
599 2864 759 2890 Alterum
770 2871 865 2896 vero,
879 2872 910 2891 n.
921 2863 986 2898 309,
997 2871 1038 2890 ex
1051 2862 1269 2897 autographo
1281 2862 1329 2890 sic
1340 2861 1531 2894 emendato,
1545 2861 1808 2895 transcriptum.

162 2908 226 2936 Hic
241 2917 344 2944 porro
361 2911 615 2945 autographum
631 2911 793 2938 exhibere
808 2912 965 2945 sufficiat,
982 2911 1144 2945 notando,
1160 2914 1197 2938 ut
1213 2911 1313 2944 aliaS‚
1328 2909 1591 2937 characteribus
1607 2908 1735 2936 italicis
1757 2916 1809 2939 ea.

154 2964 247 2991 -quae
263 2957 432 2985 Polancus
447 2958 667 2993 cancellavit,
691 2963 850 2986 caeteras
873 2959 1129 2986 emendationes
1151 2958 1194 2985 ad
1217 2959 1347 2985 calcem
1367 2957 1630 2992 uniuscujusque
1653 2956 1807 2991 paginae

159 3004 382 3039 subjiciendo.
