2047 3179
171 163 240 199 174
681 163 908 202 LITTERAE
934 175 1292 208 QUADRlMESTRES

166 273 197 301 a
217 261 364 301 fratre
384 260 663 302 Sebastiano
689 261 698 280 ¹
727 262 868 312 edita,
892 273 1011 314 quae
1039 268 1169 302 tanta
1191 261 1362 312 gratia,
1388 260 1550 300 ordine
1581 266 1626 299 et
1646 260 1804 300 iucun-

166 332 312 372 ditate
333 339 403 373 est
424 333 749 384 pronunciata,
773 340 822 373 ut
844 344 1008 374 rursus
1029 338 1325 384 expeteretur
1344 342 1398 371 ac
1417 337 1651 380 ageretur.
1670 330 1803 371 Adeo

168 403 391 444 commoti
426 403 612 444 fuerunt
634 416 728 444 vna
763 405 951 456 quidam
988 404 1206 444 honorati
1241 401 1566 453 (interfuerunt
1600 402 1723 441 enirn
1758 408 1804 442 et

168 474 420 516 Senatores
451 482 495 516 et
518 475 744 517 Canonici
775 482 913 527 atque
936 475 1169 516 Doctores
1200 481 1244 514 et
1279 473 1472 524 equites;
1507 479 1551 512 et
1579 473 1678 524 ipse
1698 473 1802 524 Epi-

166 558 340 598 scopus
360 546 374 565 ²
396 547 635 596 adfuisset,
659 548 749 588 nisi
773 548 910 598 graui
931 554 976 587 et
997 553 1193 598 urgente
1215 546 1405 596 negotio
1426 543 1589 584 fuisset
1609 555 1802 584 reuoca—

166 619 273 667 tus),
296 624 347 657 vt
369 617 495 658 Patri
518 618 740 659 dicerent:
774 631 898 659 nunc
927 630 1040 658 sane
1069 630 1119 658 re
1148 617 1249 668 ipsa
1272 614 1587 666 comperimus
1615 620 1801 655 vestros

165 689 351 729 labores
372 695 417 729 et
438 690 633 730 sudores
655 691 700 730 in
722 691 960 730 iuuentute
983 688 1279 737 instituenda,
1305 693 1391 726 etc.

245 759 385 800 Horis
408 762 804 809 antemeridianis,
824 761 963 801 vnius
984 762 1129 800 horae
1150 766 1195 799 et
1222 759 1325 810 plus
1357 758 1607 808 curriculo,
1630 768 1801 808 proue-

165 832 393 872 ctioribus
422 832 646 872 studiosis
680 833 859 884 primae
891 832 1056 872 classis
1077 838 1239 883 repeto
1264 830 1465 870 breuiter
1487 828 1800 869 institutiones

162 903 517 954 grammaticas;
542 905 764 954 praelego
787 904 987 955 primam
1008 901 1340 943 Demosthenis
1361 900 1682 952 Philippicam.
1706 899 1799 940 Ho-

164 974 229 1014 ris
263 986 405 1026 porro
440 975 792 1025 pomeridianis,
831 975 1029 1015 duarum
1061 975 1283 1014 horarum
1319 972 1582 1022 interuallo,
1626 982 1797 1012 enarro

161 1044 383 1086 Isocratis
403 1046 663 1086 orationem
684 1046 740 1087 de
761 1057 908 1097 regno
929 1052 974 1086 et
993 1045 1235 1086 Ciceronis
1252 1044 1417 1084 officia.

241 1116 407 1157 Frater
440 1116 745 1158 Sebastianus
793 1118 921 1158 horis
974 1116 1357 1157 antemeridianis
1397 1115 1797 1156 constructionem

160 1188 411 1228 uerborum
431 1195 476 1228 et
497 1189 753 1229 secundum
773 1189 942 1229 librum
964 1189 1266 1240 epistolarum
1283 1187 1585 1228 familiarium
1602 1186 1616 1205 ⁵
1633 1187 1792 1235 tradit,

161 1265 222 1309 et,
248 1259 357 1299 dum
379 1260 478 1299 eius
499 1259 714 1312 discipuli
734 1261 1054 1312 prouectiores
1074 1259 1187 1300 mihi
1209 1259 1322 1300 dant
1350 1270 1558 1310 operam,
1581 1260 1797 1299 enucleat

159 1330 359 1370 caeteris
380 1332 620 1371 nominum
641 1342 832 1382 genera.
856 1331 1056 1382 Vesperi
1077 1331 1331 1382 Virgilium
1363 1336 1503 1382 atque
1525 1329 1796 1370 Terentium

157 1407 205 1440 et
227 1408 376 1441 artem
398 1402 788 1442 versificatoriam
811 1403 961 1443 docet.

238 1471 404 1512 Frater
438 1473 649 1525 Baptista
682 1485 818 1513 mane
853 1473 1028 1513 Donati
1062 1474 1117 1513 de
1150 1477 1250 1513 octo
1279 1473 1504 1524 partibus
1533 1473 1740 1514 libellum
1761 1472 1791 1524 ⁴,

159 1543 400 1584 nominum
421 1555 612 1595 genera,
645 1552 689 1584 et
717 1544 911 1585 Catonis
939 1545 1140 1585 disticha
1163 1543 1177 1563 ⁵
1198 1545 1417 1596 explicat.
1451 1544 1652 1597 Vesperi
1677 1557 1792 1585 vero

158 1615 349 1664 regulas
375 1614 573 1656 Guarini
596 1615 884 1656 Veronensis
905 1614 919 1634 ⁶
951 1623 995 1656 et
1026 1616 1262 1656 Andriam
1284 1616 1493 1657 Terentii
1514 1623 1721 1658 enarrat:
1744 1618 1791 1657 in

161 1686 324 1726 Vltima
365 1686 551 1727 demum
586 1688 834 1728 traduntur
877 1688 1161 1728 incunabula
1196 1688 1386 1739 linguae
1419 1689 1592 1728 latinae
1632 1694 1677 1729 et
1715 1700 1812 1729 ru-v

159 1755 384 1797 dimcnta.

240 1828 370 1869 Hora
391 1829 542 1881 prima
572 1832 791 1882 praelego
811 1831 1036 1871 fratribus
1058 1832 1246 1872 tertium
1277 1832 1445 1872 librum
1466 1831 1599 1872 Fabii
1625 1832 1652 1872 ³:
1678 1832 1795 1872 hora

157 1900 364 1940 secunda
387 1913 533 1953 usque
554 1902 614 1942 ad
641 1903 829 1943 tertiam
857 1903 1172 1943 institutiones
1200 1903 1419 1944 Clenardi
1439 1901 1468 1948 ⁸.
1499 1911 1544 1944 et
1570 1904 1796 1945 Isocratis

158 1971 358 2021 primam
393 1973 667 2013 orationem.
707 1973 957 2014 Caeterum
988 1986 1094 2015 cum
1130 1975 1339 2016 intuerer
1374 1981 1470 2016 turn
1491 1975 1662 2016 fratres
1698 1983 1795 2016 tum

159 2040 344 2083 Patrem
380 2044 516 2084 huius
551 2045 666 2085 artis
702 2046 938 2086 oratoriae
973 2046 1309 2098 perstudiosos,
1339 2047 1482 2088 statui
1516 2047 1795 2098 partitiones

154 2115 390 2154 oratorias
412 2113 426 2134 ⁹
446 2115 634 2167 addere,
664 2117 831 2168 quibus
863 2117 976 2157 nihil
1011 2118 1387 2169 magnificentius
1422 2126 1467 2160 et
1502 2119 1794 2170 praeclarius

209 2269 217 2289 ¹
258 2268 372 2303 Neque
389 2270 489 2305 hujus
505 2277 692 2304 cognomen
707 2272 819 2305 aperit
844 2271 1019 2299 POLAxcus
1043 2273 1074 2300 in
1098 2273 1264 2301 Chronico
1288 2277 1321 2301 et
1346 2274 1378 2301 in
1394 2273 1534 2308 litteris,
1551 2281 1594 2302 ex
1620 2282 1721 2307 com„
1750 2276 1792 2302 ad

155 2316 191 2343 P.
208 2316 428 2345 Franciscum
446 2318 610 2346 Palmium
628 2319 725 2347 datis.

208 2365 220 2383 ²
257 2364 405 2396 ⁴loannes
421 2365 621 2401 Campeggi,
636 2367 843 2395 Cardinalis.

207 2412 220 2432 ³
258 2412 443 2442 Ciceronis.

206 2463 220 2481 ὁ
259 2461 346 2488 Vide
360 2469 475 2496 supra,
498 2466 519 2489 t.
536 2470 556 2495 1,
570 2470 651 2497 pag.
668 2464 730 2491 3:29.

203 2508 216 2527 ⁵
256 2508 400 2536 CAToms
418 2509 575 2538 Disticha
594 2512 746 2538 moralia
762 2520 840 2539 cum
857 2513 1000 2540 scholiis
1017 2513 1099 2541 Des.
1127 2515 1272 2542 Erasini
1298 2515 1541 2543 Roteroa'amt.
1565 2515 1653 2543 Vide
1673 2523 1790 2551 supra,

152 2560 175 2582 t.
193 2562 213 2586 1.
229 2564 310 2590 pag.
327 2557 380 2584 627
395 2562 427 2585 et
442 2558 504 2586 677.

201 2601 216 2622 6
254 2604 348 2632 Nunc
365 2606 501 2633 tandem
517 2611 610 2634 certo
625 2607 796 2635 affirmare
812 2616 990 2643 possumus
1005 2611 1161 2644 quisnam
1177 2611 1232 2638 ille
1248 2611 1497 2645 grammaticus
1511 2611 1567 2645 sit,
1583 2618 1684 2646 quem
1707 2611 1792 2639 Var-
1817 2603 1821 2606 ²

150 2652 262 2682 nium.
284 2651 467 2685 Varinnm.
489 2653 614 2681 Verino
630 2656 798 2690 appellari
815 2664 835 2684 a
850 2657 1008 2684 Ponwco
1025 2658 1171 2685 vidimus
1186 2659 1219 2686 in
1237 2658 1415 2692 Clzronim,
1429 2662 1454 2686 t.
1469 2665 1517 2693 1v,
1542 2666 1625 2694 pag.
1641 2658 1790 2687 58.-Est

146 2699 253 2733 igitur
269 2699 422 2733 Guarini,
437 2702 493 2728 vel
509 2701 672 2735 Guarino,
689 2711 787 2737 quem
815 2705 873 2732 alii
891 2704 1021 2733 Varino
1047 2710 1186 2740 vocant,
1210 2707 1371 2734 Veronae
1399 2711 1501 2735 natus
1524 2714 1612 2734 anno
1636 2706 1715 2741 1370,
1732 2706 1793 2734 Fe-

148 2748 282 2774 rrariae
298 2753 452 2775 mortuus
470 2749 545 2775 1460,
564 2750 649 2777 Eum
658 2751 927 2786 ferrariensem
953 2755 1133 2781 auctorem
1155 2755 1310 2789 appellat
1325 2755 1518 2788 Ponancus,
1533 2755 1554 2782 l.
1579 2762 1619 2789 c.,
1641 2755 1720 2789 quia
1737 2762 1792 2789 po-

148 2798 312 2822 stremam
328 2796 421 2823 vitae
437 2802 570 2830 partem
588 2797 770 2826 Ferrariae
792 2800 1062 2834 exegit.-Liber
1083 2807 1207 2833 autem,
1223 2810 1243 2830 a
1261 2802 1416 2836 scipione
1432 2802 1486 2830 hic
1502 2802 1718 2837 indigitatus,
1736 2805 1788 2830 est

147 2842 307 2875 Regulae
327 2846 632 2877 grammaticales,
647 2847 792 2880 primum
809 2849 919 2876 editus
935 2849 1028 2877 circa
1042 2857 1096 2878 an.
1113 2849 1182 2877 1470
1196 2850 1229 2878 in
1244 2850 1290 2878 4⁰

204 2890 216 2908 ⁷
255 2890 363 2918 MARc1
381 2890 478 2919 FAnn
494 2892 703 2925 Qfflwstmn
721 2894 769 2922 De
783 2895 1011 2924 Institutione
1029 2897 1215 2926 oratoria?

200 2937 214 2955 ⁸
253 2938 392 2965 Nicomi
409 2938 583 2967 emmam
599 2940 849 2969 Institutiones
864 2944 1156 2972 absolutissimae
1172 2947 1209 2973 in
1225 2953 1392 2980 graecam
1408 2946 1581 2980 linguam.

201 2986 216 3003 ³)
254 2985 295 3015 M.
310 2986 347 3014 T.
366 2986 543 3015 thEnoxis
562 2988 801 3017 Partitt'ouum
817 2992 917 3019 liber.
