2047 3179
910 143 992 180 AN.
1025 143 1116 180 1554
1784 147 1831 183 59

189 238 419 279 Cavallar
448 242 457 262 ¹
487 239 664 279 seilicet
685 244 729 279 et
750 237 934 290 Gaspar
962 238 1170 289 Duenas,
1198 239 1537 280 febricitarunt.
1566 239 1700 281 Prior
1733 242 1823 282 iam

196 315 325 350 recte
346 310 487 360 valet,
513 311 627 350 alter
650 309 845 350 decocta
867 310 945 350 bili
968 310 1163 350 laborat.

277 380 407 420 Haec
428 387 556 432 sunt,
580 392 699 433 quae
721 380 780 420 ad
801 386 844 420 te
866 380 1114 421 scribenda
1142 393 1412 432 occurrere,
1438 381 1713 422 charissime
1745 383 1825 423 Pa-

194 457 282 491 ter:
307 457 519 502 superest
542 452 786 492 dumtaxat
807 463 833 491 a
856 456 899 491 te
917 452 1087 492 obnixe
1109 452 1390 492 contendere
1408 459 1458 493 vt
1474 453 1566 493 tuis
1583 454 1828 494 sacrifieiis

186 527 333 572 -atque
355 522 645 563 orationibus
665 522 767 562 Deo
790 522 965 574 optimo
987 523 1194 563 maximo
1214 534 1300 563 nos
1323 523 1674 564 commendatos
1691 525 1822 565 velis.

191 591 466 643 Efflagitant
496 593 586 634 hoc
617 595 768 645 ipsum
796 593 854 632 ab
881 593 1096 633 omnibus
1125 593 1343 634 Patribus
1373 605 1428 634 ae
1461 594 1686 635 fratribus
1721 595 1825 635 istic

191 665 590 705 commorantibus
610 664 659 705 P.
683 670 842 705 noster
862 664 1172 705 Prouincialis
1190 676 1245 705 ae
1262 664 1311 705 P.
1330 664 1565 706 Antonius
1586 664 1823 714 Corduba,

184 735 460 786 >caeterique
482 747 643 776 omnes
669 735 833 776 Patres
861 747 916 776 ac
937 735 1129 786 fratres,
1152 741 1203 775 vt
1231 748 1258 776 a
1279 735 1483 776 Domino
1512 736 1718 787 gratiam
1746 737 1825 776 im-

190 812 443 857 petremus,
467 818 558 858 qua
585 818 767 858 semper
797 806 895 847 eius
922 807 1214 847 voluntatem
1244 807 1500 848 sentiamus
1521 807 1825 859 eamdemque

183 876 250 917 -ad
271 888 478 928 unguem
505 889 806 930 exequamur.

272 948 521 989 Corduuae
543 949 724 990 decimo
746 954 915 989 octauo
938 948 1170 989 Calendas
1191 948 1396 1000 Augusti
1422 949 1536 990 1554.

270 1019 399 1060 Tuae
422 1019 722 1060 Paternitatis
742 1019 863 1060 filius
884 1020 1104 1071 indignus
1131 1020 1179 1060 in
1200 1020 1418 1061 Domino.

269 1090 340 1130 Ex
361 1091 689 1132 commissione
709 1091 862 1131 Patris
889 1089 1083 1131 Antonii
1105 1090 1365 1140 Cordubae,

1337 1233 1611 1275 NAUARRUS.

868 1660 1132 1716 OCGVII

251 1885 486 1924 'Gerardus
513 1886 724 1934 Lapidius

302 1951 423 1989 Patri
440 1951 610 1999 ignatio
632 1953 684 1990 de
700 1953 883 2001 Loyola.
981 1999 983 2001 ,

348 2017 580 2063 Panormo,
602 2019 648 2055 24
666 2018 771 2066 Julii
792 2019 882 2058 1554
900 2020 925 2058 ².

258 2154 332 2195 Ex
354 2155 457 2196 aliis
478 2156 550 2196 his
571 2156 584 2176 ³
601 2155 625 2195 9
646 2155 744 2196 Cal.
768 2156 973 2208 Augusti
992 2158 1113 2198 1554.

258 2226 376 2267 Cum
395 2225 449 2266 30
468 2227 667 2279 orphani
688 2227 812 2279 apud
833 2226 877 2269 S.
901 2228 1128 2281 Jacobum
1156 2231 1202 2270 in
1231 2231 1445 2281 angustis
1474 2232 1666 2273 aedibus
1687 2232 1814 2274 habi-

173 2303 347 2349 tarent,
370 2304 584 2339 euratum
606 2304 675 2339 est
694 2303 745 2339 vt
766 2299 931 2340 eodem
950 2300 997 2340 in
1013 2302 1118 2341 loeo
1137 2301 1302 2342 domus
1322 2302 1477 2343 laxior
1499 2309 1813 2355 extrueretur,

171 2380 298 2420 *quae
319 2369 411 2409 iam
432 2375 562 2410 tanto
584 2369 780 2421 amplior
801 2369 928 2412 facta
950 2377 1020 2412 est
1040 2378 1092 2412 vt
1112 2371 1164 2412 50
1185 2373 1341 2424 capiat
1363 2379 1407 2414 et
1435 2374 1494 2414 ad
1520 2373 1595 2414 100
1626 2375 1815 2416 extendi

175 2439 340 2491 possit.

253 2511 545 2552 Habitationi
567 2512 705 2552 vinea
728 2512 949 2553 adiuncta
976 2520 1059 2564 est,
1092 2526 1211 2566 quae
1239 2515 1328 2555 illis
1359 2517 1610 2567 quotannis
1639 2515 1693 2557 50
1713 2516 1812 2557 red-

230 2672 238 2688 ·
281 2672 432 2700 Didacus
446 2673 486 2700 de
502 2672 677 2700 Cavallar.

227 2721 241 2738 2
281 2720 529 2755 Apographum
544 2721 577 2747 in
592 2720 715 2753 duplici
732 2719 823 2754 folio,
841 2728 895 2747 nn.
910 2721 963 2748 243
981 2725 1014 2748 et
1033 2721 1095 2748 244.
1112 2722 1176 2750 Est
1201 2723 1293 2750 aliud
1309 2724 1547 2758 apographum
1570 2726 1704 2758 partem
1719 2723 1814 2750 folio<

168 2772 250 2794 Tum
266 2767 316 2794 173
330 2771 364 2795 et
382 2768 432 2795 174
446 2769 687 2802 complectens,
705 2771 737 2794 et
753 2768 856 2802 aliud,
873 2767 954 2796 licet
969 2776 1034 2796 non
1049 2769 1231 2804 integrum.
1248 2771 1281 2798 in
1297 2771 1342 2798 foi
1371 2770 1562 2798 168.—Vere
1574 2770 1667 2798 aliud
1680 2770 1744 2797 hae
1758 2770 1813 2797 lit-

173 2819 271 2842 terae
287 2822 351 2842 non
363 2819 441 2843 sunt
456 2816 532 2849 nisi,
549 2816 581 2842 in
594 2815 710 2849 paucis
724 2815 918 2848 decurtata.
935 2816 1044 2844 latina
1059 2816 1173 2845 versio
1188 2818 1386 2845 litterarum
1401 2817 1516 2845 Patris
1531 2816 1731 2852 Hieronymi
1748 2817 1812 2844 Do-

168 2861 326 2897 menech,
343 2870 427 2897 quas
444 2863 596 2890 dedimus
612 2869 726 2896 supra,
742 2869 822 2897 pag.
932 2867 965 2891 et
977 2871 1046 2898 seq.
1059 2863 1142 2892 Illas
1159 2865 1264 2899 igitur
1278 2865 1381 2893 adeat
1396 2865 1505 2893 lector
1521 2869 1669 2900 oportet.
1687 2872 1762 2892 cum
1781 2865 1814 2892 in

168 2908 225 2936 his
241 2909 370 2944 aliquid
385 2910 548 2943 offendat,
565 2910 651 2944 quod
668 2910 905 2937 declaratione
921 2910 1085 2945 indigeat.

225 2956 240 2976 ⁵
278 2956 345 2991 Sic;
361 2957 419 2985 sed
435 2957 571 2985 videtur
586 2965 682 2985 error
697 2965 758 2992 pro
773 2958 1014 2990 lrz‘S.,1itteris.
