<?xml version="1.0" encoding="UTF-8"?>
<!DOCTYPE html PUBLIC "-//W3C//DTD XHTML 1.0 Transitional//EN"
    "http://www.w3.org/TR/xhtml1/DTD/xhtml1-transitional.dtd">
<html xmlns="http://www.w3.org/1999/xhtml" xml:lang="en" lang="en">
 <head>
  <title>
</title>
<meta http-equiv="Content-Type" content="text/html;charset=utf-8" />
  <meta name='ocr-system' content='tesseract 3.04.00' />
  <meta name='ocr-capabilities' content='ocr_page ocr_carea ocr_par ocr_line ocrx_word'/>
</head>
<body>
  <div class='ocr_page' id='page_1' title='image "./litteraequadrime15lain_0239.png"; bbox 0 0 2047 3179; ppageno 0'>
   <div class='ocr_carea' id='block_1_1' title="bbox 898 161 1824 199">
    <p class='ocr_par' dir='ltr' id='par_1_1' title="bbox 898 161 1824 199">
     <span class='ocr_line' id='line_1_1' title="bbox 898 161 1824 199; baseline 0.002 -3"><span class='ocrx_word' id='word_1_1' title='bbox 898 161 980 196; x_wconf 80' lang='grc' dir='ltr'>ΑΝ.</span> <span class='ocrx_word' id='word_1_2' title='bbox 1012 161 1102 197; x_wconf 74' lang='lat'>1555</span> <span class='ocrx_word' id='word_1_3' title='bbox 1754 162 1824 199; x_wconf 76' lang='lat'>‘233</span> 
     </span>
    </p>
   </div>
   <div class='ocr_carea' id='block_1_2' title="bbox 177 255 1824 2720">
    <p class='ocr_par' dir='ltr' id='par_1_2' title="bbox 177 255 1824 2363">
     <span class='ocr_line' id='line_1_2' title="bbox 185 255 1821 310; baseline -0.002 -11"><span class='ocrx_word' id='word_1_4' title='bbox 185 259 449 310; x_wconf 88' lang='lat' dir='ltr'>perioribus</span> <span class='ocrx_word' id='word_1_5' title='bbox 468 258 630 298; x_wconf 91' lang='lat' dir='ltr'>diebus</span> <span class='ocrx_word' id='word_1_6' title='bbox 651 256 810 297; x_wconf 86' lang='lat' dir='ltr'>inuisit</span> <span class='ocrx_word' id='word_1_7' title='bbox 843 255 1013 295; x_wconf 84' lang='lat' dir='ltr'>fratres</span> <span class='ocrx_word' id='word_1_8' title='bbox 1047 255 1325 304; x_wconf 78' lang='lat' dir='ltr'>EborenseS,</span> <span class='ocrx_word' id='word_1_9' title='bbox 1352 256 1427 295; x_wconf 81' lang='lat' dir='ltr'>vbi</span> <span class='ocrx_word' id='word_1_10' title='bbox 1462 267 1555 296; x_wconf 90' lang='lat' dir='ltr'>non</span> <span class='ocrx_word' id='word_1_11' title='bbox 1586 256 1671 296; x_wconf 88' lang='lat' dir='ltr'>fuit</span> <span class='ocrx_word' id='word_1_12' title='bbox 1705 258 1821 296; x_wconf 88' lang='lat' dir='ltr'>otio-</span> 
     </span>
     <span class='ocr_line' id='line_1_3' title="bbox 187 326 1822 380; baseline -0.001 -11"><span class='ocrx_word' id='word_1_13' title='bbox 187 341 283 380; x_wconf 83' lang='lat' dir='ltr'>sus3</span> <span class='ocrx_word' id='word_1_14' title='bbox 306 329 487 380; x_wconf 79' lang='lat' dir='ltr'><strong>peregit</strong></span> <span class='ocrx_word' id='word_1_15' title='bbox 509 329 631 368; x_wconf 91' lang='lat' dir='ltr'>enim</span> <span class='ocrx_word' id='word_1_16' title='bbox 653 327 739 367; x_wconf 91' lang='lat' dir='ltr'>Dei</span> <span class='ocrx_word' id='word_1_17' title='bbox 761 337 952 367; x_wconf 88' lang='lat' dir='ltr'>munere</span> <span class='ocrx_word' id='word_1_18' title='bbox 974 327 1140 377; x_wconf 85' lang='lat' dir='ltr'>multa;</span> <span class='ocrx_word' id='word_1_19' title='bbox 1165 326 1471 366; x_wconf 76' lang='lat' dir='ltr'>concionatus</span> <span class='ocrx_word' id='word_1_20' title='bbox 1494 333 1577 375; x_wconf 82' lang='lat' dir='ltr'>est,</span> <span class='ocrx_word' id='word_1_21' title='bbox 1609 338 1715 366; x_wconf 89' lang='lat' dir='ltr'>cum</span> <span class='ocrx_word' id='word_1_22' title='bbox 1736 328 1822 367; x_wconf 88' lang='lat' dir='ltr'>iter</span> 
     </span>
     <span class='ocr_line' id='line_1_4' title="bbox 185 396 1821 450; baseline -0.002 -10"><span class='ocrx_word' id='word_1_23' title='bbox 185 400 379 450; x_wconf 85' lang='lat' dir='ltr'>faceret,</span> <span class='ocrx_word' id='word_1_24' title='bbox 416 400 463 439; x_wconf 90' lang='lat' dir='ltr'>in</span> <span class='ocrx_word' id='word_1_25' title='bbox 498 399 666 450; x_wconf 88' lang='lat' dir='ltr'>oppido</span> <span class='ocrx_word' id='word_1_26' title='bbox 695 397 897 450; x_wconf 90' lang='lat' dir='ltr'>quodam</span> <span class='ocrx_word' id='word_1_27' title='bbox 927 396 1176 437; x_wconf 85' lang='lat' dir='ltr'>Societatis</span> <span class='ocrx_word' id='word_1_28' title='bbox 1196 396 1555 446; x_wconf 87' lang='lat' dir='ltr'>studiosissim0‚</span> <span class='ocrx_word' id='word_1_29' title='bbox 1584 396 1658 436; x_wconf 90' lang='lat' dir='ltr'>die</span> <span class='ocrx_word' id='word_1_30' title='bbox 1680 397 1821 437; x_wconf 84' lang='lat' dir='ltr'>domi-</span> 
     </span>
     <span class='ocr_line' id='line_1_5' title="bbox 187 466 1822 519; baseline -0.003 -8"><span class='ocrx_word' id='word_1_31' title='bbox 187 471 292 511; x_wconf 91' lang='lat' dir='ltr'>nico</span> <span class='ocrx_word' id='word_1_32' title='bbox 314 481 466 519; x_wconf 88' lang='lat' dir='ltr'>mane;</span> <span class='ocrx_word' id='word_1_33' title='bbox 489 476 597 510; x_wconf 90' lang='lat' dir='ltr'>tunc</span> <span class='ocrx_word' id='word_1_34' title='bbox 620 469 743 509; x_wconf 90' lang='lat' dir='ltr'>enim</span> <span class='ocrx_word' id='word_1_35' title='bbox 766 467 992 519; x_wconf 84' lang='lat' dir='ltr'>peruenit.</span> <span class='ocrx_word' id='word_1_36' title='bbox 1018 466 1356 507; x_wconf 84' lang='lat' dir='ltr'>Confluxerunt</span> <span class='ocrx_word' id='word_1_37' title='bbox 1390 467 1535 507; x_wconf 89' lang='lat' dir='ltr'>multi:</span> <span class='ocrx_word' id='word_1_38' title='bbox 1575 468 1750 518; x_wconf 89' lang='lat' dir='ltr'>recepit</span> <span class='ocrx_word' id='word_1_39' title='bbox 1772 480 1822 507; x_wconf 88' lang='lat' dir='ltr'>se</span> 
     </span>
     <span class='ocr_line' id='line_1_6' title="bbox 187 537 1821 589; baseline -0.002 -8"><span class='ocrx_word' id='word_1_40' title='bbox 187 542 234 580; x_wconf 88' lang='lat' dir='ltr'>in</span> <span class='ocrx_word' id='word_1_41' title='bbox 269 541 636 581; x_wconf 75' lang='lat' dir='ltr'>xenodochium:</span> <span class='ocrx_word' id='word_1_42' title='bbox 673 539 920 579; x_wconf 89' lang='lat' dir='ltr'>audierunt</span> <span class='ocrx_word' id='word_1_43' title='bbox 955 538 1054 589; x_wconf 88' lang='lat' dir='ltr'>ipse</span> <span class='ocrx_word' id='word_1_44' title='bbox 1090 543 1133 577; x_wconf 89' lang='lat' dir='ltr'>et</span> <span class='ocrx_word' id='word_1_45' title='bbox 1168 538 1324 577; x_wconf 89' lang='lat' dir='ltr'>socius</span> <span class='ocrx_word' id='word_1_46' title='bbox 1360 537 1535 589; x_wconf 75' lang='lat' dir='ltr'>aliquot</span> <span class='ocrx_word' id='word_1_47' title='bbox 1570 538 1821 578; x_wconf 88' lang='lat' dir='ltr'>consessio-</span> 
     </span>
     <span class='ocr_line' id='line_1_7' title="bbox 185 609 1822 662; baseline -0.002 -10"><span class='ocrx_word' id='word_1_48' title='bbox 185 623 291 652; x_wconf 88' lang='lat' dir='ltr'>nes:</span> <span class='ocrx_word' id='word_1_49' title='bbox 331 612 502 652; x_wconf 90' lang='lat' dir='ltr'>ibidem</span> <span class='ocrx_word' id='word_1_50' title='bbox 536 611 845 662; x_wconf 85' lang='lat' dir='ltr'>grauissimas</span> <span class='ocrx_word' id='word_1_51' title='bbox 879 609 1109 660; x_wconf 90' lang='lat' dir='ltr'>quasdam</span> <span class='ocrx_word' id='word_1_52' title='bbox 1143 609 1403 649; x_wconf 89' lang='lat' dir='ltr'>inimititias</span> <span class='ocrx_word' id='word_1_53' title='bbox 1437 610 1657 658; x_wconf 73' lang='lat' dir='ltr'>extinxit,</span> <span class='ocrx_word' id='word_1_54' title='bbox 1698 610 1822 649; x_wconf 77' lang='lat' dir='ltr'>vnde</span> 
     </span>
     <span class='ocr_line' id='line_1_8' title="bbox 189 680 1822 733; baseline -0.002 -11"><span class='ocrx_word' id='word_1_55' title='bbox 189 682 356 722; x_wconf 89' lang='lat' dir='ltr'>caedes</span> <span class='ocrx_word' id='word_1_56' title='bbox 391 682 662 732; x_wconf 78' lang='lat' dir='ltr'>timebatur,</span> <span class='ocrx_word' id='word_1_57' title='bbox 698 686 1056 733; x_wconf 78' lang='lat' dir='ltr'>praecesserant</span> <span class='ocrx_word' id='word_1_58' title='bbox 1094 691 1297 731; x_wconf 89' lang='lat' dir='ltr'>namque</span> <span class='ocrx_word' id='word_1_59' title='bbox 1333 680 1544 720; x_wconf 90' lang='lat' dir='ltr'>iniuriae.</span> <span class='ocrx_word' id='word_1_60' title='bbox 1584 680 1822 720; x_wconf 90' lang='lat' dir='ltr'>Diuinitus</span> 
     </span>
     <span class='ocr_line' id='line_1_9' title="bbox 187 751 1820 804; baseline -0.002 -11"><span class='ocrx_word' id='word_1_61' title='bbox 187 753 358 793; x_wconf 88' lang='lat' dir='ltr'>accidit</span> <span class='ocrx_word' id='word_1_62' title='bbox 378 761 429 793; x_wconf 81' lang='lat' dir='ltr'>vt</span> <span class='ocrx_word' id='word_1_63' title='bbox 452 760 648 804; x_wconf 90' lang='lat' dir='ltr'>uterque</span> <span class='ocrx_word' id='word_1_64' title='bbox 671 751 970 792; x_wconf 87' lang='lat' dir='ltr'>aduersarius</span> <span class='ocrx_word' id='word_1_65' title='bbox 990 758 1034 791; x_wconf 88' lang='lat' dir='ltr'>et</span> <span class='ocrx_word' id='word_1_66' title='bbox 1065 751 1308 802; x_wconf 90' lang='lat' dir='ltr'>utriusque</span> <span class='ocrx_word' id='word_1_67' title='bbox 1334 757 1555 802; x_wconf 92' lang='lat' dir='ltr'>parentes</span> <span class='ocrx_word' id='word_1_68' title='bbox 1585 751 1820 800; x_wconf 75' lang='lat' dir='ltr'>adessent,</span> 
     </span>
     <span class='ocr_line' id='line_1_10' title="bbox 189 821 1818 873; baseline -0.002 -9"><span class='ocrx_word' id='word_1_69' title='bbox 189 836 297 864; x_wconf 90' lang='lat' dir='ltr'>cum</span> <span class='ocrx_word' id='word_1_70' title='bbox 318 830 457 864; x_wconf 87' lang='lat' dir='ltr'>antea</span> <span class='ocrx_word' id='word_1_71' title='bbox 478 824 525 864; x_wconf 92' lang='lat' dir='ltr'>in</span> <span class='ocrx_word' id='word_1_72' title='bbox 542 824 658 864; x_wconf 91' lang='lat' dir='ltr'>locis</span> <span class='ocrx_word' id='word_1_73' title='bbox 675 823 868 863; x_wconf 85' lang='lat' dir='ltr'>remotis</span> <span class='ocrx_word' id='word_1_74' title='bbox 885 828 1055 872; x_wconf 89' lang='lat' dir='ltr'>essent,</span> <span class='ocrx_word' id='word_1_75' title='bbox 1075 822 1353 873; x_wconf 85' lang='lat' dir='ltr'>quibuscum</span> <span class='ocrx_word' id='word_1_76' title='bbox 1374 823 1557 862; x_wconf 90' lang='lat' dir='ltr'>locutus</span> <span class='ocrx_word' id='word_1_77' title='bbox 1574 828 1642 862; x_wconf 92' lang='lat' dir='ltr'>est</span> <span class='ocrx_word' id='word_1_78' title='bbox 1665 821 1818 871; x_wconf 77' lang='lat' dir='ltr'>Pater3</span> 
     </span>
     <span class='ocr_line' id='line_1_11' title="bbox 187 892 1821 946; baseline -0.002 -11"><span class='ocrx_word' id='word_1_79' title='bbox 187 901 231 935; x_wconf 92' lang='lat' dir='ltr'>et</span> <span class='ocrx_word' id='word_1_80' title='bbox 252 906 536 946; x_wconf 87' lang='lat' dir='ltr'>quamquam</span> <span class='ocrx_word' id='word_1_81' title='bbox 557 906 632 934; x_wconf 91' lang='lat' dir='ltr'>res</span> <span class='ocrx_word' id='word_1_82' title='bbox 652 905 745 934; x_wconf 93' lang='lat' dir='ltr'>non</span> <span class='ocrx_word' id='word_1_83' title='bbox 767 893 903 934; x_wconf 87' lang='lat' dir='ltr'>facile</span> <span class='ocrx_word' id='word_1_84' title='bbox 925 892 1138 933; x_wconf 87' lang='lat' dir='ltr'>confecta</span> <span class='ocrx_word' id='word_1_85' title='bbox 1166 899 1250 942; x_wconf 92' lang='lat' dir='ltr'>est,</span> <span class='ocrx_word' id='word_1_86' title='bbox 1285 898 1443 932; x_wconf 90' lang='lat' dir='ltr'>tamen</span> <span class='ocrx_word' id='word_1_87' title='bbox 1478 892 1565 932; x_wconf 91' lang='lat' dir='ltr'>Dei</span> <span class='ocrx_word' id='word_1_88' title='bbox 1597 892 1821 932; x_wconf 90' lang='lat' dir='ltr'>beneficio</span> 
     </span>
     <span class='ocr_line' id='line_1_12' title="bbox 186 964 1821 1015; baseline -0.002 -9"><span class='ocrx_word' id='word_1_89' title='bbox 186 971 256 1006; x_wconf 92' lang='lat' dir='ltr'>est</span> <span class='ocrx_word' id='word_1_90' title='bbox 277 965 506 1006; x_wconf 88' lang='lat' dir='ltr'>confecta.</span> <span class='ocrx_word' id='word_1_91' title='bbox 545 966 738 1006; x_wconf 88' lang='lat' dir='ltr'>Postero</span> <span class='ocrx_word' id='word_1_92' title='bbox 768 964 840 1004; x_wconf 88' lang='lat' dir='ltr'>die</span> <span class='ocrx_word' id='word_1_93' title='bbox 876 975 1012 1004; x_wconf 91' lang='lat' dir='ltr'>mane</span> <span class='ocrx_word' id='word_1_94' title='bbox 1047 965 1270 1014; x_wconf 90' lang='lat' dir='ltr'>templum</span> <span class='ocrx_word' id='word_1_95' title='bbox 1306 964 1536 1015; x_wconf 88' lang='lat' dir='ltr'>adierunt,</span> <span class='ocrx_word' id='word_1_96' title='bbox 1560 964 1638 1003; x_wconf 87' lang='lat' dir='ltr'>vbi</span> <span class='ocrx_word' id='word_1_97' title='bbox 1660 975 1821 1003; x_wconf 87' lang='lat' dir='ltr'>coram</span> 
     </span>
     <span class='ocr_line' id='line_1_13' title="bbox 186 1035 1817 1086; baseline -0.001 -10"><span class='ocrx_word' id='word_1_98' title='bbox 186 1036 303 1076; x_wconf 82' lang='lat' dir='ltr'>viris</span> <span class='ocrx_word' id='word_1_99' title='bbox 324 1037 554 1076; x_wconf 86' lang='lat' dir='ltr'>nobilibus</span> <span class='ocrx_word' id='word_1_100' title='bbox 576 1048 679 1076; x_wconf 93' lang='lat' dir='ltr'>sese</span> <span class='ocrx_word' id='word_1_101' title='bbox 701 1042 860 1076; x_wconf 89' lang='lat' dir='ltr'>mutuo</span> <span class='ocrx_word' id='word_1_102' title='bbox 882 1035 1114 1086; x_wconf 82' lang='lat' dir='ltr'>complexi</span> <span class='ocrx_word' id='word_1_103' title='bbox 1141 1041 1249 1075; x_wconf 91' lang='lat' dir='ltr'>sunt</span> <span class='ocrx_word' id='word_1_104' title='bbox 1276 1035 1322 1075; x_wconf 91' lang='lat' dir='ltr'>in</span> <span class='ocrx_word' id='word_1_105' title='bbox 1349 1035 1535 1086; x_wconf 83' lang='lat' dir='ltr'>signum</span> <span class='ocrx_word' id='word_1_106' title='bbox 1565 1035 1817 1074; x_wconf 82' lang='lat' dir='ltr'>amicitiae:</span> 
     </span>
     <span class='ocr_line' id='line_1_14' title="bbox 188 1105 1818 1155; baseline -0.002 -8"><span class='ocrx_word' id='word_1_107' title='bbox 188 1108 384 1148; x_wconf 88' lang='lat' dir='ltr'>alterum</span> <span class='ocrx_word' id='word_1_108' title='bbox 407 1119 467 1147; x_wconf 89' lang='lat' dir='ltr'>ex</span> <span class='ocrx_word' id='word_1_109' title='bbox 487 1107 804 1147; x_wconf 82' lang='lat' dir='ltr'>reconciliatis</span> <span class='ocrx_word' id='word_1_110' title='bbox 825 1117 937 1146; x_wconf 87' lang='lat' dir='ltr'>mox</span> <span class='ocrx_word' id='word_1_111' title='bbox 953 1106 1131 1146; x_wconf 90' lang='lat' dir='ltr'>audiuit</span> <span class='ocrx_word' id='word_1_112' title='bbox 1149 1105 1198 1145; x_wconf 81' lang='lat' dir='ltr'>P.</span> <span class='ocrx_word' id='word_1_113' title='bbox 1231 1106 1467 1146; x_wconf 86' lang='lat' dir='ltr'>Antonius</span> <span class='ocrx_word' id='word_1_114' title='bbox 1501 1105 1557 1145; x_wconf 92' lang='lat' dir='ltr'>de</span> <span class='ocrx_word' id='word_1_115' title='bbox 1586 1105 1818 1155; x_wconf 84' lang='lat' dir='ltr'>Quadros,</span> 
     </span>
     <span class='ocr_line' id='line_1_15' title="bbox 186 1175 1820 1230; baseline -0.002 -11"><span class='ocrx_word' id='word_1_116' title='bbox 186 1190 343 1219; x_wconf 88' lang='lat' dir='ltr'>comes</span> <span class='ocrx_word' id='word_1_117' title='bbox 365 1179 526 1230; x_wconf 89' lang='lat' dir='ltr'>patris.</span> <span class='ocrx_word' id='word_1_118' title='bbox 552 1178 658 1218; x_wconf 86' lang='lat' dir='ltr'>Fuit</span> <span class='ocrx_word' id='word_1_119' title='bbox 685 1178 801 1218; x_wconf 92' lang='lat' dir='ltr'>haec</span> <span class='ocrx_word' id='word_1_120' title='bbox 836 1177 1155 1217; x_wconf 85' lang='lat' dir='ltr'>reconciliatio</span> <span class='ocrx_word' id='word_1_121' title='bbox 1191 1189 1336 1217; x_wconf 89' lang='lat' dir='ltr'>causa</span> <span class='ocrx_word' id='word_1_122' title='bbox 1371 1188 1571 1227; x_wconf 82' lang='lat' dir='ltr'>magnae</span> <span class='ocrx_word' id='word_1_123' title='bbox 1607 1175 1820 1216; x_wconf 89' lang='lat' dir='ltr'>aedifica-</span> 
     </span>
     <span class='ocr_line' id='line_1_16' title="bbox 185 1246 1820 1301; baseline -0.002 -11"><span class='ocrx_word' id='word_1_124' title='bbox 185 1250 340 1300; x_wconf 91' lang='lat' dir='ltr'>tionis,</span> <span class='ocrx_word' id='word_1_125' title='bbox 365 1257 499 1290; x_wconf 84' lang='lat' dir='ltr'>erant</span> <span class='ocrx_word' id='word_1_126' title='bbox 521 1261 724 1301; x_wconf 90' lang='lat' dir='ltr'>namque</span> <span class='ocrx_word' id='word_1_127' title='bbox 745 1248 1016 1288; x_wconf 86' lang='lat' dir='ltr'>notissimae</span> <span class='ocrx_word' id='word_1_128' title='bbox 1034 1248 1322 1298; x_wconf 87' lang='lat' dir='ltr'>inimicitiae;</span> <span class='ocrx_word' id='word_1_129' title='bbox 1347 1248 1473 1299; x_wconf 90' lang='lat' dir='ltr'>quod</span> <span class='ocrx_word' id='word_1_130' title='bbox 1494 1259 1601 1288; x_wconf 89' lang='lat' dir='ltr'>cum</span> <span class='ocrx_word' id='word_1_131' title='bbox 1628 1246 1686 1286; x_wconf 91' lang='lat' dir='ltr'>D.</span> <span class='ocrx_word' id='word_1_132' title='bbox 1711 1246 1820 1287; x_wconf 85' lang='lat' dir='ltr'>Car-</span> 
     </span>
     <span class='ocr_line' id='line_1_17' title="bbox 186 1319 1819 1369; baseline -0.002 -8"><span class='ocrx_word' id='word_1_133' title='bbox 186 1321 331 1361; x_wconf 89' lang='lat' dir='ltr'>dinali</span> <span class='ocrx_word' id='word_1_134' title='bbox 359 1321 368 1339; x_wconf 91' lang='lat'><em>¹</em></span> <span class='ocrx_word' id='word_1_135' title='bbox 398 1321 663 1361; x_wconf 90' lang='lat' dir='ltr'>nuntiatum</span> <span class='ocrx_word' id='word_1_136' title='bbox 684 1326 820 1369; x_wconf 87' lang='lat' dir='ltr'>esset,</span> <span class='ocrx_word' id='word_1_137' title='bbox 864 1319 1166 1359; x_wconf 89' lang='lat' dir='ltr'>vehementer</span> <span class='ocrx_word' id='word_1_138' title='bbox 1193 1319 1240 1359; x_wconf 90' lang='lat' dir='ltr'>in</span> <span class='ocrx_word' id='word_1_139' title='bbox 1273 1319 1476 1359; x_wconf 91' lang='lat' dir='ltr'>Domino</span> <span class='ocrx_word' id='word_1_140' title='bbox 1511 1319 1706 1369; x_wconf 83' lang='lat' dir='ltr'>gauisus</span> <span class='ocrx_word' id='word_1_141' title='bbox 1735 1324 1819 1358; x_wconf 90' lang='lat' dir='ltr'>est.</span> 
     </span>
     <span class='ocr_line' id='line_1_18' title="bbox 187 1390 1824 1442; baseline -0.002 -10"><span class='ocrx_word' id='word_1_142' title='bbox 187 1390 304 1432; x_wconf 91' lang='lat' dir='ltr'>Cum</span> <span class='ocrx_word' id='word_1_143' title='bbox 334 1392 626 1442; x_wconf 90' lang='lat' dir='ltr'>peruenisset</span> <span class='ocrx_word' id='word_1_144' title='bbox 656 1390 793 1430; x_wconf 85' lang='lat' dir='ltr'>Pater</span> <span class='ocrx_word' id='word_1_145' title='bbox 821 1390 1040 1440; x_wconf 84' lang='lat' dir='ltr'>Eboram‚</span> <span class='ocrx_word' id='word_1_146' title='bbox 1080 1390 1196 1430; x_wconf 90' lang='lat' dir='ltr'>uisis</span> <span class='ocrx_word' id='word_1_147' title='bbox 1229 1390 1468 1440; x_wconf 86' lang='lat' dir='ltr'>fratribus,</span> <span class='ocrx_word' id='word_1_148' title='bbox 1503 1401 1609 1429; x_wconf 90' lang='lat' dir='ltr'>cum</span> <span class='ocrx_word' id='word_1_149' title='bbox 1639 1390 1824 1429; x_wconf 70' lang='lat' dir='ltr'>abesset</span> 
     </span>
     <span class='ocr_line' id='line_1_19' title="bbox 186 1460 1819 1512; baseline -0.001 -11"><span class='ocrx_word' id='word_1_150' title='bbox 186 1461 245 1502; x_wconf 91' lang='lat' dir='ltr'>D.</span> <span class='ocrx_word' id='word_1_151' title='bbox 269 1461 533 1503; x_wconf 90' lang='lat' dir='ltr'>Cardinalis</span> <span class='ocrx_word' id='word_1_152' title='bbox 557 1461 800 1510; x_wconf 78' lang='lat' dir='ltr'>(lustrabat</span> <span class='ocrx_word' id='word_1_153' title='bbox 823 1461 945 1501; x_wconf 90' lang='lat' dir='ltr'>enim</span> <span class='ocrx_word' id='word_1_154' title='bbox 966 1461 1287 1512; x_wconf 88' lang='lat' dir='ltr'>prouinciam),</span> <span class='ocrx_word' id='word_1_155' title='bbox 1314 1461 1373 1501; x_wconf 90' lang='lat' dir='ltr'>ad</span> <span class='ocrx_word' id='word_1_156' title='bbox 1395 1472 1500 1500; x_wconf 90' lang='lat' dir='ltr'>eum</span> <span class='ocrx_word' id='word_1_157' title='bbox 1521 1472 1570 1500; x_wconf 89' lang='lat' dir='ltr'>se</span> <span class='ocrx_word' id='word_1_158' title='bbox 1608 1460 1819 1508; x_wconf 89' lang='lat' dir='ltr'>contulit,</span> 
     </span>
     <span class='ocr_line' id='line_1_20' title="bbox 186 1531 1822 1583; baseline -0.002 -10"><span class='ocrx_word' id='word_1_159' title='bbox 186 1534 318 1573; x_wconf 91' lang='lat' dir='ltr'>cuius</span> <span class='ocrx_word' id='word_1_160' title='bbox 341 1532 545 1573; x_wconf 90' lang='lat' dir='ltr'>aduentu</span> <span class='ocrx_word' id='word_1_161' title='bbox 566 1533 701 1572; x_wconf 90' lang='lat' dir='ltr'>ualde</span> <span class='ocrx_word' id='word_1_162' title='bbox 723 1533 924 1572; x_wconf 87' lang='lat' dir='ltr'>laetatus</span> <span class='ocrx_word' id='word_1_163' title='bbox 940 1539 1024 1572; x_wconf 89' lang='lat' dir='ltr'>est:</span> <span class='ocrx_word' id='word_1_164' title='bbox 1045 1544 1151 1572; x_wconf 91' lang='lat' dir='ltr'>eum</span> <span class='ocrx_word' id='word_1_165' title='bbox 1168 1532 1419 1572; x_wconf 90' lang='lat' dir='ltr'>comitatus</span> <span class='ocrx_word' id='word_1_166' title='bbox 1438 1538 1507 1572; x_wconf 92' lang='lat' dir='ltr'>est</span> <span class='ocrx_word' id='word_1_167' title='bbox 1528 1531 1822 1583; x_wconf 89' lang='lat' dir='ltr'>proficiscen-</span> 
     </span>
     <span class='ocr_line' id='line_1_21' title="bbox 185 1602 1821 1655; baseline -0.002 -11"><span class='ocrx_word' id='word_1_168' title='bbox 185 1612 279 1644; x_wconf 91' lang='lat' dir='ltr'>tem</span> <span class='ocrx_word' id='word_1_169' title='bbox 296 1604 342 1644; x_wconf 92' lang='lat' dir='ltr'>in</span> <span class='ocrx_word' id='word_1_170' title='bbox 361 1604 596 1655; x_wconf 88' lang='lat' dir='ltr'>oppidum,</span> <span class='ocrx_word' id='word_1_171' title='bbox 617 1603 741 1655; x_wconf 91' lang='lat' dir='ltr'>quod</span> <span class='ocrx_word' id='word_1_172' title='bbox 758 1603 926 1643; x_wconf 90' lang='lat' dir='ltr'>dicitur</span> <span class='ocrx_word' id='word_1_173' title='bbox 941 1602 1089 1654; x_wconf 89' lang='lat' dir='ltr'>Mora,</span> <span class='ocrx_word' id='word_1_174' title='bbox 1109 1603 1189 1643; x_wconf 89' lang='lat' dir='ltr'>vbi</span> <span class='ocrx_word' id='word_1_175' title='bbox 1205 1604 1452 1655; x_wconf 88' lang='lat' dir='ltr'>aliquoties</span> <span class='ocrx_word' id='word_1_176' title='bbox 1468 1603 1620 1643; x_wconf 87' lang='lat' dir='ltr'>fuerat</span> <span class='ocrx_word' id='word_1_177' title='bbox 1637 1602 1821 1643; x_wconf 88' lang='lat' dir='ltr'>concio-</span> 
     </span>
     <span class='ocr_line' id='line_1_22' title="bbox 183 1673 1821 1726; baseline -0.002 -11"><span class='ocrx_word' id='word_1_178' title='bbox 183 1685 338 1725; x_wconf 86' lang='lat' dir='ltr'>natus,</span> <span class='ocrx_word' id='word_1_179' title='bbox 359 1686 496 1726; x_wconf 89' lang='lat' dir='ltr'>quem</span> <span class='ocrx_word' id='word_1_180' title='bbox 515 1675 641 1714; x_wconf 88' lang='lat' dir='ltr'>ciues</span> <span class='ocrx_word' id='word_1_181' title='bbox 659 1685 832 1725; x_wconf 80' lang='lat' dir='ltr'>magna</span> <span class='ocrx_word' id='word_1_182' title='bbox 852 1674 1083 1715; x_wconf 83' lang='lat' dir='ltr'>charitate</span> <span class='ocrx_word' id='word_1_183' title='bbox 1100 1675 1519 1726; x_wconf 86' lang='lat' dir='ltr'>prosequebantur.</span> <span class='ocrx_word' id='word_1_184' title='bbox 1534 1674 1622 1714; x_wconf 91' lang='lat' dir='ltr'>Hic</span> <span class='ocrx_word' id='word_1_185' title='bbox 1640 1673 1821 1713; x_wconf 85' lang='lat' dir='ltr'>concio-</span> 
     </span>
     <span class='ocr_line' id='line_1_23' title="bbox 183 1745 1819 1797; baseline -0.001 -11"><span class='ocrx_word' id='word_1_186' title='bbox 183 1752 324 1786; x_wconf 88' lang='lat' dir='ltr'>natus</span> <span class='ocrx_word' id='word_1_187' title='bbox 340 1751 410 1786; x_wconf 91' lang='lat' dir='ltr'>est</span> <span class='ocrx_word' id='word_1_188' title='bbox 428 1746 501 1786; x_wconf 91' lang='lat' dir='ltr'>die</span> <span class='ocrx_word' id='word_1_189' title='bbox 519 1745 770 1794; x_wconf 87' lang='lat' dir='ltr'>dominica,</span> <span class='ocrx_word' id='word_1_190' title='bbox 790 1745 1134 1797; x_wconf 89' lang='lat' dir='ltr'>explicauitque</span> <span class='ocrx_word' id='word_1_191' title='bbox 1155 1757 1239 1796; x_wconf 92' lang='lat' dir='ltr'>per</span> <span class='ocrx_word' id='word_1_192' title='bbox 1261 1746 1437 1797; x_wconf 91' lang='lat' dir='ltr'>aliquot</span> <span class='ocrx_word' id='word_1_193' title='bbox 1460 1746 1557 1785; x_wconf 90' lang='lat' dir='ltr'>dies</span> <span class='ocrx_word' id='word_1_194' title='bbox 1580 1746 1819 1796; x_wconf 83' lang='lat' dir='ltr'>dogmata,</span> 
     </span>
     <span class='ocr_line' id='line_1_24' title="bbox 186 1815 1821 1868; baseline -0.001 -12"><span class='ocrx_word' id='word_1_195' title='bbox 186 1816 310 1868; x_wconf 88' lang='lat' dir='ltr'>quod</span> <span class='ocrx_word' id='word_1_196' title='bbox 336 1816 627 1856; x_wconf 88' lang='lat' dir='ltr'>auditoribus</span> <span class='ocrx_word' id='word_1_197' title='bbox 648 1826 868 1866; x_wconf 84' lang='lat' dir='ltr'>magnam</span> <span class='ocrx_word' id='word_1_198' title='bbox 886 1816 1252 1856; x_wconf 88' lang='lat' dir='ltr'>consolationem</span> <span class='ocrx_word' id='word_1_199' title='bbox 1270 1816 1439 1856; x_wconf 90' lang='lat' dir='ltr'>attulit.</span> <span class='ocrx_word' id='word_1_200' title='bbox 1463 1817 1576 1856; x_wconf 87' lang='lat' dir='ltr'>Erat</span> <span class='ocrx_word' id='word_1_201' title='bbox 1593 1816 1654 1856; x_wconf 89' lang='lat' dir='ltr'>ibi</span> <span class='ocrx_word' id='word_1_202' title='bbox 1676 1815 1821 1856; x_wconf 92' lang='lat' dir='ltr'>Colle-</span> 
     </span>
     <span class='ocr_line' id='line_1_25' title="bbox 177 1886 1818 1939; baseline 0.001 -15"><span class='ocrx_word' id='word_1_203' title='bbox 177 1888 315 1939; x_wconf 82' lang='lat' dir='ltr'>gium</span> <span class='ocrx_word' id='word_1_204' title='bbox 335 1899 589 1939; x_wconf 89' lang='lat' dir='ltr'>puerorum</span> <span class='ocrx_word' id='word_1_205' title='bbox 611 1887 761 1926; x_wconf 89' lang='lat' dir='ltr'>instar</span> <span class='ocrx_word' id='word_1_206' title='bbox 782 1898 960 1938; x_wconf 87' lang='lat' dir='ltr'>eorum,</span> <span class='ocrx_word' id='word_1_207' title='bbox 984 1899 1101 1938; x_wconf 91' lang='lat' dir='ltr'>quos</span> <span class='ocrx_word' id='word_1_208' title='bbox 1123 1887 1396 1928; x_wconf 87' lang='lat' dir='ltr'>instituebat</span> <span class='ocrx_word' id='word_1_209' title='bbox 1416 1887 1465 1927; x_wconf 81' lang='lat' dir='ltr'>P.</span> <span class='ocrx_word' id='word_1_210' title='bbox 1491 1886 1768 1927; x_wconf 87' lang='lat' dir='ltr'>Dominicus</span> <span class='ocrx_word' id='word_1_211' title='bbox 1789 1890 1818 1932; x_wconf 73' lang='lat'>2.</span> 
     </span>
     <span class='ocr_line' id='line_1_26' title="bbox 184 1957 1820 2009; baseline -0.001 -10"><span class='ocrx_word' id='word_1_212' title='bbox 184 1970 349 1999; x_wconf 83' lang='lat' dir='ltr'>Verum</span> <span class='ocrx_word' id='word_1_213' title='bbox 371 1970 464 1999; x_wconf 93' lang='lat' dir='ltr'>non</span> <span class='ocrx_word' id='word_1_214' title='bbox 484 1958 734 2009; x_wconf 82' lang='lat' dir='ltr'>gerebatur</span> <span class='ocrx_word' id='word_1_215' title='bbox 755 1969 831 1998; x_wconf 90' lang='lat' dir='ltr'>res</span> <span class='ocrx_word' id='word_1_216' title='bbox 847 1964 974 1998; x_wconf 87' lang='lat' dir='ltr'>recte</span> <span class='ocrx_word' id='word_1_217' title='bbox 997 1969 1051 1998; x_wconf 91' lang='lat' dir='ltr'>ac</span> <span class='ocrx_word' id='word_1_218' title='bbox 1074 1959 1250 1998; x_wconf 89' lang='lat' dir='ltr'>ordine.</span> <span class='ocrx_word' id='word_1_219' title='bbox 1280 1958 1460 1999; x_wconf 84' lang='lat' dir='ltr'>Placuit</span> <span class='ocrx_word' id='word_1_220' title='bbox 1492 1958 1547 1998; x_wconf 84' lang='lat' dir='ltr'>D.</span> <span class='ocrx_word' id='word_1_221' title='bbox 1581 1957 1820 1998; x_wconf 84' lang='lat' dir='ltr'>Cardinali</span> 
     </span>
     <span class='ocr_line' id='line_1_27' title="bbox 182 2027 1819 2081; baseline -0.001 -11"><span class='ocrx_word' id='word_1_222' title='bbox 182 2036 233 2070; x_wconf 83' lang='lat' dir='ltr'>vt</span> <span class='ocrx_word' id='word_1_223' title='bbox 253 2029 303 2070; x_wconf 87' lang='lat' dir='ltr'>P.</span> <span class='ocrx_word' id='word_1_224' title='bbox 340 2029 386 2069; x_wconf 81' lang='lat' dir='ltr'><strong>M</strong></span> <span class='ocrx_word' id='word_1_225' title='bbox 401 2027 534 2081; x_wconf 88' lang='lat' dir='ltr'>[iron]</span> <span class='ocrx_word' id='word_1_226' title='bbox 559 2029 626 2068; x_wconf 91' lang='lat' dir='ltr'>eis</span> <span class='ocrx_word' id='word_1_227' title='bbox 660 2035 913 2080; x_wconf 89' lang='lat' dir='ltr'>praecepta</span> <span class='ocrx_word' id='word_1_228' title='bbox 934 2029 1051 2069; x_wconf 89' lang='lat' dir='ltr'>bene</span> <span class='ocrx_word' id='word_1_229' title='bbox 1072 2030 1262 2069; x_wconf 90' lang='lat' dir='ltr'>uiuendi</span> <span class='ocrx_word' id='word_1_230' title='bbox 1284 2029 1431 2079; x_wconf 91' lang='lat' dir='ltr'>daret,</span> <span class='ocrx_word' id='word_1_231' title='bbox 1455 2035 1697 2080; x_wconf 88' lang='lat' dir='ltr'>totamque</span> <span class='ocrx_word' id='word_1_232' title='bbox 1719 2040 1819 2068; x_wconf 90' lang='lat' dir='ltr'>rem</span> 
     </span>
     <span class='ocr_line' id='line_1_28' title="bbox 184 2099 1814 2152; baseline 0 -12"><span class='ocrx_word' id='word_1_233' title='bbox 184 2107 500 2152; x_wconf 90' lang='lat' dir='ltr'>componeret.</span> <span class='ocrx_word' id='word_1_234' title='bbox 538 2099 717 2140; x_wconf 90' lang='lat' dir='ltr'>Volens</span> <span class='ocrx_word' id='word_1_235' title='bbox 751 2099 809 2139; x_wconf 92' lang='lat' dir='ltr'>D.</span> <span class='ocrx_word' id='word_1_236' title='bbox 849 2099 1111 2140; x_wconf 90' lang='lat' dir='ltr'>Cardinalis</span> <span class='ocrx_word' id='word_1_237' title='bbox 1150 2101 1317 2140; x_wconf 90' lang='lat' dir='ltr'>horum</span> <span class='ocrx_word' id='word_1_238' title='bbox 1363 2112 1526 2140; x_wconf 89' lang='lat' dir='ltr'>curam</span> <span class='ocrx_word' id='word_1_239' title='bbox 1560 2100 1814 2151; x_wconf 88' lang='lat' dir='ltr'>suscipere,</span> 
     </span>
     <span class='ocr_line' id='line_1_29' title="bbox 185 2170 1820 2223; baseline -0.001 -12"><span class='ocrx_word' id='word_1_240' title='bbox 185 2183 303 2223; x_wconf 91' lang='lat' dir='ltr'>quos</span> <span class='ocrx_word' id='word_1_241' title='bbox 325 2170 509 2211; x_wconf 89' lang='lat' dir='ltr'>dicebat</span> <span class='ocrx_word' id='word_1_242' title='bbox 524 2170 706 2210; x_wconf 79' lang='lat' dir='ltr'>futuros</span> <span class='ocrx_word' id='word_1_243' title='bbox 727 2171 979 2210; x_wconf 89' lang='lat' dir='ltr'>seminaria</span> <span class='ocrx_word' id='word_1_244' title='bbox 996 2177 1040 2210; x_wconf 93' lang='lat' dir='ltr'>et</span> <span class='ocrx_word' id='word_1_245' title='bbox 1061 2171 1366 2211; x_wconf 82' lang='lat' dir='ltr'>fundamenta</span> <span class='ocrx_word' id='word_1_246' title='bbox 1388 2176 1696 2220; x_wconf 89' lang='lat' dir='ltr'>caeterorum,</span> <span class='ocrx_word' id='word_1_247' title='bbox 1722 2182 1820 2210; x_wconf 86' lang='lat' dir='ltr'>rem</span> 
     </span>
     <span class='ocr_line' id='line_1_30' title="bbox 188 2241 1821 2293; baseline -0.001 -11"><span class='ocrx_word' id='word_1_248' title='bbox 188 2242 429 2282; x_wconf 89' lang='lat' dir='ltr'>constituit</span> <span class='ocrx_word' id='word_1_249' title='bbox 447 2241 586 2281; x_wconf 87' lang='lat' dir='ltr'>Pater</span> <span class='ocrx_word' id='word_1_250' title='bbox 606 2241 887 2292; x_wconf 83' lang='lat' dir='ltr'>regulasque</span> <span class='ocrx_word' id='word_1_251' title='bbox 908 2241 1146 2281; x_wconf 90' lang='lat' dir='ltr'>constituit</span> <span class='ocrx_word' id='word_1_252' title='bbox 1168 2242 1257 2281; x_wconf 85' lang='lat' dir='ltr'>illis</span> <span class='ocrx_word' id='word_1_253' title='bbox 1279 2248 1428 2293; x_wconf 91' lang='lat' dir='ltr'>aptas,</span> <span class='ocrx_word' id='word_1_254' title='bbox 1450 2242 1495 2281; x_wconf 91' lang='lat' dir='ltr'>id</span> <span class='ocrx_word' id='word_1_255' title='bbox 1517 2241 1641 2293; x_wconf 90' lang='lat' dir='ltr'>quod</span> <span class='ocrx_word' id='word_1_256' title='bbox 1663 2241 1821 2282; x_wconf 90' lang='lat' dir='ltr'>Cardi-</span> 
     </span>
     <span class='ocr_line' id='line_1_31' title="bbox 189 2312 655 2363; baseline -0.004 -10"><span class='ocrx_word' id='word_1_257' title='bbox 189 2313 286 2353; x_wconf 89' lang='lat' dir='ltr'>nali</span> <span class='ocrx_word' id='word_1_258' title='bbox 305 2313 444 2353; x_wconf 88' lang='lat' dir='ltr'>valde</span> <span class='ocrx_word' id='word_1_259' title='bbox 467 2312 655 2363; x_wconf 89' lang='lat' dir='ltr'>placuit.</span> 
     </span>
    </p>

    <p class='ocr_par' dir='ltr' id='par_1_3' title="bbox 185 2381 1822 2720">
     <span class='ocr_line' id='line_1_32' title="bbox 270 2381 1822 2435; baseline -0.001 -11"><span class='ocrx_word' id='word_1_260' title='bbox 270 2384 447 2424; x_wconf 88' lang='lat' dir='ltr'>Ibidem</span> <span class='ocrx_word' id='word_1_261' title='bbox 470 2389 570 2423; x_wconf 91' lang='lat' dir='ltr'>erat</span> <span class='ocrx_word' id='word_1_262' title='bbox 592 2382 803 2422; x_wconf 86' lang='lat' dir='ltr'>Societas</span> <span class='ocrx_word' id='word_1_263' title='bbox 838 2381 852 2400; x_wconf 80' lang='lat'>⁵</span> <span class='ocrx_word' id='word_1_264' title='bbox 887 2382 1155 2434; x_wconf 88' lang='lat' dir='ltr'>Charitatis‚</span> <span class='ocrx_word' id='word_1_265' title='bbox 1193 2396 1312 2435; x_wconf 90' lang='lat' dir='ltr'>quae</span> <span class='ocrx_word' id='word_1_266' title='bbox 1338 2384 1566 2435; x_wconf 75' lang='lat' dir='ltr'>proximis</span> <span class='ocrx_word' id='word_1_267' title='bbox 1601 2384 1736 2424; x_wconf 86' lang='lat' dir='ltr'>annis</span> <span class='ocrx_word' id='word_1_268' title='bbox 1756 2384 1822 2423; x_wconf 90' lang='lat' dir='ltr'>in-</span> 
     </span>
     <span class='ocr_line' id='line_1_33' title="bbox 185 2454 1821 2506; baseline -0.001 -10"><span class='ocrx_word' id='word_1_269' title='bbox 185 2455 357 2496; x_wconf 91' lang='lat' dir='ltr'>choata</span> <span class='ocrx_word' id='word_1_270' title='bbox 378 2455 545 2505; x_wconf 84' lang='lat' dir='ltr'>fuerat3</span> <span class='ocrx_word' id='word_1_271' title='bbox 569 2465 625 2493; x_wconf 93' lang='lat' dir='ltr'>ea</span> <span class='ocrx_word' id='word_1_272' title='bbox 645 2464 769 2493; x_wconf 88' lang='lat' dir='ltr'>nunc</span> <span class='ocrx_word' id='word_1_273' title='bbox 793 2454 1098 2494; x_wconf 89' lang='lat' dir='ltr'>corroborata</span> <span class='ocrx_word' id='word_1_274' title='bbox 1120 2460 1189 2494; x_wconf 81' lang='lat' dir='ltr'>est</span> <span class='ocrx_word' id='word_1_275' title='bbox 1210 2455 1418 2506; x_wconf 90' lang='lat' dir='ltr'>beneque</span> <span class='ocrx_word' id='word_1_276' title='bbox 1438 2455 1708 2503; x_wconf 87' lang='lat' dir='ltr'>constituta,</span> <span class='ocrx_word' id='word_1_277' title='bbox 1729 2467 1821 2506; x_wconf 87' lang='lat' dir='ltr'>qua</span> 
     </span>
     <span class='ocr_line' id='line_1_34' title="bbox 186 2523 1820 2577; baseline 0 -11"><span class='ocrx_word' id='word_1_278' title='bbox 186 2527 324 2566; x_wconf 83' lang='lat' dir='ltr'>valde</span> <span class='ocrx_word' id='word_1_279' title='bbox 346 2525 652 2566; x_wconf 88' lang='lat' dir='ltr'>aedificantur</span> <span class='ocrx_word' id='word_1_280' title='bbox 673 2524 928 2564; x_wconf 87' lang='lat' dir='ltr'>Morenses.</span> <span class='ocrx_word' id='word_1_281' title='bbox 954 2523 1080 2564; x_wconf 83' lang='lat' dir='ltr'>Socii</span> <span class='ocrx_word' id='word_1_282' title='bbox 1101 2525 1215 2565; x_wconf 90' lang='lat' dir='ltr'>nihil</span> <span class='ocrx_word' id='word_1_283' title='bbox 1236 2527 1438 2576; x_wconf 82' lang='lat' dir='ltr'>soluunt,</span> <span class='ocrx_word' id='word_1_284' title='bbox 1463 2526 1553 2566; x_wconf 89' lang='lat' dir='ltr'>nisi</span> <span class='ocrx_word' id='word_1_285' title='bbox 1570 2526 1691 2577; x_wconf 92' lang='lat' dir='ltr'>quod</span> <span class='ocrx_word' id='word_1_286' title='bbox 1712 2538 1820 2566; x_wconf 87' lang='lat' dir='ltr'>con-</span> 
     </span>
     <span class='ocr_line' id='line_1_35' title="bbox 188 2594 1821 2648; baseline 0 -11"><span class='ocrx_word' id='word_1_287' title='bbox 188 2597 374 2638; x_wconf 90' lang='lat' dir='ltr'>fitentur</span> <span class='ocrx_word' id='word_1_288' title='bbox 396 2596 592 2647; x_wconf 83' lang='lat' dir='ltr'>singulis</span> <span class='ocrx_word' id='word_1_289' title='bbox 613 2594 864 2645; x_wconf 80' lang='lat' dir='ltr'>mensibus,</span> <span class='ocrx_word' id='word_1_290' title='bbox 889 2606 995 2635; x_wconf 89' lang='lat' dir='ltr'>cum</span> <span class='ocrx_word' id='word_1_291' title='bbox 1012 2596 1268 2647; x_wconf 88' lang='lat' dir='ltr'>minimum;</span> <span class='ocrx_word' id='word_1_292' title='bbox 1294 2596 1370 2648; x_wconf 89' lang='lat' dir='ltr'>qui</span> <span class='ocrx_word' id='word_1_293' title='bbox 1396 2596 1622 2637; x_wconf 85' lang='lat' dir='ltr'>Societati</span> <span class='ocrx_word' id='word_1_294' title='bbox 1650 2609 1821 2637; x_wconf 92' lang='lat' dir='ltr'>nomen</span> 
     </span>
     <span class='ocr_line' id='line_1_36' title="bbox 187 2667 1821 2720; baseline 0 -12"><span class='ocrx_word' id='word_1_295' title='bbox 187 2669 314 2719; x_wconf 90' lang='lat' dir='ltr'>dant,</span> <span class='ocrx_word' id='word_1_296' title='bbox 339 2681 397 2708; x_wconf 88' lang='lat' dir='ltr'>ex</span> <span class='ocrx_word' id='word_1_297' title='bbox 419 2678 581 2707; x_wconf 89' lang='lat' dir='ltr'>eorum</span> <span class='ocrx_word' id='word_1_298' title='bbox 602 2677 796 2706; x_wconf 90' lang='lat' dir='ltr'>numero</span> <span class='ocrx_word' id='word_1_299' title='bbox 818 2672 939 2717; x_wconf 86' lang='lat' dir='ltr'>sunt,</span> <span class='ocrx_word' id='word_1_300' title='bbox 964 2667 1043 2717; x_wconf 89' lang='lat' dir='ltr'>qui</span> <span class='ocrx_word' id='word_1_301' title='bbox 1065 2674 1232 2707; x_wconf 91' lang='lat' dir='ltr'>octauo</span> <span class='ocrx_word' id='word_1_302' title='bbox 1262 2679 1445 2720; x_wconf 90' lang='lat' dir='ltr'>quoque</span> <span class='ocrx_word' id='word_1_303' title='bbox 1473 2668 1546 2709; x_wconf 91' lang='lat' dir='ltr'>die</span> <span class='ocrx_word' id='word_1_304' title='bbox 1575 2680 1821 2708; x_wconf 85' lang='lat' dir='ltr'>sacrosan-</span> 
     </span>
    </p>
   </div>
   <div class='ocr_carea' id='block_1_3' title="bbox 243 2824 1822 2912">
    <p class='ocr_par' dir='ltr' id='par_1_4' title="bbox 243 2824 1822 2912">
     <span class='ocr_line' id='line_1_37' title="bbox 243 2824 1434 2863; baseline 0.001 -7"><span class='ocrx_word' id='word_1_305' title='bbox 243 2830 252 2849; x_wconf 93' lang='lat'>¹</span> <span class='ocrx_word' id='word_1_306' title='bbox 293 2829 453 2861; x_wconf 85' lang='lat' dir='ltr'>Henrico,</span> <span class='ocrx_word' id='word_1_307' title='bbox 469 2827 572 2861; x_wconf 84' lang='lat' dir='ltr'>Regis</span> <span class='ocrx_word' id='word_1_308' title='bbox 587 2826 706 2857; x_wconf 80' lang='lat' dir='ltr'>fratre.</span> <span class='ocrx_word' id='word_1_309' title='bbox 720 2824 902 2853; x_wconf 83' lang='lat' dir='ltr'>Cardinale</span> <span class='ocrx_word' id='word_1_310' title='bbox 919 2830 951 2853; x_wconf 82' lang='lat' dir='ltr'>et</span> <span class='ocrx_word' id='word_1_311' title='bbox 968 2827 1237 2863; x_wconf 75' lang='lat' dir='ltr'>Archiepiscopo</span> <span class='ocrx_word' id='word_1_312' title='bbox 1251 2829 1434 2858; x_wconf 85' lang='lat' dir='ltr'>Eborensi.</span> 
     </span>
     <span class='ocr_line' id='line_1_38' title="bbox 244 2871 1822 2912; baseline 0 -9"><span class='ocrx_word' id='word_1_313' title='bbox 244 2876 258 2896; x_wconf 85' lang='lat'><strong>2</strong></span> <span class='ocrx_word' id='word_1_314' title='bbox 296 2877 418 2903; x_wconf 87' lang='lat' dir='ltr'>Petrus</span> <span class='ocrx_word' id='word_1_315' title='bbox 446 2873 658 2907; x_wconf 82' lang='lat' dir='ltr'>Domenech,</span> <span class='ocrx_word' id='word_1_316' title='bbox 683 2873 790 2899; x_wconf 79' lang='lat' dir='ltr'>abbas</span> <span class='ocrx_word' id='word_1_317' title='bbox 817 2871 930 2900; x_wconf 82' lang='lat' dir='ltr'>Villae</span> <span class='ocrx_word' id='word_1_318' title='bbox 960 2873 1119 2910; x_wconf 84' lang='lat' dir='ltr'>Beltran,</span> <span class='ocrx_word' id='word_1_319' title='bbox 1146 2876 1424 2912; x_wconf 77' lang='lat' dir='ltr'>Ulyssiponensis</span> <span class='ocrx_word' id='word_1_320' title='bbox 1445 2877 1679 2912; x_wconf 88' lang='lat' dir='ltr'>orphanorum</span> <span class='ocrx_word' id='word_1_321' title='bbox 1702 2877 1822 2903; x_wconf 88' lang='lat' dir='ltr'>domus</span> 
     </span>
    </p>
   </div>
   <div class='ocr_carea' id='block_1_4' title="bbox 186 2923 972 3004">
    <p class='ocr_par' dir='ltr' id='par_1_5' title="bbox 186 2923 972 3004">
     <span class='ocr_line' id='line_1_39' title="bbox 186 2923 367 2951; baseline 0.006 -1"><span class='ocrx_word' id='word_1_322' title='bbox 186 2923 367 2951; x_wconf 68' lang='lat' dir='ltr'>fundator.</span> 
     </span>
     <span class='ocr_line' id='line_1_40' title="bbox 243 2967 972 3004; baseline -0.004 -6"><span class='ocrx_word' id='word_1_323' title='bbox 243 2970 256 2990; x_wconf 75' lang='lat'>5</span> <span class='ocrx_word' id='word_1_324' title='bbox 296 2971 582 3004; x_wconf 77' lang='lat' dir='ltr'>Consralerm&#39;tas</span> <span class='ocrx_word' id='word_1_325' title='bbox 597 2969 699 2995; x_wconf 82' lang='lat' dir='ltr'>etiam</span> <span class='ocrx_word' id='word_1_326' title='bbox 716 2967 972 3000; x_wconf 77' lang='lat' dir='ltr'>appellabatur.</span> 
     </span>
    </p>
   </div>
  </div>
 </body>
</html>
