2047 3179
245 137 317 174 448
769 138 996 176 LITTERAE
1016 149 1375 182 QUADR1MEsTREs

245 247 360 287 pore
382 236 775 287 quadragesimae
796 236 1107 286 intermissae;
1131 241 1198 276 tot
1229 236 1353 275 enim
1375 235 1699 277 confessiones
1721 238 1883 279 offere-

246 307 433 355 bantur,
457 314 507 347 ut
534 307 647 347 nulli
683 308 818 347 alteri
853 307 1153 358 occupationi
1182 308 1315 347 locus
1343 307 1702 359 relinqueretur.
1735 309 1890 350 Vnius

248 376 550 419 Santanderii
572 379 825 419 conciones
847 378 1045 429 excipio,
1071 379 1163 429 qui,
1189 379 1408 429 precibus
1426 378 1571 419 Ducis
1591 385 1635 419 et
1651 380 1793 420 totius
1812 392 1889 432 po-

245 450 356 502 puli,
382 456 529 490 totam
557 450 973 502 quadragesimam
1002 449 1312 490 concionatus
1342 456 1426 490 est.
1457 451 1515 491 Et
1544 462 1649 491 cum
1684 452 1891 493 omnium

247 521 420 562 iudicio
449 522 507 561 sit
536 533 707 561 munus
735 521 824 560 hoc
854 520 1291 572 laboriosissimum,
1322 533 1430 562 cum
1457 533 1650 563 necesse
1677 523 1737 563 sit
1764 523 1888 563 intra

246 604 427 645 paucos
458 593 557 633 dies
588 594 838 644 plusquam
872 592 1125 643 sexaginta
1156 592 1409 633 conciones
1443 593 1622 645 haberi,
1653 593 1799 634 adfuit
1823 600 1889 634 ta-

246 676 355 705 men
376 664 536 704 diuina
557 664 758 713 bonitas,
783 674 903 714 quae
923 662 1113 703 Patrem
1134 669 1227 707 tam
1251 675 1482 715 prospera
1504 665 1654 704 salute
1677 665 1888 715 donauit,

248 745 298 776 ut
325 736 451 776 haud
479 734 615 774 dubie
651 734 817 774 melius
853 734 1046 774 haberet
1074 740 1180 786 post
1207 741 1275 774 tot
1307 736 1560 776 conciones
1597 748 1737 788 quam
1765 742 1888 777 ante.

249 807 403 848 Tanto
426 807 654 858 applausu
677 805 835 857 populi
859 804 1048 845 fuerunt
1076 805 1164 845 hae
1196 807 1449 846 conciones
1472 812 1713 858 exceptae,
1731 813 1782 847 ut
1813 819 1894 859 pu-

245 879 365 919 blice
388 878 622 918 diceretur
644 877 879 916 neminem
901 881 1039 916 antea
1056 876 1200 916 fuisse
1217 877 1490 928 gratiorem,
1515 889 1601 918 nec
1620 889 1766 929 aeque
1782 889 1887 930 gra-

247 956 362 990 tum.
399 949 549 999 Multi,
587 961 613 988 a
649 947 955 988 concionibus
991 947 1090 987 eius
1126 948 1270 999 suasi,
1309 948 1668 1000 confitebantur,
1702 950 1781 1001 qui
1809 961 1892 1001 per

249 1022 419 1061 multos
441 1020 554 1069 dies,
580 1026 659 1059 aut
682 1031 832 1059 annos
854 1019 1024 1070 potius,
1048 1018 1093 1058 id
1116 1031 1209 1059 non
1232 1020 1456 1060 fecerant.
1481 1020 1628 1070 Multi,
1653 1021 1730 1072 qui
1753 1026 1892 1061 antea

248 1092 454 1132 dissidiis
486 1091 659 1131 mutuis
688 1091 967 1130 charitatem
1001 1089 1259 1130 fraternam
1281 1091 1533 1141 laeserant,
1566 1097 1609 1131 et
1631 1091 1678 1131 in
1700 1091 1806 1131 odio
1837 1103 1893 1132 ac

247 1163 507 1204 inimicitiis
528 1162 919 1214 perseuerabant,
945 1172 1110 1202 rursus
1138 1162 1379 1202 societatis
1406 1162 1570 1202 foedus
1599 1174 1890 1213 percussere.

248 1234 676 1286 Deprehenduntur
699 1234 845 1273 multa
866 1239 1080 1285 peccata,
1104 1244 1223 1285 quae
1247 1232 1386 1273 Pater
1408 1233 1684 1285 increpabat
1705 1234 1890 1285 acerbe,

249 1307 344 1347 iam
366 1317 469 1346 esse
491 1306 658 1346 deleta.
683 1304 843 1356 Aliqui
863 1305 1005 1344 etiam
1025 1304 1170 1355 fuere,
1195 1305 1272 1356 qui
1293 1311 1544 1356 parentum
1573 1306 1648 1344 uel
1669 1310 1890 1356 cognato-

250 1390 354 1418 rum
376 1384 576 1418 mortem
597 1377 694 1417 suis
725 1376 938 1416 hostibus
965 1376 1098 1427 (quos
1131 1382 1271 1415 antea
1301 1376 1553 1426 uocabant)
1585 1376 1890 1416 remitterent.

255 1449 486 1489 Doctrina
509 1448 770 1489 christiana
798 1459 982 1499 quoque
1009 1458 1181 1498 pueros
1216 1458 1391 1498 magna
1423 1447 1665 1498 diligentia
1696 1447 1891 1487 doceba-

254 1527 344 1568 tur;
369 1520 451 1560 sed
473 1519 759 1560 exercicium
781 1519 872 1559 hoc
893 1524 1103 1570 tempore
1139 1518 1532 1570 quadragesimae
1560 1519 1646 1559 suit
1667 1519 1894 1559 omissum

257 1592 423 1632 eadem
444 1591 501 1631 de
524 1602 668 1631 causa
690 1602 782 1642 qua
801 1590 1074 1641 conciones3
1109 1590 1192 1629 sed
1212 1590 1371 1630 statim
1393 1596 1498 1641 post
1522 1590 1620 1630 dies
1648 1590 1793 1630 festos
1814 1589 1896 1630 Pa-

248 1663 393 1704 schae
415 1662 605 1714 quidam
627 1662 766 1702 Pater
788 1661 876 1701 hoc
899 1673 1067 1701 munus
1090 1662 1259 1701 iterum
1282 1661 1548 1712 assumpsit.
1574 1660 1821 1701 Accedunt
1845 1667 1894 1700 ut

247 1735 511 1775 doctrinam
534 1734 781 1774 addiscant
802 1734 1051 1785 plusquam
1072 1733 1269 1773 tercenti
1290 1733 1436 1784 pueri,
1461 1740 1505 1773 et
1527 1733 1761 1773 interdurn
1784 1744 1895 1784 qua-

253 1806 503 1857 dringenti:
541 1806 775 1845 accedunt
805 1805 947 1845 etiam
978 1804 1140 1844 diebus
1174 1804 1307 1844 festis
1336 1810 1446 1843 natu
1471 1804 1767 1855 grandiores,
1792 1804 1886 1855 qui-

247 1879 333 1919 bus
356 1878 474 1918 alius
495 1877 651 1927 Pater,
676 1878 803 1917 uelut
826 1882 978 1926 antea,
1016 1876 1353 1928 interpretatur
1382 1888 1450 1925 ea,
1475 1887 1595 1928 quae
1626 1875 1681 1915 ad
1722 1876 1894 1916 doctri-

246 1961 335 1990 nae
364 1949 725 2000 intelligentiam
745 1948 1017 1988 necessaria
1046 1953 1313 1988 censentur.
1351 1946 1486 1987 Nunc
1509 1947 1707 1998 singulis
1729 1946 1894 1987 diebus

245 2021 378 2073 pueri
400 2020 459 2061 ad
480 2021 567 2061 hoc
590 2021 637 2060 in
659 2032 803 2060 unum
824 2020 981 2060 locum
1001 2024 1341 2059 conuocantur.
1364 2018 1630 2066 Caeterum,
1650 2023 1756 2070 post
1778 2029 1893 2069 pau-

244 2104 328 2133 cos
349 2092 463 2141 dies,
488 2092 679 2144 quando
704 2091 838 2143 pueri
860 2091 1151 2131 dexteriores
1173 2090 1281 2141 sint,
1315 2090 1467 2130 solum
1496 2089 1659 2130 diebus
1688 2088 1821 2130 festis
1842 2096 1887 2129 et

245 2164 495 2204 dominicis
529 2164 843 2214 uocabuntur3
881 2164 928 2202 in
956 2174 1046 2214 quo
1067 2162 1296 2202 exercitio
1318 2160 1472 2211 Pater,
1506 2161 1583 2213 qui
1613 2172 1716 2201 eam
1739 2160 1890 2211 docet,

244 2235 588 2287 perseuerabit‚
624 2235 772 2275 donec
808 2234 941 2285 pueri
978 2245 1138 2274 omnes
1174 2234 1377 2274 euadant
1414 2233 1701 2273 dexterrimi.
1740 2232 1893 2283 Quam

245 2307 563 2358 multipliciter
594 2306 837 2346 fructuosa
859 2306 951 2346 sint
974 2306 1112 2355 haec,
1143 2304 1244 2345 Rde
1266 2304 1421 2355 Pater,
1458 2304 1538 2344 uix
1567 2304 1787 2344 credibile
1822 2310 1892 2343 est

246 2378 317 2429 iis,
341 2379 420 2429 qui
442 2377 766 2418 confitentium
787 2389 975 2417 errores
997 2383 1041 2417 et
1062 2377 1386 2428 ignorantiam
1418 2376 1464 2415 in
1494 2375 1634 2415 rebus
1662 2375 1769 2415 fidei
1799 2387 1893 2415 non

247 2456 527 2500 agnoscunt.
553 2449 656 2500 Ego
677 2448 907 2501 profecto,
931 2455 981 2488 ut
1002 2448 1146 2488 libere
1179 2448 1351 2498 dicam,
1386 2447 1431 2487 in
1462 2447 1552 2486 hac
1580 2458 1683 2486 sum
1704 2453 1888 2486 senten-

246 2521 327 2571 tia,
351 2528 401 2561 ut
423 2522 614 2561 credam
636 2521 790 2560 nullas
813 2519 1064 2560 conciones
1089 2526 1186 2559 tam
1206 2518 1479 2559 fructuosas
1503 2517 1716 2557 extitisse
1737 2517 1891 2557 hacte-

245 2604 334 2632 nus
356 2593 402 2632 in
424 2593 513 2632 hoc
536 2593 725 2644 populo,
745 2603 885 2643 quam
903 2591 1041 2631 fuerit
1063 2590 1278 2630 doctrina
1301 2589 1576 2630 christiana.
1597 2588 1656 2629 Et
1673 2588 1891 2628 existimo

246 2675 339 2703 non
363 2675 540 2714 paucos
563 2675 746 2703 mecum
770 2663 892 2703 idem
913 2662 1103 2712 sentire,
1127 2673 1233 2702 cum
1265 2661 1398 2701 multi
1431 2660 1512 2700 uix
1547 2671 1617 2709 ea,
1642 2671 1761 2710 quae
1781 2658 1889 2699 fidei

245 2734 490 2774 notissima
514 2741 635 2785 sunt,
660 2735 735 2774 uel
758 2739 1115 2785 cognoscerent,
1152 2733 1226 2773 uel
1253 2732 1584 2783 intelligerent.
1610 2730 1808 2771 Accedit
1831 2730 1891 2770 ad

246 2804 379 2855 haec,
411 2806 536 2857 quod
559 2812 629 2845 est
655 2807 826 2857 populo
848 2805 1186 2856 gratissimum,
1221 2803 1482 2844 cantilenas
1513 2813 1674 2842 omnes
1702 2801 1888 2841 inhone-

245 2882 360 2927 staS,
386 2888 504 2927 quae
527 2878 701 2916 multae
726 2882 876 2927 erant,
902 2877 996 2916 iam
1017 2876 1114 2916 fere
1136 2875 1361 2926 expulsas
1382 2885 1485 2913 esse
1514 2878 1559 2912 et
1588 2872 1635 2912 in
1671 2872 1787 2912 alias
1810 2883 1888 2911 au-

245 2947 345 3007 ditu
375 2948 739 2988 iocundissimas
763 2953 1091 2987 commutatas.
1119 2946 1175 2986 Et
1197 2951 1246 2985 ut
1268 2944 1324 2984 de
1356 2943 1703 2984 confesionibus
1732 2942 1889 2994 aliqua
