2047 3179
191 152 258 190 136
700 153 926 191 LITTERAE
952 164 1311 197 QUADRIMESTRES

190 250 235 289 in
252 250 341 291 hac
363 251 492 301 urbe,
516 257 560 291 et
581 251 626 290 id
648 251 836 303 quidem
853 252 1141 302 continuum,
1166 257 1211 291 et
1228 263 1254 291 a
1272 251 1422 302 primo
1441 249 1836 301 quadragesimae

188 321 262 361 die
283 322 615 373 primariarum
637 322 946 363 foeminarum
968 328 1150 363 tantum
1171 332 1468 368 concursum,
1507 325 1556 360 ut
1592 320 1681 360 hae
1703 321 1834 361 solae

188 399 375 433 centum
397 394 739 445 quinquaginta
761 399 806 434 et
828 406 882 434 eo
905 394 1103 445 amplius
1125 394 1274 434 iustae
1292 392 1573 443 capacitatis
1608 392 1832 443 scamnis,

187 464 550 515 capacissimum
585 465 758 517 alioqui
789 472 833 505 et
861 465 907 504 in
936 465 1140 505 ciuitatis
1174 464 1394 504 umbilico
1428 463 1570 503 situm
1603 463 1829 514 templum

188 536 442 575 onerarint.
466 535 579 576 Item
601 536 850 588 optimates
871 548 965 576 non
986 535 1286 587 paucioribus
1312 533 1335 573 ¹.
1360 533 1483 574 Nam
1503 533 1549 573 in
1571 533 1662 574 hac
1685 534 1829 585 potis-

185 606 354 646 simum
375 606 629 658 Republica
647 608 693 647 in
712 608 838 647 omni
854 607 1082 647 concione
1099 613 1143 646 et
1162 606 1357 646 lectione
1375 616 1597 645 numerus
1614 604 1827 645 uirorum

188 678 434 718 mulierum
456 678 502 718 in
522 679 727 729 triplum,
749 679 996 730 aliquoties
1014 678 1154 718 etiarn
1169 677 1214 717 in
1233 677 1481 728 decuplum
1499 676 1698 716 excedit:
1718 676 1830 729 imo,

187 748 309 800 quod
344 749 594 789 dolendum
630 756 713 799 est,
751 761 860 789 rara
896 749 970 789 hic
1008 748 1310 800 conspicitur,
1343 759 1462 799 quae
1489 748 1716 787 lectiones
1741 747 1828 787 fre-

186 825 391 871 quentet,
410 819 630 860 foemina.
649 820 796 860 Porro
815 821 985 871 vulgus
1003 820 1062 860 ad
1081 819 1361 860 audiendum
1375 824 1473 859 tam
1489 819 1709 870 frequens
1722 831 1828 859 con-

185 891 331 941 fluxit,
355 898 403 931 ut
425 892 673 944 aliquoties
702 899 827 932 stare
859 892 1119 941 commode,
1158 903 1252 931 non
1288 890 1393 930 dico
1429 890 1609 939 sedere,
1634 891 1715 931 uix
1745 902 1824 941 po-

179 963 366 1010 tuerint,
390 963 508 1003 adeo
533 970 579 1002 ut
601 963 755 1003 dicere
779 962 950 1014 pudeat
972 974 1113 1014 quam
1138 973 1314 1013 paucos
1343 961 1580 1002 auditores
1610 962 1690 1002 alii
1712 974 1820 1002 con-

179 1034 446 1074 cionatores
467 1034 757 1074 retinuerint.
781 1034 886 1087 Jam
908 1034 1018 1086 quid
1039 1041 1169 1074 tanto
1194 1033 1425 1073 auditorio
1455 1033 1649 1084 dignum
1682 1033 1824 1074 Pater

180 1105 482 1156 praestiterit,
507 1112 775 1157 quantoque
797 1117 905 1145 cum
926 1105 1080 1145 fructu
1102 1105 1254 1156 ipsum
1278 1104 1467 1144 Patrem
1495 1105 1824 1157 frequentaue-

181 1177 259 1227 rit,
282 1177 461 1228 paucis,
486 1177 548 1217 mi
569 1177 723 1228 Pater,
748 1177 925 1229 accipe.
957 1176 1192 1217 Nobilium
1227 1177 1349 1216 bona
1371 1188 1482 1228 pars
1514 1176 1824 1228 quadragesi-

180 1259 318 1298 mam,
344 1248 419 1288 cui
440 1248 499 1288 ad
520 1248 598 1288 illa
620 1259 767 1300 usque
796 1254 1008 1299 tempora
1044 1247 1350 1288 infestissima
1384 1247 1553 1298 fuerat,
1591 1248 1825 1288 extensio-

178 1331 277 1359 rem
293 1319 499 1370 optabat,
523 1319 649 1360 haud
676 1331 788 1359 sane
825 1319 915 1359 alio
952 1319 1108 1359 animo
1144 1331 1286 1371 quam
1321 1330 1411 1370 quo
1446 1319 1618 1359 diutius
1640 1325 1822 1360 tantum

180 1401 464 1441 praeconem
484 1390 649 1430 audire
671 1391 849 1441 liceret,
873 1391 1130 1442 eademque
1151 1397 1248 1430 tum
1265 1391 1468 1442 primum
1496 1391 1608 1442 quid
1629 1391 1717 1431 hae
1739 1390 1827 1431 sibi

183 1461 280 1501 dies
302 1462 473 1502 uellent
495 1472 756 1513 agnoscere
786 1462 953 1513 coepit.
991 1461 1230 1514 Siquidem
1264 1467 1374 1502 ante
1409 1473 1464 1502 ea
1499 1467 1712 1513 tempora
1734 1474 1827 1502 non

183 1544 359 1584 paucos
377 1533 582 1585 reperire
600 1540 716 1583 erat,
739 1533 831 1585 qui,
852 1533 951 1573 siue
969 1534 1126 1573 carnis
1143 1532 1376 1573 fouendae
1395 1533 1566 1585 gratia,
1587 1533 1686 1574 siue
1703 1534 1828 1585 quod

180 1604 352 1644 alicubi
378 1615 461 1656 per
497 1604 860 1656 imprudentiam
882 1604 1134 1645 haereseos
1165 1616 1359 1645 succum
1395 1605 1741 1656 degustassent,
1779 1605 1827 1646 in

180 1675 546 1726 quadragesima
573 1676 860 1727 promiscue,
892 1676 1018 1716 haud
1046 1687 1184 1716 secus
1214 1682 1353 1728 atque
1385 1676 1490 1716 aliis
1517 1676 1822 1728 temporibus,

177 1746 398 1786 carnibus
432 1747 561 1786 uesci
595 1754 954 1787 consueuerant.
994 1747 1064 1787 De
1092 1747 1278 1787 ieiuniis
1310 1753 1463 1799 taceo,
1494 1759 1601 1788 cum
1624 1754 1669 1788 et
1690 1748 1823 1799 alios,

176 1825 427 1870 praecepto
438 1819 680 1859 Ecclesiae
697 1819 1090 1871 obtemperantes,
1102 1831 1185 1871 per
1201 1819 1500 1860 insolentiam
1517 1819 1824 1869 incesserent;

178 1901 340 1930 uerum
367 1890 457 1930 hac
479 1890 543 1930 illi
563 1890 944 1942 quadragesima,
968 1898 1017 1931 ut
1039 1891 1213 1931 diuersi
1229 1897 1274 1931 et
1288 1890 1419 1931 Patri
1436 1898 1480 1932 et
1500 1891 1636 1931 nobis
1654 1892 1821 1932 retule-

174 1967 302 2011 runt,
327 1973 419 2001 non
442 1962 592 2001 solum
614 1961 671 2001 ab
694 1973 776 2002 esu
811 1962 1039 2013 carnium,
1074 1963 1155 2002 sed
1178 1969 1222 2002 et
1255 1975 1281 2003 a
1313 1963 1562 2003 lacticiniis
1593 1962 1824 2003 abstinue-

174 2038 296 2073 runt.
320 2032 499 2073 Variae
528 2033 765 2083 haereses,
790 2045 910 2084 quae
939 2035 1196 2074 multorum
1228 2034 1402 2074 ciuium
1426 2034 1607 2075 animos
1641 2034 1824 2074 inuase-

173 2110 293 2154 rant,
318 2104 523 2143 aduentu
543 2103 697 2144 Patris
719 2110 974 2156 utcumque
997 2117 1258 2156 repressae,
1281 2118 1340 2145 ex
1357 2106 1667 2158 plurimorum
1683 2105 1824 2146 etiam

173 2175 343 2215 animis
379 2174 590 2215 funditus
627 2176 908 2226 extirpatae.
945 2176 1076 2217 Haec
1111 2183 1242 2217 tanta
1278 2189 1385 2217 cum
1425 2177 1585 2218 diuino
1616 2177 1826 2218 subsidio

172 2247 358 2286 adiutus
383 2247 693 2299 praestiterit,
718 2247 987 2288 inuidorum
1008 2248 1137 2298 dens,
1162 2249 1241 2300 qui
1269 2255 1427 2289 tamen
1448 2249 1496 2289 in
1526 2249 1608 2290 tali
1629 2260 1679 2289 re
1696 2249 1825 2289 uires

171 2329 280 2357 suas
302 2329 495 2358 exerere
524 2319 654 2369 solet,
689 2330 922 2371 nusquam
952 2331 1002 2359 se
1029 2320 1257 2371 prodidit:
1295 2320 1388 2360 imo
1423 2321 1452 2361 ii
1484 2321 1589 2372 ipsi,
1627 2320 1705 2373 qui
1727 2321 1818 2361 hoc

172 2388 357 2428 nomine
388 2389 599 2428 nonnihil
635 2390 841 2441 suspecti
876 2397 1025 2441 erant,
1065 2391 1338 2443 suppliciter
1376 2403 1425 2432 se
1457 2391 1771 2442 demittentes,
1795 2404 1821 2432 e

171 2459 476 2499 concionibus
498 2466 664 2500 notatu
687 2460 905 2511 digniora
927 2462 1146 2513 excipere
1167 2462 1344 2503 frustra
1365 2464 1681 2514 postularunt.

249 2530 359 2580 Iam,
381 2531 490 2581 quid
511 2543 595 2582 pro
624 2539 720 2571 tam
751 2532 926 2583 insigni
954 2533 1181 2577 beneficio
1218 2533 1428 2574 beneficii
1461 2540 1626 2574 auctor
1646 2535 1816 2575 retule-

171 2602 242 2651 rit,
268 2608 315 2641 ut
338 2609 542 2653 caetera,
566 2604 798 2654 patienter
819 2604 1020 2656 suscipe.
1044 2605 1095 2645 In
1117 2605 1281 2656 primis
1302 2605 1495 2656 singuli,
1519 2617 1719 2658 quorum
1741 2617 1819 2646 au-

166 2673 367 2713 thoritas
386 2673 433 2713 in
456 2674 543 2714 hac
566 2675 805 2726 republica
824 2675 1077 2726 plurimum
1093 2677 1232 2727 ualet,
1256 2689 1360 2718 sese
1380 2676 1509 2717 Patri
1528 2677 1817 2727 obtulerunt,

167 2745 227 2784 ad
244 2745 401 2784 omnia
424 2746 772 2797 paratissimos;
798 2758 983 2798 quoque
1006 2748 1215 2788 animum
1235 2760 1371 2789 suum
1394 2748 1440 2788 in
1457 2748 1646 2789 Patrem
1663 2754 1708 2788 et
1727 2749 1819 2788 col-

167 2816 344 2867 legium
381 2816 546 2856 melius
583 2817 900 2869 declararent,
939 2819 1131 2871 quidam
1166 2832 1344 2871 eorum,
1382 2819 1441 2860 ad
1474 2820 1563 2860 hoc
1599 2831 1769 2860 munus
1790 2831 1817 2860 a

225 2977 234 2996 ¹
279 2976 434 3004 Scamnis
450 2983 515 3005 teir
525 2979 613 3012 plum
631 2985 830 3006 onerarunt.
