2047 3179
904 137 986 170 AN.
1019 133 1110 169 1553
1748 133 1820 171 565

183 231 305 272 Hinc
328 231 463 272 facile
489 233 631 284 liquet
654 239 876 284 quantum
898 232 1030 272 labor
1052 238 1314 271 nostrorum
1336 231 1547 270 conferat
1576 230 1636 270 ita
1667 232 1817 281 perni-

176 303 310 342 ciose
333 303 613 353 errantibus,
635 303 746 343 dum
767 303 927 343 tamin
948 302 1268 351 concionibus,
1288 313 1427 352 quam
1447 302 1492 340 in
1514 301 1814 341 confessioni-

184 373 270 412 bus
291 374 422 414 viam
443 375 608 414 salutis
626 374 821 414 fideliter
843 373 1093 414 ostendunt
1114 373 1286 412 iamdiu
1309 384 1401 412 non
1424 373 1722 412 intellectam.

264 444 407 484 Dabit
434 445 620 485 ueniam
655 445 917 485 Pater-nitas
951 451 1028 484 tua
1062 444 1336 484 uerbositati
1370 455 1516 493 meae,
1555 443 1593 482 si
1613 444 1811 494 paucula

182 517 395 566 exempla
416 517 681 556 subdidero.
706 517 844 557 Anno
861 515 1019 557 XXIX
1041 526 1146 555 cum
1167 517 1405 564 ingrueret
1427 514 1486 554 ad
1508 514 1809 554 obsidendam

181 584 303 625 hanc
325 587 567 627 ciuitatem
588 588 821 628 maximus
850 599 905 627 ac
931 586 1254 627 formidandus
1283 586 1357 625 ille
1379 585 1606 625 Turcicus
1634 585 1808 625 exerci—

179 662 266 706 tus,
292 657 624 698 demandatum
645 666 714 699 est
737 658 912 698 destrui
938 657 1275 697 Monasterium
1304 656 1730 696 Franciscanorum
1752 656 1807 695 de

177 725 505 779 Obseruantia,
534 730 656 780 quod
677 741 771 769 non
792 730 955 781 procul
977 741 1002 768 a
1024 728 1213 768 ciuitate
1235 728 1375 768 situm
1398 733 1512 777 erat,
1533 739 1590 766 ex
1608 739 1698 778 quo
1714 727 1804 766 fra-

174 804 269 837 tres
290 799 378 849 ipsi
406 800 486 839 uix
508 800 757 851 quicquam
778 806 1028 851 exportare
1050 805 1093 838 et
1117 800 1302 838 saluare
1329 810 1485 838 rerum
1514 809 1704 837 suarum
1725 809 1801 849 po-

174 875 320 917 tuere;
345 870 409 909 ita
430 872 708 912 conturbata
731 878 864 912 erant
900 872 1054 911 omnia
1092 871 1149 910 ob
1180 877 1410 910 terrorem
1441 869 1589 909 hostis
1623 869 1716 908 iam
1737 870 1801 908 vi-

174 940 281 980 cini.
306 940 439 980 Unde
461 942 637 982 sactum
655 949 724 982 est
746 950 793 982 ut
815 943 905 994 ipsi
923 943 1092 982 milites
1111 941 1390 981 viennenses
1411 939 1507 980 fere
1525 940 1635 979 illud
1652 945 1799 979 totum

173 1011 450 1062 diripuerint
473 1045 479 1062 ,
526 1014 701 1064 alioqui
735 1014 910 1065 optima
951 1012 1237 1064 supellectile
1259 1011 1690 1052 instructissimum.
1728 1010 1797 1050 Ex

163 1093 262 1132 -qua
283 1083 459 1134 praeda
493 1085 658 1124 mulier
692 1097 718 1124 a
752 1085 897 1125 milite
931 1084 1133 1136 quodam
1168 1083 1300 1124 uaria
1331 1082 1490 1134 templi
1521 1087 1797 1121 ornamenta

168 1155 365 1205 accepit,
389 1167 508 1206 quae
528 1156 634 1195 licet
656 1155 888 1196 dubitaret
908 1167 968 1195 an
996 1162 1096 1195 tuta
1119 1154 1407 1195 conscientia
1441 1159 1598 1205 posset
1628 1152 1706 1192 illa
1727 1163 1795 1192 re-

169 1225 332 1275 tinere,
358 1232 401 1264 et
422 1226 468 1265 in
491 1237 603 1266 usus
625 1227 897 1278 prophanos
919 1233 1208 1276 conuertere,
1231 1229 1326 1265 'non
1347 1231 1503 1265 tamen
1526 1224 1585 1264 ad
1612 1223 1795 1263 restitu-

166 1295 340 1336 tionem
362 1298 482 1336 ullus
505 1297 821 1337 conscientiae
839 1298 1085 1348 scrupulus
1103 1303 1181 1337 aut
1201 1297 1295 1336 ulla
1313 1296 1547 1336 confessio
1565 1306 1669 1334 eam
1691 1306 1793 1345 pro—

166 1367 326 1417 mouit,
351 1367 499 1408 donec
522 1369 593 1408 his
615 1369 778 1408 diebus
795 1369 852 1408 ab
874 1380 965 1408 uno
992 1368 1291 1408 sacerdotum
1321 1373 1589 1407 nostrorum
1624 1366 1790 1405 edocta

164 1444 287 1478 esset
308 1439 430 1490 quod
458 1441 633 1479 nullum
669 1441 739 1480 ius
776 1441 822 1480 in
843 1452 947 1480 eam
981 1439 1362 1491 suppellectilem,
1395 1439 1493 1478 siue
1522 1438 1789 1487 donatione,

162 1509 260 1549 siue
295 1511 578 1561 venditione,
617 1518 880 1562 acceptam,
920 1512 1193 1551 obtinuisset
1227 1522 1447 1562 unquam:
1491 1511 1613 1549 laeta
1648 1509 1790 1560 igitur

162 1580 279 1620 haec
299 1582 465 1621 mulier
489 1582 544 1621 de
562 1583 751 1633 cognita
786 1583 951 1622 melius
972 1582 1183 1632 ueritate,
1216 1581 1437 1633 quicquid
1467 1579 1788 1621 huiuscemodi

161 1663 318 1692 rerum
336 1652 457 1704 apud
481 1665 529 1693 se
552 1653 705 1693 adhuc
728 1654 917 1693 extabat
939 1653 1135 1693 fideliter
1157 1652 1373 1693 Patribus
1394 1652 1601 1692 eiusdem
1632 1662 1788 1691 mona—

160 1723 290 1763 sterii
312 1724 404 1774 (qui
426 1736 549 1764 nunc
572 1725 618 1764 in
654 1725 844 1765 ciuitate
879 1724 1261 1775 commorantur),
1293 1725 1582 1775 apportauit,
1609 1725 1674 1763 uti
1708 1735 1786 1762 nu-

159 1793 261 1833 dius
284 1802 480 1846 quartus
502 1794 623 1835 Rdssss
642 1794 688 1835 P.
715 1796 1028 1846 Guardianus,
1048 1795 1356 1847 personaliter
1375 1796 1464 1835 huc
1480 1795 1687 1843 ueniens,
1708 1805 1787 1833 no-

157 1865 228 1905 bis
262 1866 574 1916 renunciauit,
614 1866 669 1906 de
700 1866 986 1917 poenitentia
1013 1867 1220 1906 mulieris
1243 1878 1383 1918 quam
1409 1867 1465 1906 de
1506 1871 1783 1917 recuperata

153 1937 473 1987 suppellectile
494 1939 639 1977 multo
668 1938 847 1978 laetior.

232 2006 341 2047 Alia
363 2007 609 2059 quaedam,
633 2008 819 2048 uiuente
841 2009 1027 2060 quidem
1054 2009 1221 2049 marito
1249 2009 1446 2049 honesta
1474 2014 1702 2058 matrona,
1729 2019 1782 2047 eo

146 2083 308 2118 ⁴autem
331 2078 553 2119 defuncto
577 2091 681 2119 cum
704 2080 907 2131 quodam
922 2081 1182 2132 praediuite
1204 2080 1306 2120 viro
1330 2081 1507 2131 aliquot
1536 2079 1672 2119 annis
1693 2085 1782 2119 tur-

151 2149 272 2200 piter
289 2150 422 2189 vixit.
442 2150 587 2201 Haec,
605 2162 711 2191 cum
726 2151 911 2202 longius
927 2151 1001 2192 ille
1019 2163 1216 2203 peregre
1230 2158 1352 2192 esset
1370 2151 1622 2203 profectus,
1640 2156 1778 2190 nacta

149 2220 327 2261 scilicet
353 2222 580 2262 maiorem
601 2234 741 2274 quam
763 2230 902 2263 antea
923 2223 1336 2275 opportunitatem,
1371 2223 1578 2263 animum
1610 2222 1780 2263 adiecit

151 2297 200 2330 ut
227 2291 414 2332 cuidam
441 2300 709 2333 nostrorum
738 2294 1037 2334 sacerdotum
1066 2296 1262 2335 Vulnera
1298 2294 1481 2334 animae
1515 2305 1628 2334 suae
1663 2300 1777 2333 rete—

140 2368 294 2412 geret,
319 2370 363 2402 et
384 2364 589 2404 salutare
617 2365 863 2405 consilium
892 2366 1241 2417 remediumque
1277 2371 1593 2417 opportunum
1621 2371 1775 2416 postu-

147 2434 279 2473 laret.
307 2433 438 2474 Haec
460 2435 621 2486 igitur,
654 2447 761 2476 cum
791 2447 964 2487 magna
999 2436 1300 2488 turpitudinis
1335 2448 1447 2476 suae
1483 2435 1771 2483 confusione,

145 2503 292 2544 vitam
323 2506 443 2544 male
481 2512 635 2546 actam
669 2518 863 2558 prorsus
897 2507 944 2547 in
975 2507 1269 2548 confessione
1305 2508 1551 2558 detestata,
1588 2519 1773 2548 sacram

136 2576 525 2617 *communionem
542 2579 589 2617 in
611 2578 1013 2619 confirmationem
1049 2579 1121 2619 sui
1154 2578 1384 2630 propositi
1418 2578 1596 2619 feruide
1618 2589 1771 2620 susce-

126 2641 223 2696 pit,
246 2652 291 2686 et
311 2653 513 2698 nuptura
536 2648 721 2688 cuidam
743 2650 939 2689 honesto
962 2650 1064 2689 viro
1087 2649 1181 2701 (qui
1202 2661 1307 2690 eam
1340 2650 1387 2690 in
1422 2650 1672 2701 coniugem
1692 2662 1768 2702 po-

135 2717 359 2767 stulabat)
383 2718 439 2758 ab
460 2719 607 2770 ipsius
628 2720 811 2759 moechi
832 2721 1070 2760 consortio
1097 2732 1146 2760 se
1169 2721 1357 2761 omnino
1379 2721 1632 2772 separauit.

220 2787 310 2828 Sed
330 2789 575 2829 breuitatis
596 2791 750 2830 studio
772 2792 828 2831 de
850 2792 1061 2842 plurimis
1081 2798 1231 2841 taceo,
1252 2804 1367 2844 quos
1385 2792 1616 2843 colloquia
1637 2792 1764 2833 fami-

138 2858 274 2898 liaria
294 2866 563 2901 nostrorum
585 2868 629 2901 et
656 2862 964 2902 confessionis
992 2863 1219 2913 remedia,
1243 2870 1340 2904 tam
1369 2864 1607 2904 erroribus
1638 2864 1765 2904 circa

137 2928 289 2981 fidem,
313 2942 451 2982 quam
474 2933 665 2973 alterius
685 2933 873 2984 generis
893 2934 1018 2974 vitiis
1039 2934 1310 2975 liberarunt.
