2047 3179
851 164 934 200 AN.
966 163 1056 200 1555
1695 165 1766 202 409

137 265 400 300 mentorum
421 271 527 300 cum
549 271 722 311 magno
742 259 927 300 feruore
949 271 1004 299 ac
1026 259 1213 299 uirtutis
1231 265 1275 299 et
1291 260 1513 300 bonitatis
1530 262 1759 312 exemplo;

138 338 181 371 et
214 331 329 371 adeo
351 331 582 371 Dominae
603 331 748 381 ipsius
776 331 911 370 aulae
932 330 1091 381 regiae
1119 330 1479 380 abnegationem
1500 336 1544 370 et
1579 332 1760 381 altiora,

136 413 276 441 uerae
297 402 485 442 virtutis
507 413 680 450 amore,
705 402 1013 449 aemulantur,
1038 407 1087 440 ut
1109 412 1199 440 non
1229 412 1410 451 paucae
1439 401 1558 441 inter
1580 413 1628 441 se
1651 414 1758 442 con-

135 473 349 512 uenerint
372 478 420 512 ut
443 471 610 523 <quoad
633 472 745 523 ipsis
767 472 824 511 ab
860 472 953 511 alto
975 470 1137 511 datum
1164 471 1224 510 sit
1254 477 1302 511 ut
1330 472 1554 511 mundum
1582 473 1762 523 possint

135 544 397 594 relinquere
419 550 462 583 et
484 543 756 594 religionem
777 542 991 593 ingredi),
1011 541 1165 593 quoad
1182 542 1376 593 possint,
1400 542 1648 592 religiosos
1665 543 1761 582 imi-

137 620 309 664 tentur3
334 620 471 665 atque
500 614 563 653 ita
592 614 639 654 in
665 620 896 654 secretum
932 612 1180 664 quemdam
1209 614 1376 662 locum,
1401 613 1586 664 quoties
1613 614 1678 652 eis
1700 614 1763 653 ui-

136 685 286 733 detur,
318 696 420 724 sese
442 685 742 736 recipientes,
779 684 889 723 inibi
921 695 1060 723 unam
1088 684 1296 734 ipsarum
1324 690 1448 723 sorte
1484 684 1530 723 in
1558 684 1763 735 superio-

136 767 234 795 rem
256 755 446 805 eligunt,
482 756 556 795 cui
578 768 659 806 per
681 767 820 795 unam
843 754 1184 794 hebdomadam
1213 766 1374 794 omnes
1396 755 1631 794 humiliter
1659 755 1761 794 obe-

136 826 280 875 diunt,
305 826 484 877 ipsique
506 827 737 877 superiori
754 838 913 866 omnes
933 837 1043 866 suas
1062 827 1239 877 culpas,
1264 828 1337 865 uel
1358 826 1403 865 in
1421 826 1669 877 loquendo,
1689 827 1763 866 uel

133 897 180 936 in
201 897 457 945 recitando,
482 904 561 937 aut
582 897 698 937 alias
720 897 1014 945 confitentur,
1039 897 1096 937 ab
1117 909 1263 948 eaque
1286 905 1500 948 receptas
1524 898 1759 948 poeniten-

135 968 227 1008 tias
248 979 409 1007 coram
431 968 533 1008 aliis
554 968 788 1008 humiliter
808 974 1056 1020 peragunt;
1071 980 1126 1008 ac
1144 969 1284 1008 etiam
1308 980 1413 1008 cum
1437 968 1502 1008 eis
1519 975 1588 1008 est
1606 974 1763 1008 actum

136 1045 184 1078 ut
206 1038 422 1079 dominae
443 1039 629 1079 famulis
651 1040 747 1079 suis
769 1039 1001 1090 aliquibus
1023 1039 1328 1079 hebdomadis
1350 1039 1590 1079 obediant:
1623 1039 1761 1090 parti-

130 1109 357 1150 culariter
378 1116 532 1149 autem
554 1116 744 1161 possent
766 1110 857 1150 dici
878 1111 1038 1160 multa,
1062 1122 1151 1161 quo
1172 1110 1355 1150 facilius
1377 1116 1535 1160 posset
1564 1110 1763 1160 intelligi

135 1191 335 1231 magnus
356 1181 593 1232 profectus
614 1193 776 1221 earum
798 1182 843 1221 in
865 1181 951 1221 Dei
973 1181 1179 1231 seruitio;
1204 1181 1286 1221 sed
1308 1193 1427 1233 quae
1449 1186 1648 1231 secreto,
1676 1181 1758 1220 sci-

138 1251 244 1292 licet
266 1251 312 1291 in
334 1252 721 1303 confessionibuS,
745 1252 1010 1303 audiuntur,
1031 1252 1091 1292 ad
1108 1252 1345 1303 publicam
1367 1264 1459 1292 non
1483 1252 1762 1303 perueniunt

133 1323 364 1373 notitiam,
389 1324 593 1363 maxime
614 1335 720 1364 cum
741 1335 768 1363 a
789 1324 1002 1375 personis
1024 1324 1362 1374 principalibus
1384 1323 1651 1363 audiuntur.

113 1380 116 1383 ¹
216 1393 546 1435 Confessiones
574 1395 820 1446 generales
854 1407 947 1435 non
980 1395 1147 1435 desunt
1174 1395 1319 1435 ferme
1354 1395 1552 1445 singulis
1583 1395 1761 1445 diebus,

134 1465 276 1505 etiam
298 1466 576 1517 aliquorum,
601 1466 680 1517 qui
702 1477 807 1506 cum
836 1467 952 1506 alias
977 1466 1248 1518 frequenter
1276 1466 1556 1506 accederent
1583 1466 1642 1506 ad
1673 1466 1762 1506 hoc

135 1535 506 1588 Sacramentum,
532 1543 611 1576 aut
636 1537 919 1577 uerecundia
949 1545 1028 1577 aut
1059 1538 1241 1577 incuria
1269 1537 1548 1577 confessarii
1578 1537 1626 1577 in
1662 1549 1759 1588 per-

135 1607 376 1658 quirendO,
400 1619 483 1659 per
505 1609 672 1648 multos
703 1620 852 1648 annos
880 1609 926 1648 in
956 1608 1142 1648 mortali
1169 1615 1366 1660 peccato
1393 1609 1626 1648 uixerunt.
1662 1608 1764 1648 Plu-

136 1690 213 1718 res
235 1678 359 1718 docti
380 1685 424 1718 et
445 1679 728 1730 principales
753 1679 890 1719 huius
920 1680 1076 1719 curiae
1109 1685 1248 1730 atque
1275 1681 1435 1731 plures
1462 1679 1662 1719 ministri
1691 1691 1762 1719 su-

134 1749 297 1789 blimes
319 1750 484 1790 domus
506 1751 665 1801 regiae
691 1750 767 1801 pio
791 1762 845 1790 ac
867 1751 1035 1790 deuoto
1058 1751 1213 1790 animo
1244 1750 1368 1802 apud
1398 1763 1483 1790 nos
1512 1751 1763 1791 confessio-

132 1832 215 1860 nes
237 1827 489 1869 sectantur,
514 1821 724 1872 adeoque
746 1821 994 1861 innotescit
1022 1821 1067 1860 in
1098 1821 1196 1861 dies
1218 1820 1399 1861 fructus
1421 1821 1761 1873 proficientium

133 1892 179 1931 in
202 1891 431 1943 frequenti
454 1890 866 1932 §aeramentorum
901 1903 1002 1941 vsu,
1034 1899 1082 1932 ut
1109 1893 1248 1932 etiam
1271 1899 1404 1932 extra
1435 1892 1659 1943 oppidum
1686 1892 1758 1932 de-

131 1969 311 2012 gentes,
350 1975 407 2002 ex
437 1962 635 2002 diuersis
671 1962 897 2013 partibus,
928 1963 1097 2013 pluuiis
1131 1970 1174 2002 et
1201 1963 1303 2002 aliis
1325 1963 1632 2003 incommodis
1668 1975 1762 2003 non

132 2033 437 2081 obstantibus,
465 2032 523 2072 ad
543 2044 629 2072 nos
652 2033 859 2072 ueniant.
885 2033 934 2072 In
957 2033 1044 2073 hoc
1065 2033 1266 2073 iubilaeo
1289 2034 1544 2074 novissime
1572 2045 1760 2074 conces-

132 2115 182 2143 so
205 2111 249 2144 et
267 2104 313 2144 in
334 2104 712 2155 quadragesima,
732 2110 891 2144 tantus
911 2104 995 2144 fuit
1013 2116 1272 2144 concursus
1290 2105 1578 2145 venientium
1600 2105 1659 2145 ad
1676 2117 1763 2145 nos

131 2174 190 2214 ad
212 2174 527 2214 confitendum
548 2181 743 2226 peccata
777 2187 876 2224 sua,
902 2182 949 2215 ut
970 2176 1181 2226 patribus
1203 2176 1249 2215 in
1282 2176 1371 2215 hac
1395 2176 1533 2216 domo
1555 2176 1760 2227 degenti-

131 2246 217 2285 bus
238 2258 330 2285 non
351 2246 548 2286 defuerit
571 2246 786 2286 assiduus
803 2247 933 2286 labor
951 2258 977 2286 a
995 2258 1175 2286 summo
1194 2258 1329 2286 mane
1348 2259 1495 2298 usque
1513 2247 1572 2287 ad
1589 2247 1762 2287 bonam

130 2324 315 2367 partem
354 2318 504 2356 noctis
540 2324 775 2367 exactam,
809 2329 894 2357 nec
928 2325 1085 2358 tamen
1120 2318 1332 2358 omnibus
1372 2318 1647 2358 satisfacere
1684 2330 1761 2370 po-

132 2393 300 2427 terant.

212 2458 328 2498 Tres
355 2459 427 2498 uel
455 2465 676 2509 quatuor,
707 2471 732 2498 a
762 2459 908 2499 literis
936 2471 1028 2499 non
1060 2460 1388 2509 abhorrentes,
1414 2460 1473 2500 ad
1501 2460 1759 2511 ingredien-

135 2529 244 2568 dum
266 2535 474 2568 nostram
511 2528 793 2569 Societatem
824 2542 914 2569 non
938 2530 1120 2570 modica
1139 2531 1387 2570 deuotione
1409 2542 1458 2570 se
1477 2530 1671 2571 affectos
1693 2544 1762 2571 os-

132 2600 344 2649 tendunt3
359 2611 555 2651 quorum
571 2599 758 2651 quidam
771 2607 840 2640 est
855 2601 1102 2652 theologus
1119 2613 1279 2641 curam
1293 2612 1462 2652 gerens
1481 2602 1757 2642 animarum:

134 2671 209 2710 hic
232 2671 337 2710 fecit
361 2671 601 2720 exercitia,
626 2678 670 2711 et
692 2683 798 2711 cum
829 2673 946 2711 alias
974 2672 1129 2712 multis
1161 2673 1295 2712 annis
1318 2673 1524 2713 studiose
1546 2673 1758 2724 uixisset,

133 2741 376 2781 confessus
398 2749 467 2781 est
489 2753 537 2781 se
560 2753 706 2793 usque
728 2743 786 2782 ad
808 2742 920 2782 illud
941 2749 1138 2794 tempus,
1164 2755 1254 2794 quo
1282 2743 1391 2783 fecit
1421 2744 1661 2793 exercitia,
1687 2756 1761 2785 ue-

133 2823 237 2852 ram
259 2812 384 2852 uiam
404 2811 506 2852 Deo
529 2812 763 2852 seruiendi
785 2813 1044 2864 ignorasse.

214 2882 548 2923 Restitutiones
568 2884 725 2935 plures
746 2883 875 2935 fiunt,
899 2890 943 2924 et
971 2885 1091 2924 inter
1114 2885 1231 2925 alias
1252 2886 1442 2937 quidam
1465 2886 1603 2927 Pater
1624 2887 1762 2927 huius

137 2953 304 2994 domus
327 2953 569 2994 cuiusdam
591 2954 931 2995 confessionem
954 2955 1149 3007 audiuit,
1180 2957 1259 3008 qui
1286 2957 1422 2997 simul
1452 2969 1557 2998 cum
1585 2959 1676 2998 alio
1697 2958 1763 2998 fu-
