2047 3179
915 189 992 224 ΑΝ.
1025 187 1116 223 1555
1754 191 1826 228 767

193 294 287 322 non
309 294 410 322 esse
433 283 631 323 dicitis?:
655 283 849 334 posthac
879 283 1068 334 (inquit)
1099 284 1206 332 erit3
1238 284 1347 332 hoc,
1374 286 1420 324 in
1449 298 1538 336 quo
1567 297 1683 337 sum,
1709 289 1821 338 opti-

196 364 322 393 mum
344 360 414 394 est
440 353 713 405 hospitium,
743 367 827 394 nec
859 366 931 394 me
959 355 1148 394 meliore
1177 357 1393 406 excipere
1424 357 1677 407 poteritis„.
1704 358 1821 398 Cum

193 424 316 464 idem
353 425 397 464 in
437 425 526 465 alio
561 426 762 476 quodam
798 426 952 466 facere
990 426 1150 475 vellet,
1187 426 1503 477 significatum
1539 435 1608 468 est
1642 430 1819 469 nullum

191 495 255 535 ibi
289 507 391 535 esse
427 497 667 545 lectulum3
707 497 780 536 cui
817 496 956 537 Pater
991 498 1229 549 respondit
1263 509 1312 537 se
1346 499 1515 538 lectulo
1550 511 1644 539 non
1680 511 1818 550 egere

193 566 413 618 humique
452 578 554 607 6556
593 568 916 608 dormiturum.
958 568 1074 608 Cum
1112 568 1253 618 igitur
1295 568 1433 609 Pater
1471 570 1732 622 Episcopus
1771 572 1816 611 in

191 637 355 677 eadem
394 639 622 678 sententia
658 645 928 679 constanter
962 646 1309 690 perseueraret,
1349 641 1490 680 allata
1526 641 1714 682 tandem
1748 649 1817 682 est

190 707 388 748 culcitra
410 714 454 748 et
475 710 736 760 stragulum
758 709 1009 750 admodum
1039 721 1249 750 crassum
1277 717 1321 750 et
1355 711 1469 762 uile;
1507 712 1710 752 ceruical
1741 713 1817 753 de-

189 785 314 830 erat;
338 784 435 818 tum
457 780 494 819 is
516 787 559 820 et
580 780 726 820 frater
748 781 896 821 cubile
917 793 975 822 ex
996 781 1069 821 his
1096 788 1363 822 strauerunt
1390 788 1435 822 et
1462 782 1520 822 ad
1556 789 1696 834 caput
1730 795 1814 835 pro

190 850 412 890 ceruicali
442 851 742 901 sarcinulam,
774 853 820 892 in
852 864 942 904 qua
974 852 1077 893 libri
1105 853 1390 903 ferebantur,
1429 854 1734 903 collocarunt,
1772 862 1816 895 et

188 921 330 972 pallia
352 921 542 972 insuper
562 929 832 973 posuerunt.
856 923 972 964 Cum
999 924 1046 964 in
1074 924 1200 964 aliud
1230 924 1450 976 oppidum
1472 931 1593 965 esset
1622 937 1813 976 peruen-

187 998 298 1042 tum,
323 992 410 1032 etsi
432 992 492 1032 ibi
513 993 764 1044 hospitium
786 994 879 1034 iam
900 1001 1115 1046 paratum
1136 1002 1236 1035 erat
1253 996 1310 1035 ab
1327 1006 1382 1035 eo
1399 996 1657 1046 sacerdote,
1678 1007 1815 1047 quem

186 1074 214 1102 a
234 1062 450 1114 Principe
472 1063 710 1104 Cardinali
730 1065 923 1105 missum
947 1077 1088 1116 supra
1108 1065 1324 1116 diximus,
1349 1072 1504 1106 tamen
1523 1067 1658 1106 simul
1676 1072 1813 1119 atque

186 1133 247 1173 ad
270 1134 490 1185 oppidum
514 1135 728 1185 accessit,
752 1136 942 1176 ubinam
962 1142 1083 1176 esset
1103 1137 1447 1177 xenodochium
1468 1138 1670 1188 rogauit,
1691 1150 1815 1178 cum-

182 1215 271 1255 que
292 1212 413 1244 esset
436 1205 823 1255 demonstratum,
843 1219 897 1246 eo
915 1208 1163 1257 contendit,
1183 1214 1321 1260 atque
1336 1208 1672 1259 mulierculam,
1693 1220 1811 1260 quae

183 1276 466 1316 xenodochii
488 1288 649 1316 curam
670 1277 884 1327 habebat,
910 1290 1045 1318 orare
1073 1279 1222 1330 coepit
1245 1285 1292 1318 vt
1322 1279 1409 1319 sibi
1438 1279 1708 1320 facultatem
1735 1280 1812 1320 tri-

183 1346 346 1387 bueret
367 1346 430 1386 ibi
452 1348 792 1398 commorandi,
822 1349 899 1388 illa
926 1361 1039 1389 vero
1067 1360 1116 1389 se
1144 1349 1190 1389 id
1217 1350 1404 1390 minime
1435 1362 1681 1401 passuram
1709 1362 1812 1391 esse

182 1418 440 1468 respondit,
465 1429 550 1457 nec
573 1430 677 1458 eum
699 1430 1007 1470 cognoscens,
1032 1420 1159 1460 illum
1180 1421 1225 1460 in
1248 1421 1554 1460 diuersorium
1580 1422 1807 1463 mittebat:

182 1494 231 1528 at
249 1487 388 1528 Pater
409 1488 670 1540 Episcopus
692 1496 854 1529 contra
879 1491 1178 1531 vehementer
1199 1490 1523 1541 contendebat,
1550 1492 1687 1543 idque
1717 1505 1808 1544 quo

179 1558 364 1599 facilius
387 1559 630 1609 obtineret,
655 1572 704 1599 se
732 1560 779 1599 in
808 1561 953 1600 storia
986 1561 1250 1602 cubiturum
1277 1561 1536 1613 dictitabat,
1568 1576 1654 1603 nec
1684 1564 1809 1615 quic-

180 1641 322 1681 quam
356 1630 482 1670 aliud
517 1630 909 1671 desideraturum:
948 1632 976 1671 ii
1013 1640 1168 1672 autem
1205 1633 1281 1684 qui
1308 1633 1354 1672 in
1381 1634 1583 1684 hospitio
1619 1634 1806 1675 Patrem

181 1700 466 1753 Episcopum
487 1703 779 1754 spectabant,
803 1710 980 1743 tantam
1011 1704 1109 1743 eius
1136 1715 1316 1744 moram
1353 1705 1584 1753 admirati,
1616 1706 1673 1745 ad
1703 1718 1808 1746 eum

179 1772 550 1823 conquirendum
572 1773 638 1813 ire
656 1779 933 1819 statuerunt.
954 1774 1108 1825 itaque
1125 1775 1251 1814 illum
1269 1774 1327 1815 ad
1344 1776 1622 1816 xenodochii
1640 1777 1807 1817 ostium

178 1842 460 1883 inuenerunt
484 1845 638 1895 capite
659 1851 821 1895 aperto
845 1856 1004 1884 coram
1025 1846 1181 1885 vetula
1204 1846 1396 1885 summis
1413 1847 1632 1897 precibus
1648 1848 1809 1899 depre-

177 1919 364 1954 cantem
386 1921 436 1955 vt
457 1915 545 1955 sibi
565 1916 610 1955 in
632 1916 924 1955 xenodochio
953 1917 1083 1955 locus
1114 1916 1279 1967 aliquis
1308 1916 1511 1966 daretur,
1546 1930 1638 1958 vna
1665 1930 1805 1959 manu

174 1985 348 2036 pileum
370 1991 414 2025 et
440 1986 667 2037 galerum,
702 1988 849 2026 altera
876 1998 987 2026 vero
1015 1987 1221 2035 iumenti,
1253 1999 1342 2039 quo
1372 1989 1646 2039 vehebatur,
1683 1991 1807 2041 capi-

176 2061 328 2096 strum
353 2062 602 2097 tenentem.
632 2057 841 2098 Tandem
869 2069 1048 2098 summa
1076 2058 1174 2098 eius
1203 2059 1498 2099 contentione
1529 2071 1804 2102 concessum

176 2133 245 2167 est
266 2128 389 2179 quod
411 2128 617 2179 petebat;
644 2136 687 2168 et
709 2135 805 2168 tam
826 2129 887 2168 ibi
911 2140 1050 2180 quam
1079 2129 1202 2179 alibi,
1234 2130 1511 2181 ubicumque
1541 2130 1805 2172 diuersatus

173 2197 344 2248 fuerat,
375 2199 695 2239 incredibilem
725 2211 886 2239 omnes
913 2198 968 2239 de
999 2199 1098 2239 eius
1127 2200 1355 2251 singulari
1382 2201 1552 2241 uirtute
1581 2213 1804 2254 concepe-

175 2275 284 2309 runt
306 2269 587 2321 opinionem.
611 2270 712 2310 Deo
734 2276 827 2321 opt.
852 2282 975 2310 max.
999 2281 1181 2310 summa
1202 2272 1305 2311 laus
1325 2280 1369 2311 et
1391 2272 1539 2322 gloria
1562 2272 1634 2312 sit.

252 2339 304 2380 In
326 2341 418 2380 alio
440 2341 610 2392 oppido
633 2352 738 2380 cum
759 2341 980 2381 sacerdos
1002 2341 1091 2391 ille,
1117 2353 1143 2380 a
1177 2340 1393 2393 Principe
1427 2341 1666 2383 Cardinali
1695 2344 1801 2384 mis-

173 2422 270 2462 sus,
292 2423 399 2451 cum
421 2412 523 2451 aliis
544 2411 865 2451 sacerdotibus
885 2411 1072 2451 Patrem
1099 2419 1367 2463 expectaret
1395 2419 1445 2452 vt
1473 2424 1578 2453 eum
1609 2415 1800 2455 comita-

170 2487 348 2531 rentur,
373 2494 399 2522 a
421 2482 559 2522 Patre
580 2482 812 2533 Episcopo
835 2483 891 2522 ob
914 2482 959 2522 id
975 2482 1286 2533 reprehensus
1303 2490 1386 2523 est.
1407 2483 1562 2534 Quare
1580 2484 1800 2538 deinceps

169 2552 218 2593 id
236 2552 394 2593 facere
414 2564 510 2592 non
537 2559 605 2592 est
632 2564 787 2593 ausus.
817 2552 868 2592 In
895 2552 1058 2593 eodem
1089 2553 1273 2604 oppido,
1306 2554 1536 2605 mulioniS,
1571 2556 1702 2596 cuius
1734 2557 1800 2597 iu-

169 2624 340 2664 mentis
366 2623 673 2674 vehebantur,
703 2630 747 2663 et
778 2623 1019 2664 cuiusdam
1041 2624 1163 2664 illius
1184 2623 1442 2665 sacerdotis
1462 2626 1595 2676 pueri
1617 2627 1794 2668 confes-

169 2694 325 2735 siones
351 2693 543 2744 audiuit,
573 2700 712 2745 atque
742 2693 895 2734 effecit
924 2700 975 2735 vt
1004 2700 1200 2746 vterque
1229 2702 1588 2737 sacrosanctum
1620 2696 1796 2739 Christi

169 2776 340 2817 corpus
367 2765 618 2816 acciperet.
654 2764 807 2815 Quum
833 2765 957 2816 apud
991 2765 1239 2817 quemdam
1266 2765 1530 2807 diuersatus
1565 2775 1702 2819 esset,
1731 2770 1796 2810 ibi

165 2836 402 2875 seruulam
432 2835 608 2874 inuenit
638 2835 993 2886 quatuordecim
1021 2837 1097 2876 vel
1131 2836 1396 2888 quindecim
1430 2849 1581 2878 annos
1615 2845 1789 2891 natam,

166 2917 285 2957 quae
304 2917 542 2957 nunquam
563 2917 710 2957 Vsque
732 2906 790 2946 ad
811 2906 857 2947 id
886 2912 1068 2959 tempus
1099 2907 1155 2948 de
1188 2909 1396 2960 peccatis
1424 2909 1640 2950 confessa
1673 2918 1788 2962 erat;

169 2975 307 3016 huius
327 2975 468 3016 Pater
488 2976 750 3028 Episcopus
780 2976 1121 3019 confessionem
1150 2979 1344 3030 audiuit,
1376 2980 1591 3032 quamuis
1619 2992 1794 3033 magno
