2047 3179
221 148 294 188 488
734 148 962 187 LITTERAE
989 159 1348 192 QUADR1MESTR1-:s

222 251 425 298 quantus
447 246 507 286 sit
526 245 699 295 feruor,
724 252 927 298 quantus
948 257 1132 298 quoque
1153 256 1392 296 numerus,
1416 257 1475 285 ex
1496 245 1599 285 aliis
1620 243 1859 295 cognitum

223 323 294 358 est
313 317 475 357 literis.
497 316 627 357 Haec
649 323 809 358 nostra
831 323 952 367 sunt,
976 316 1078 357 Rfle
1110 315 1263 357 Pater.

304 387 375 429 De
403 387 688 429 Siracusano
717 399 832 429 uero
860 388 1060 439 collegio
1090 387 1203 427 illud
1231 399 1375 428 unum
1407 392 1477 427 est
1498 386 1858 437 admonendum,

222 471 315 500 uno
337 460 508 500 abhinc
529 471 689 500 mense
709 459 900 500 Patrem
920 458 1186 510 Philippum
1208 457 1457 499 Cassinum
1476 470 1568 498 una
1586 469 1692 498 cum
1713 457 1860 498 fratre

222 543 278 572 eo
299 531 563 583 profectum
585 542 704 581 esse,
728 531 1032 582 coepisseque
1054 529 1326 570 concionari
1347 530 1552 570 maximo
1575 540 1681 570 cum
1700 528 1861 581 populi

223 603 475 655 applausu:
507 603 586 655 qui
614 602 800 653 quidem
828 600 1091 641 certissima
1115 601 1210 641 iam
1241 602 1415 642 amoris
1436 611 1551 652 erga
1578 599 1862 641 Societatem

221 674 395 714 indicia
416 686 511 714 non
532 684 684 726 pauca
705 673 936 725 praebuit.
959 672 1148 722 Eorum,
1174 672 1252 724 qui
1274 671 1440 712 lecturi
1460 676 1582 722 sunt,
1608 671 1862 711 aduentum

222 745 493 786 auidissime
515 749 782 796 expectant,
806 744 887 796 qui
906 743 1053 794 breui,
1078 749 1128 783 ut
1150 754 1312 784 eorum
1333 742 1533 783 satisfiat
1564 742 1797 782 uoluntati
1818 747 1862 781 et

222 816 565 857 ardentissimis
586 816 724 865 uotis,
748 815 1004 856 mittentur.

303 887 353 928 In
383 888 498 928 Itala
529 899 715 939 quoque
743 886 916 938 oppido
946 886 1111 926 eadem
1139 891 1247 926 sunt
1276 885 1573 935 concionum,
1611 883 1862 924 confessio-

223 970 334 999 num
360 966 404 999 et
434 958 687 999 lectionum
714 958 964 1009 exercitia,
994 969 1081 998 nec
1110 968 1260 1009 parua
1289 968 1396 997 cum
1421 956 1583 1007 fruge:
1615 956 1709 996 iam
1740 954 1864 995 enim

223 1030 544 1070 confitentium
579 1036 623 1069 et
659 1029 1106 1070 communicantium
1134 1039 1357 1069 numerus
1391 1026 1604 1068 nonnihil
1635 1027 1864 1067 adauctus

222 1107 307 1142 est.
338 1101 677 1142 Verumtamen
704 1101 940 1154 quoniam,
974 1106 1174 1151 urgente
1201 1099 1344 1149 fame,
1368 1099 1592 1151 templum
1619 1110 1704 1150 pro
1733 1109 1863 1138 more

220 1172 519 1225 frequentare
537 1185 631 1213 non
646 1179 880 1225 poterant,
900 1172 946 1212 id
963 1171 1192 1223 imprimis
1208 1169 1467 1211 curandum
1484 1170 1570 1210 fuit
1585 1169 1687 1210 R.d0
1704 1169 1753 1210 P.
1773 1169 1863 1209 Da-

221 1245 330 1285 nieli
355 1244 380 1294 ¹,
415 1245 492 1297 qui
513 1256 634 1285 vnus
662 1245 725 1285 ibi
756 1250 841 1295 est,
867 1255 972 1284 cum
993 1243 1139 1283 fratre
1161 1254 1364 1294 graecae
1384 1242 1654 1293 latinaeque
1677 1241 1864 1292 linguae

222 1315 506 1368 professore,
530 1322 580 1356 ut
603 1316 752 1356 fames
781 1321 928 1366 tanta,
952 1315 991 1355 si
1021 1314 1257 1366 quomodo
1278 1313 1377 1354 fieri
1398 1313 1560 1366 possit,
1579 1312 1863 1354 subleuetur.

224 1387 539 1440 Quapropter,
564 1387 790 1439 quaesitis
816 1387 925 1427 hinc
948 1387 1055 1427 inde
1084 1386 1409 1437 eleemosynis,
1433 1396 1574 1437 saepe
1610 1395 1868 1437 pauperum

223 1460 410 1512 inopiae
447 1459 728 1500 subuentum
763 1464 847 1510 est,
885 1459 950 1498 ita
985 1464 1034 1498 ut
1068 1458 1216 1508 multi,
1253 1457 1330 1509 qui
1367 1456 1504 1497 morti
1535 1456 1629 1496 iam
1664 1455 1869 1507 proximi

225 1538 374 1583 erant,
399 1531 492 1572 sint
514 1530 860 1583 quodammodo
882 1530 928 1570 in
949 1530 1095 1570 uitam
1119 1529 1343 1579 restituti3
1367 1529 1524 1579 palam
1547 1527 1669 1568 enim
1691 1527 1867 1567 fereba-

224 1608 300 1644 tur
321 1603 478 1643 multis
499 1615 553 1643 ea
576 1614 722 1643 causa
743 1601 1037 1642 moriendum
1058 1600 1217 1649 fuisse,
1247 1600 1337 1640 nisi
1358 1611 1411 1640 eo
1432 1611 1569 1651 pane,
1593 1609 1729 1650 quem
1756 1597 1868 1638 diui-

224 1674 349 1715 nitus
377 1674 573 1714 missum
600 1685 703 1714 esse
733 1672 1097 1723 confitebantur,
1129 1671 1293 1712 refecti
1321 1671 1533 1712 nonnihil
1567 1676 1738 1710 essent.
1778 1668 1870 1710 Sed

225 1746 320 1787 iam
341 1746 480 1786 finem
501 1745 738 1786 scribendi
754 1745 941 1794 faciam,
966 1744 1005 1784 si
1021 1755 1164 1784 unum
1181 1743 1308 1794 illud,
1333 1742 1457 1795 quod
1478 1742 1620 1782 totius
1642 1741 1869 1792 epistolae

226 1824 369 1870 caput
391 1824 475 1869 est,
500 1816 743 1865 addiderO,
778 1823 827 1857 ut
850 1816 959 1856 P.taS
983 1816 1034 1856 T.
1067 1815 1191 1868 apud
1212 1813 1365 1855 Deum
1387 1813 1691 1854 obnixissime
1713 1824 1870 1864 prece-

230 1894 322 1941 tur,
349 1901 407 1929 ne
429 1900 622 1929 suorum
643 1900 890 1929 seruorum
911 1887 957 1927 in
979 1887 1187 1927 futurum
1209 1897 1352 1938 opera
1374 1885 1442 1926 vti
1462 1884 1755 1936 dedignetur.

310 1960 576 2012 Messanae,
601 1960 694 2001 XV
715 1959 819 2000 Kal.
843 1959 969 2013 Junii
991 1970 1115 1999 anno
1140 1958 1256 1998 1555.

311 2033 384 2073 Ex
407 2032 737 2073 commissione
760 2031 852 2072 Rdi
874 2030 1030 2071 Patris
1052 2029 1281 2070 Rectoris.

464 2104 517 2144 R.
545 2103 591 2144 Ρ.
616 2103 668 2144 T.

367 2183 473 2216 tuus
496 2176 543 2216 in
565 2175 751 2216 Christo
771 2174 1055 2214 humillimus
1072 2183 1252 2222 seruus,

1073 2298 1363 2339 FRANclscus
1394 2295 1671 2337 STEPHANUS
1691 2296 1719 2335 ².

289 2456 300 2477 ¹
341 2457 376 2484 P.
395 2456 531 2484 Danieli
546 2457 750 2492 Pa'eybro'c‘k
763 2463 783 2483 a
798 2455 1056 2482 Teneremonda
1069 2454 1124 2481 vel
1139 2452 1436 2480 Denderamonda.
1450 2450 1662 2478 “Messanam
1676 2450 1732 2477 ubi
1747 2449 1879 2483 attigit,

234 2514 255 2533 a
269 2505 399 2539 Joanne
417 2505 546 2538 Osurio,
565 2505 617 2532 cui
634 2504 782 2531 Italense
799 2503 1037 2530 Sacerdotium
1052 2503 1252 2533 obvenerat=
1269 2500 1452 2534 expetitus.
1469 2507 1543 2526 cum
1559 2502 1732 2533 potestate
1754 2497 1878 2524 Italam

236 2554 350 2584 venit,
376 2553 513 2580 Siciliae
536 2552 696 2586 oppidum
720 2559 825 2586 prope
847 2549 1052 2583 Messanam,
1075 2548 1326 2575 Basilianorum
1350 2547 1555 2574 Monasterio
1579 2546 1625 2573 ibi
1642 2554 1661 2573 a
1683 2545 1830 2579 Rogerio
1846 2549 1878 2571 et

242 2601 310 2629 filio
327 2602 398 2636 ejus
415 2604 625 2631 constructo,
642 2600 721 2627 olim
738 2599 929 2626 obnoxium.
944 2597 1031 2624 Mira
1046 2597 1146 2631 plane
1162 2600 1251 2628 sunt,
1267 2603 1354 2629 quae
1371 2594 1473 2622 Pater
1490 2594 1613 2621 Daniel
1632 2593 1678 2621 ibi
1693 2592 1880 2627 peregerit.

237 2648 425 2675 Mousti-lm>
443 2647 667 2677 admonendo.
685 2646 867 2678 hortando,
884 2644 1088 2672 obtestando
1105 2651 1145 2670 ex
1162 2643 1258 2670 bonis
1274 2642 1418 2676 optimos
1441 2641 1533 2668 fecit.
1551 2662 1556 2668 .
1581 2640 1776 2675 Oppidanos
1797 2647 1881 2666 vero

242 2696 423 2723 Momarln‘s
440 2695 652 2726 conciliavit,
670 2700 702 2721 et
719 2693 850 2720 crebris
866 2692 1084 2719 conelonibus
1099 2699 1119 2718 a
1138 2698 1267 2717 morum
1288 2689 1428 2717 licentia
1444 2689 1631 2715 deterritos
1653 2689 1702 2715 ita
1725 2687 1884 2714 emenda·

238 2745 301 2777 vit,
318 2749 353 2771 ut
370 2744 413 2771 ad
430 2744 610 2777 pristinam
627 2741 801 2779 nascentis
815 2740 993 2774 religionis
1009 2739 1221 2766 christianae
1239 2736 1468 2764 innocentiam
1484 2735 1712 2769 traduxerit„
1733 2736 1882 2762 Aomm-

240 2799 295 2825 ΗΑ,
311 2792 350 2818 P}
363 2792 525 2817 ovz'ncicte
538 2790 674 2816 siculae
691 2789 723 2817 S.
736 2789 769 2823 J.
786 2790 886 2815 ortus
901 2791 977 2817 etc„
992 2794 1022 2821 p.
1040 2793 1060 2819 1,
1078 2793 1106 2813 c.
1122 2793 1154 2817 ν.
1171 2793 1202 2812 n.
1216 2792 1319 2812 xxxv.
1336 2784 1424 2810 Vide
1443 2783 1548 2810 etiam
1562 2783 1687 2810 ibidem
1709 2790 1740 2810 n.
1759 2789 1884 2809 xxxm-

241 2839 412 2872 SAcch,
430 2838 614 2865 Historiae
629 2837 662 2864 S.
676 2837 709 2871 J.
721 2841 811 2871 pars
826 2835 995 2866 secunda,
1011 2834 1067 2861 lib.
1083 2840 1116 2863 11v
1131 2840 1185 2860 nn.
1200 2832 1236 2858 93
1250 2835 1283 2858 et
1295 2831 1340 2865 9&
1353 2836 1386 2858 et
1402 2830 1563 2857 Litterae
1575 2829 1883 2863 Qnadrz‘mestres,

239 2892 269 2913 t.
290 2894 310 2921 1,
327 2894 405 2921 pag.
421 2887 466 2920 28,
489 2890 604 2913 annot.
624 2887 650 2912 1.

295 2934 309 2953 Ξ
348 2934 498 2961 Primum
514 2933 769 2967 autographum
784 2932 975 2965 exemplum
992 2934 1098 2957 totum
1115 2934 1165 2956 est
1181 2937 1283 2956 manu
1301 2928 1412 2956 Patris
1429 2926 1606 2962 Stephani,
1624 2925 1657 2952 in
1670 2926 1781 2952 altero
1797 2931 1879 2950 vero

243 2982 318 3010 sola
332 2981 536 3015 subscriptio
552 2989 571 3008 a
587 2980 702 3007 verbis
720 2979 771 3006 Ex
786 2978 1045 3005 commissione.
