2047 3179
859 149 942 186 AN.
974 148 1064 184 1555
1713 148 1779 185 601

828 599 1104 654 ODXVH

218 827 439 866 Antonius
460 828 680 866 Cordeses

267 893 387 930 Patri
406 894 577 940 Ignatio
597 894 650 932 de
671 894 857 941 Loyola.

315 959 500 1004 Gandia,
524 960 539 995 l
563 960 834 1006 Septembris
855 959 945 997 1555
969 960 990 994 ¹.

912 1114 1010 1173 nis

604 1275 872 1316 Reuerende
894 1275 1032 1316 Pater
1053 1276 1099 1315 in
1121 1275 1324 1315 Christo.

919 1400 1014 1442 Cst²

232 1526 397 1567 Gratia
418 1535 462 1567 ct
486 1539 579 1578 pax
600 1526 708 1579 jesu
731 1526 905 1567 Christi
926 1526 1115 1566 Domini
1136 1527 1284 1566 nostri
1304 1527 1363 1566 sit
1391 1537 1575 1577 semper
1603 1526 1649 1565 in
1683 1536 1779 1565 cor-

155 1598 290 1638 dibus
310 1599 498 1638 nostris.
522 1598 689 1638 Amen.

231 1669 295 1709 Vt
317 1668 371 1708 R.
395 1668 477 1708 ΡΜ
505 1676 612 1709 tuae
635 1680 811 1709 morem
831 1680 1072 1720 geramus,
1102 1669 1169 1709 vti
1198 1668 1347 1719 decet,
1381 1680 1435 1709 ea
1466 1679 1584 1720 quae
1617 1679 1778 1708 occur-

149 1746 258 1780 runt
290 1751 409 1791 quae
440 1740 707 1780 scribantur
733 1740 1007 1780 breuissime
1038 1740 1448 1791 comprehendam,
1482 1740 1546 1780 ita
1578 1746 1627 1779 ut
1659 1750 1779 1790 quae

150 1811 243 1851 iam
266 1811 381 1851 alias
402 1811 540 1861 nosti,
564 1822 657 1850 non
679 1817 775 1851 tam
796 1811 939 1851 ueluti
956 1822 1081 1851 noua
1103 1810 1295 1862 afferre,
1320 1822 1460 1862 quam
1476 1811 1570 1850 iam
1587 1809 1776 1861 cognita

150 1882 197 1921 in
231 1882 506 1922 memoriam
533 1893 760 1921 reuocare
790 1881 977 1921 videar:
1009 1882 1100 1921 alia
1132 1893 1259 1930 uero,
1297 1893 1418 1933 quae
1452 1888 1558 1921 sunt
1593 1887 1779 1932 praeter

156 1953 287 2003 haec,
319 1953 482 1993 eadem
509 1953 738 1993 breuitate
768 1955 891 2001 (nam
918 1953 1144 2004 temporis
1173 1963 1319 2003 cogor
1346 1952 1592 2003 angustiis)
1621 1963 1778 1992 recen-

149 2024 275 2064 sebo.

228 2095 324 2136 Iam
346 2096 405 2135 ad
425 2102 470 2136 te
492 2096 780 2147 scripsimus,
803 2095 858 2136 R.
882 2096 948 2147 R,
982 2096 1288 2137 christianam
1317 2095 1580 2136 doctrinam
1607 2106 1779 2146 pueros

151 2179 177 2206 a
197 2167 373 2206 nostris
395 2166 596 2217 edoceri,
618 2178 742 2206 nunc
765 2172 920 2207 autem
942 2167 1065 2218 quod
1093 2167 1182 2207 hac
1210 2167 1255 2206 in
1293 2172 1425 2218 parte
1460 2178 1509 2206 se
1545 2164 1697 2216 offert,
1733 2165 1779 2204 id

151 2243 236 2277 est:
260 2243 415 2276 tantos
436 2237 483 2276 in
504 2249 559 2277 ea
579 2238 711 2288 pueri
732 2249 1011 2289 progressus
1031 2238 1257 2286 fecerunt,
1284 2246 1331 2277 vt
1352 2237 1428 2288 qui
1461 2248 1563 2276 eam
1592 2236 1777 2283 docent,

150 2309 197 2347 in
227 2308 586 2348 admirationem
615 2309 871 2349 maximam
903 2309 1224 2359 adducantur,
1259 2320 1366 2349 cum
1396 2309 1587 2356 multos,
1626 2307 1778 2347 adhuc

151 2379 248 2418 fere
269 2379 532 2419 nescientes
552 2379 691 2431 loqui,
715 2379 904 2420 uideant
940 2380 986 2420 in
1012 2379 1100 2427 his,
1140 2391 1258 2431 quae
1288 2379 1539 2428 docentur,
1569 2383 1778 2430 repeten—

151 2449 223 2489 dis
243 2456 477 2501 expertos;
499 2456 687 2501 tamque
713 2457 901 2501 gratum
930 2457 1000 2491 est
1027 2450 1240 2491 omnibus
1271 2450 1547 2490 exercitium
1579 2448 1694 2497 hoc,
1731 2455 1779 2488 ut

150 2520 291 2560 etiam
313 2520 358 2568 ii,
382 2521 456 2571 qui
481 2527 620 2561 antea
641 2532 690 2561 se
711 2521 863 2561 minus
884 2521 1139 2561 familiares
1158 2521 1294 2561 nobis
1315 2521 1634 2572 praestabant,
1654 2531 1778 2560 nunc

131 2591 423 2649 amicissimi
453 2591 544 2632 sint
574 2591 740 2632 effecti:
770 2592 1019 2644 dicantque
1047 2604 1105 2632 ex
1132 2592 1288 2632 animo
1310 2592 1498 2642 saepius
1520 2591 1583 2640 (ut
1618 2602 1780 2631 eorum

150 2662 292 2702 uerba
314 2661 630 2712 transferam):
663 2663 863 2703 “utinam
893 2662 1062 2703 abhinc
1092 2662 1216 2702 mille
1244 2664 1379 2703 annis
1410 2663 1659 2713 collegium
1688 2661 1779 2701 hoc

207 2821 212 2839 ¹
255 2820 501 2856 Autographae
519 2822 644 2856 duplici
660 2822 693 2848 in
709 2822 800 2853 solio.
817 2822 926 2856 primo
945 2830 974 2850 n.
991 2822 1054 2855 515,
1070 2823 1180 2849 altero
1196 2829 1279 2849 vero
1300 2829 1365 2848 non
1382 2826 1571 2849 numerato.
1587 2821 1626 2849 In
1646 2821 1688 2849 iis
1705 2827 1779 2849 tan-

151 2871 222 2894 tum
237 2868 452 2902 subscriptio,
466 2877 485 2895 a
501 2869 616 2896 verbis
629 2869 723 2896 R.dae
737 2869 774 2896 P.
792 2869 898 2900 Tuae,
912 2874 945 2897 et
960 2870 1204 2904 superscriptio
1216 2869 1375 2896 videntur
1387 2877 1459 2896 esse
1472 2869 1603 2903 scripta
1616 2877 1635 2897 a
1648 2869 1684 2896 P.
1699 2869 1780 2897 Cor·

151 2915 260 2942 deses.

206 2964 219 2982 ‘2
259 2964 329 2991 Hac
346 2965 463 2992 littera
480 2964 504 2991 C
521 2964 664 2991 indicari
680 2964 817 2992 videtui·
832 2966 977 2991 tertium
993 2964 1114 2992 harum
1130 2965 1323 2993 litterarum
1340 2967 1546 3000 exemplum.
