2047 3179
249 142 319 179 410
760 143 988 181 LlrrERAE
1013 153 1372 187 QUADRIMESTRES

250 246 380 279 ratus
400 239 554 280 fuerat
576 240 668 281 duo
689 241 764 281 uel
785 241 876 281 tria
898 241 1041 281 millia
1064 251 1330 287 aureorum,
1352 238 1478 290 quod
1498 238 1685 289 quidem
1700 238 1884 278 latroci-

249 310 378 350 nium
398 312 517 351 tales
538 312 918 352 circumstantias
945 311 1146 351 habebat
1177 317 1226 350 ut
1261 309 1512 361 suspendio
1537 308 1707 360 dignus
1729 320 1884 348 cense-

250 388 393 432 1‘etur3
418 382 494 422 hic
516 394 691 434 magna
719 383 1006 434 poenitentia
1034 383 1215 432 ductUS,
1252 393 1346 421 non
1374 381 1524 421 solum
1552 391 1601 420 se
1631 379 1795 419 obtulit
1822 379 1886 419 di-

249 459 373 493 etam
396 454 707 505 quantitatem
729 454 990 504 restituere,
1016 453 1099 493 sed
1120 453 1276 503 etiam,
1301 452 1340 492 si
1369 463 1486 503 opus
1508 457 1645 501 esset,
1670 450 1880 502 periculo

247 524 562 575 patefaciendi
582 525 881 564 latrocinium
903 536 952 564 se
975 523 1213 574 offerebat,
1240 535 1345 563 cum
1362 523 1462 563 sine
1480 523 1562 562 tali
1579 521 1787 573 periculo
1804 522 1888 561 uix

248 602 406 646 posset
427 595 525 636 fieri
548 596 795 646 restitutio,
820 595 944 646 quod
965 595 1192 646 pecuniae
1210 594 1498 635 devenerant
1516 593 1575 633 ad
1592 603 1758 633 manus
1776 604 1886 632 uxo-

250 667 313 707 ris
335 668 449 707 socii
480 668 551 707 sui
579 668 625 707 in
654 666 778 707 dicto
807 668 1018 715 crimine,
1052 667 1130 717 qui
1166 666 1412 706 subitanea
1435 672 1585 705 morte
1615 664 1810 712 obierat,
1843 670 1887 704 et

248 738 349 789 ipsa
371 739 557 778 nolebat
579 739 754 778 dictam
775 738 1087 789 quantitatem
1115 738 1376 786 restituere,
1414 735 1597 787 fingens
1626 748 1675 775 se
1704 735 1887 775 nescire

251 809 373 849 unde
401 810 685 849 obuenisset:
711 809 788 849 alii
817 809 907 849 duo
937 809 1140 849 confessi
1173 814 1278 848 sunt
1314 807 1467 847 eidem
1501 806 1654 856 Patri,
1687 805 1780 858 qui,
1811 806 1885 846 do-

250 891 376 920 mum
398 881 579 932 regiam
601 881 933 932 relinquentes,
959 880 1234 931 religionem
1256 879 1505 931 petierunt,
1537 878 1787 917 nonnullae
1810 876 1885 916 do-

250 952 403 992 minae
425 952 633 992 eiusdem
655 952 821 992 domus
843 952 937 992 iam
958 951 1267 992 decreuerunt
1299 950 1578 1001 religionem
1606 948 1806 1000 ingredi,
1844 954 1892 988 et

250 1023 370 1062 aliae
392 1023 439 1063 in
461 1035 516 1063 eo
539 1024 785 1064 intendunt
806 1030 855 1063 ut
876 1036 958 1075 per
982 1030 1212 1074 cognatos
1234 1023 1300 1062 eis
1334 1022 1490 1062 liceat.
1516 1020 1640 1060 Inter
1660 1026 1888 1060 mercato-

250 1104 326 1133 res
348 1093 592 1145 quosdam,
616 1095 736 1135 inter
760 1106 877 1146 quos
899 1106 1073 1146 magna
1096 1093 1442 1134 discordiarum
1472 1092 1671 1132 materia
1693 1091 1890 1131 suscita>

250 1166 399 1216 batur,
425 1167 686 1218 composita
709 1173 778 1207 est
799 1179 907 1218 pax.
941 1166 1050 1206 Alia
1077 1165 1309 1206 restitutio
1329 1164 1457 1204 facta
1490 1170 1558 1203 est
1591 1163 1779 1203 circiter
1800 1168 1891 1202 ter·

249 1242 492 1285 centorum
523 1238 822 1278 ducatorum:
853 1238 1021 1278 nobilis
1050 1237 1240 1289 quidam
1268 1235 1400 1277 miles
1429 1242 1568 1275 nocte
1596 1233 1801 1286 quadam
1830 1233 1889 1274 ad

251 1320 336 1348 nos
358 1310 575 1354 accessit„
608 1310 817 1361 peccatis
846 1316 1017 1360 contra*
1047 1315 1268 1349 naturam
1302 1314 1347 1348 et
1367 1307 1472 1347 aliis
1494 1307 1651 1346 multis
1674 1311 1887 1356 onustUS,

250 1379 450 1432 indeque
470 1381 627 1432 gratia
650 1381 839 1421 Domini
861 1393 967 1421 cum
987 1392 1100 1421 vera
1123 1379 1411 1432 poenitentia
1441 1384 1486 1418 et
1514 1389 1687 1429 magno
1711 1376 1884 1417 deside-

253 1451 322 1491 rio
345 1453 557 1493 mutandi
578 1454 724 1493 uitam
746 1453 982 1493 discessit:
1013 1452 1241 1492 moniales
1268 1451 1536 1500 nonnullae,
1569 1460 1689 1500 quae
1712 1459 1818 1488 cum
1840 1448 1891 1487 li-

259 1523 412 1563 centia
433 1525 635 1575 praelati
656 1525 742 1574 sui,
767 1531 812 1564 et
833 1524 953 1564 aliae
974 1524 1075 1564 sine
1106 1523 1223 1575 ipsa,
1248 1528 1383 1562 extra
1406 1521 1746 1561 monasterium
1767 1520 1887 1560 exie-

252 1601 360 1635 runt
381 1602 564 1636 secreto
590 1595 598 1614 ¹
623 1596 682 1636 ad
705 1596 1021 1636 confitendum
1049 1595 1108 1635 ad
1134 1605 1221 1635 nos
1253 1592 1571 1642 accesserunt,
1595 1603 1713 1644 quae
1734 1592 1891 1642 gratia

255 1664 461 1717 Domini,
485 1673 676 1718 peracta
700 1667 1009 1717 confessione,
1035 1667 1346 1706 decreuerunt
1375 1664 1533 1704 statim
1555 1663 1614 1703 ad
1635 1674 1771 1702 suum
1797 1673 1892 1702 mo-

250 1738 511 1778 nasterium
546 1739 747 1789 regredi.
785 1738 1001 1779 Aliarum
1035 1738 1250 1788 exemplo
1285 1737 1458 1776 multae
1494 1735 1614 1775 aliae
1655 1733 1887 1783 dominae,

249 1820 370 1860 quae
392 1810 502 1850 alibi
521 1810 695 1850 habent
716 1821 824 1850 suos
848 1809 1184 1859 confessarios,
1208 1807 1267 1848 ad
1288 1819 1374 1848 nos
1397 1806 1643 1847 accedunt.

328 1880 554 1933 Princeps
575 1881 677 1933 ipsa
699 1882 860 1933 magni
880 1881 994 1922 facit
1015 1881 1137 1921 hanc
1159 1879 1349 1920 domum
1370 1885 1414 1919 et
1430 1877 1682 1930 praecipue
1702 1876 1892 1917 Patrem

248 1951 557 1993 Franciscum
583 1953 611 2004 ²,
644 1965 729 2005 pro
766 1965 855 2005 quo
884 1953 1083 2004 singulis
1124 1951 1286 1992 diebus
1321 1950 1455 1991 offert
1485 1960 1631 1990 vnum
1657 1947 1891 1988 rosarium

249 2024 452 2064 nominis
471 2023 598 2077 jesu.
621 2024 968 2066 Eleemosinam
990 2025 1089 2076 (pro
1110 2023 1269 2075 precio
1296 2022 1543 2062 domorum
1569 2031 1653 2072 per
1688 2030 1776 2059 nos
1797 2030 1889 2058 em-

250 2096 452 2146 ptarum)
475 2102 582 2136 ante
611 2103 796 2147 tempus
818 2096 1064 2136 solutionis
1083 2094 1284 2145 elargita
1317 2099 1402 2142 est,
1425 2104 1476 2133 ut
1497 2091 1637 2132 citius
1669 2090 1889 2141 adimple·

251 2178 408 2207 remus
436 2167 560 2219 quod
587 2168 714 2219 pacti
739 2167 979 2207 fueramus
1002 2178 1108 2207 cum
1134 2166 1226 2215 illo,
1261 2165 1339 2216 qui
1377 2164 1526 2204 dictas
1557 2163 1722 2202 domos
1756 2161 1894 2201 nobis

251 2238 477 2289 vendidit3
501 2245 545 2279 et
567 2239 774 2279 creditur
791 2238 914 2290 quod
936 2238 1060 2278 mille
1077 2243 1121 2277 et
1146 2237 1430 2288 quingentos
1451 2234 1663 2282 ducatos,
1690 2232 1885 2281 scilicet,

254 2310 553 2351 medietatem
582 2310 729 2362 precii
755 2316 918 2350 mutuo
956 2315 1208 2360 acceperat
1243 2319 1385 2359 super
1420 2305 1651 2358 quaedam
1690 2304 1892 2355 pignora

253 2389 496 2433 argentea3
519 2394 606 2422 nec
628 2387 819 2434 propter
839 2381 957 2421 haec
979 2379 1232 2420 remittitur
1254 2379 1354 2418 eius
1375 2378 1535 2428 regius
1557 2376 1756 2425 animus,
1780 2374 1892 2426 quin

254 2453 427 2493 bonam
448 2453 582 2493 nobis
602 2453 847 2504 promittat
878 2463 1009 2503 spem
1030 2462 1125 2490 non
1156 2449 1422 2490 defuturam
1455 2447 1589 2487 nobis
1610 2447 1710 2486 eius
1727 2445 1889 2486 libera-

255 2525 435 2565 litatem
454 2525 502 2564 in
523 2524 844 2564 subueniendo
875 2522 1010 2563 nobis
1038 2523 1084 2562 in
1115 2520 1349 2572 expensis,
1389 2530 1508 2571 quae
1539 2529 1588 2558 se
1609 2516 1811 2558 offerunt
1840 2516 1886 2555 in

257 2596 575 2636 construenda
615 2594 840 2646 ecclesia,
883 2605 1024 2646 quam
1058 2593 1107 2633 P.
1144 2591 1431 2632 Franciscus
1470 2589 1604 2629 nobis
1645 2586 1896 2628 aedificare

260 2674 411 2718 parat.

340 2738 504 2779 Officia
527 2737 851 2778 hebdomadae
872 2736 1075 2777 Sanctae
1102 2742 1233 2776 tanta
1269 2745 1377 2774 cum
1405 2732 1654 2773 deuotione
1685 2736 1729 2770 et
1764 2741 1894 2770 acce—

314 2875 324 2894 ¹
364 2875 465 2902 Nulla
481 2880 531 2902 est
549 2875 602 2901 hic
627 2874 867 2908 interpunctic;
893 2881 997 2908 quare
1021 2881 1063 2900 an
1084 2872 1287 2899 adverbium
1302 2871 1365 2898 hoc
1387 2871 1522 2897 secreto
1543 2868 1724 2903 prioribus,
1747 2874 1790 2894 an
1813 2872 1896 2892 vero

257 2923 515 2956 posterioribus,
532 2922 781 2948 annectendum
794 2922 849 2955 sit,
866 2922 972 2955 eligat
990 2921 1136 2955 prudens
1153 2921 1272 2946 lector.

312 2972 325 2990 ‘2
363 2970 621 2997 P.F1·an<:1scus
635 2970 674 2996 de
692 2969 806 3003 Borja.
