2047 3179
248 114 319 150 40¹2
771 114 997 151 LITTERAE
1015 124 1374 157 QUADR1MESTRES

246 211 518 262 praestigiis
554 210 774 262 deceptos
810 210 1082 262 turpissima
1111 209 1314 261 quadam
1341 210 1477 261 quasi
1504 211 1728 252 ebrietate
1756 223 1882 263 sepe—

247 282 429 330 liuerat,
454 288 501 322 ut
524 282 571 322 in
591 282 658 322 eis
680 282 839 322 diuina
862 283 1080 322 uoluntas
1102 292 1243 332 quam
1263 281 1504 321 rarissime
1525 280 1614 322 fine
1632 282 1877 333 potiretur.

247 353 378 393 Haec
422 366 448 393 a
487 365 560 393 me
600 353 817 393 dicuntur
855 359 1045 404 propter
1084 352 1210 391 illam
1250 351 1489 392 hominum
1524 353 1884 405 multitudinem,

249 436 367 476 quae
389 436 416 465 a
437 424 638 465 Domino
667 424 769 464 Deo
797 430 959 464 nostro
990 435 1072 475 per
1108 423 1393 463 christianae
1427 423 1669 464 doctrinae
1703 427 1885 476 exposi-

247 497 435 547 tionem,
455 508 595 547 quam
611 495 749 535 Pater
766 495 1043 535 Emmanuel
1058 493 1383 534 Ferdinandus
1412 496 1477 542 (ut
1501 495 1594 534 iam
1624 495 1683 535 ad
1700 501 1744 535 te
1775 497 1886 535 scri-

247 568 333 619 psi>
351 568 501 608 fuerat
516 567 562 607 in
579 567 667 606 hac
684 566 798 606 urbe
815 576 1085 616 aggressus,
1106 564 1165 605 ad
1182 576 1369 605 sacram
1385 571 1689 616 peccatorum
1707 567 1884 606 confes-

247 640 426 679 sionem
443 644 680 689 pertracta
697 637 796 686 fuit,
817 643 955 688 atque
970 637 1112 676 etiam
1127 642 1319 688 propter
1336 647 1535 688 magnos
1551 637 1746 688 fructUS,
1769 649 1886 688 quos

247 710 518 751 scholastici
540 711 759 757 tulerunt,
786 708 841 748 de
866 708 1033 759 quibus
1056 707 1179 747 infra
1201 707 1506 758 perscribam.

323 781 586 833 Exponitur
608 780 683 820 hic
704 779 919 819 doctrina
942 779 1201 819 christiana
1223 779 1269 818 in
1286 779 1393 819 aula
1415 779 1618 830 quadam
1652 780 1768 820 satis
1791 792 1886 820 am-

246 855 337 905 pla,
361 853 470 905 quia
491 864 584 892 non
605 857 674 891 est
708 851 879 902 templo
915 856 1126 890 extrema
1158 862 1325 890 manus
1348 850 1586 902 imposita:
1611 851 1802 891 confluit
1826 852 1886 892 ad

247 937 352 965 eam
391 923 672 964 audiendam
708 933 960 962 numerosa
996 921 1265 971 multitud0‚
1300 927 1573 973 tantumque
1600 934 1658 962 ex
1689 922 1767 962 illa
1795 922 1886 962 fru-

248 1004 351 1037 ctus
387 995 600 1047 capiunt,
639 999 778 1046 atque
799 993 863 1033 ita
899 999 1254 1034 commouentur
1288 993 1471 1044 animis,
1508 999 1558 1033 ut
1578 993 1709 1034 multi
1743 994 1883 1044 uitae,

245 1074 408 1108 sancte
430 1066 696 1115 admodum,
722 1065 929 1105 rationes
951 1070 1133 1105 mutare
1164 1071 1412 1116 cogantur,
1433 1065 1511 1105 alii
1533 1077 1559 1104 a
1581 1065 1884 1106 iureiurando

247 1139 496 1189 abstinent;
527 1137 605 1177 alii
633 1137 833 1177 alienam
866 1136 1040 1176 famam
1068 1135 1338 1188 depeculari
1373 1142 1575 1186 cessant;
1613 1137 1692 1176 alii
1722 1148 1748 1176 a
1781 1148 1885 1188 pec-

248 1210 366 1251 catis
401 1209 506 1249 aliis
542 1208 894 1255 abstrahuntur3
935 1207 1102 1259 quibus
1138 1207 1277 1247 rebus
1311 1207 1482 1247 mirum
1522 1214 1749 1259 quantum
1783 1207 1884 1247 Deo

248 1282 496 1322 seruiatur.
522 1280 782 1321 Confitetur
803 1279 859 1319 de
880 1279 1089 1330 peccatis
1110 1279 1234 1319 bona
1255 1291 1366 1330 pars
1393 1279 1530 1319 huius
1558 1278 1887 1330 multitudinis,

247 1353 467 1406 ampliUS,
491 1358 540 1392 ut
562 1352 762 1401 videtur,
785 1350 974 1391 ducenti
989 1351 1217 1399 homines,
1236 1350 1475 1391 mensibus
1494 1351 1691 1402 singulis
1710 1351 1764 1390 de
1787 1351 1884 1402 qui-

246 1426 333 1466 bus
354 1424 486 1465 multi
507 1424 554 1464 id
573 1423 752 1463 faciunt
780 1429 949 1463 octauo
980 1433 1163 1474 quoque
1195 1422 1282 1462 die.
1307 1422 1462 1474 Atque
1498 1422 1545 1462 in
1566 1422 1639 1462 his
1670 1422 1887 1462 omnibus

247 1496 510 1550 proficiunt,
535 1501 584 1535 ut
619 1507 691 1535 me
732 1506 872 1546 saepe
908 1494 998 1534 mei
1019 1493 1193 1545 pudeat
1229 1505 1334 1534 cum
1368 1493 1554 1534 uideam
1589 1505 1679 1544 quo
1715 1493 1885 1534 ardore

248 1568 391 1608 animi
412 1579 550 1608 sacra
571 1566 867 1618 frequentent
889 1572 1202 1615 sacramenta,
1228 1565 1436 1617 aliosque
1459 1565 1518 1605 ad
1540 1564 1884 1605 confessionem

247 1639 538 1693 pertrahant,
575 1649 753 1689 nosque
783 1636 909 1677 haud
936 1648 1045 1676 raro
1068 1636 1333 1685 sollicitent,
1372 1643 1421 1676 ut
1455 1642 1587 1676 extra
1609 1636 1886 1687 Collegium,

247 1722 424 1761 eorum,
448 1710 526 1762 qui
548 1709 723 1749 morbis
751 1708 1051 1759 afflictantur,
1077 1707 1399 1748 confessiones
1430 1707 1691 1758 audiamus,
1723 1719 1777 1747 ac
1800 1707 1887 1747 dis-

246 1783 413 1824 cordes
434 1782 554 1822 inter
584 1780 790 1832 gratiam
814 1791 1170 1831 componamus.
1196 1778 1403 1830 Dignam
1425 1779 1562 1830 plane
1584 1791 1697 1830 rem,
1722 1779 1777 1819 de
1797 1790 1887 1830 qua

246 1854 348 1895 Deo
370 1853 552 1905 gratias
574 1863 788 1903 agamus.
813 1850 949 1901 Nam,
974 1857 1022 1891 ut
1045 1850 1167 1902 apud
1199 1849 1367 1890 Patres
1394 1856 1585 1890 nostros
1615 1850 1729 1890 fassi
1763 1856 1887 1900 sunt,

243 1926 290 1966 in
307 1925 523 1965 omnibus
540 1924 692 1964 subito
712 1934 842 1963 amor
861 1922 1050 1974 quidam
1068 1933 1183 1973 erga
1199 1921 1352 1961 Deum
1371 1921 1658 1970 accenditur,
1677 1933 1731 1962 ac
1749 1921 1890 1961 simul

246 1996 452 2038 studium
472 1995 710 2047 profectus
733 1994 996 2034 animorum
1014 2004 1207 2033 suorum
1227 1993 1643 2044 proximorumque
1661 2004 1767 2033 cum
1783 2004 1886 2044 pro-

245 2070 376 2120 priae
397 2067 653 2108 uoluntatis
676 2066 1004 2117 abnegatione,
1030 2070 1078 2105 ut
1100 2070 1144 2104 et
1171 2064 1363 2104 honoris
1397 2064 1718 2115 despicientia,
1756 2064 1889 2104 cuius

246 2146 383 2180 antea
405 2138 558 2179 studio
580 2137 861 2188 flagrabant.
886 2137 1048 2188 itaque
1069 2136 1116 2175 in
1138 2135 1353 2176 omnibus
1376 2135 1514 2175 rebus
1536 2147 1638 2175 sese
1660 2146 1753 2175 non
1784 2135 1888 2175 sub-

246 2211 434 2251 mittunt
454 2209 591 2250 modo
613 2220 669 2260 qu
679 2220 754 2249 am
775 2207 1133 2258 modestissime,
1158 2218 1325 2247 verum
1346 2207 1489 2246 etiam
1506 2206 1746 2257 abiiciunt;
1766 2218 1887 2258 quae

247 2294 322 2323 res
343 2293 491 2334 paruo
515 2288 654 2332 atque
675 2280 908 2320 imbecillo
945 2279 1101 2318 animo
1137 2278 1329 2330 quosuis
1360 2278 1588 2327 homines,
1620 2279 1782 2329 quales
1802 2289 1889 2317 nos

248 2365 422 2404 sumus,
442 2352 743 2393 uehementer
767 2352 977 2391 animare
999 2356 1166 2401 potest,
1191 2355 1240 2389 ut
1262 2348 1307 2389 in
1329 2349 1417 2389 hac
1440 2348 1628 2389 Domini
1651 2349 1789 2389 uinea
1812 2361 1888 2389 ex-

247 2424 445 2465 colenda
467 2434 709 2475 nunquam
730 2429 809 2462 aut
837 2421 1156 2472 defatigemur
1189 2426 1268 2460 aut
1290 2419 1513 2460 diffidant.

325 2496 394 2537 Eo
416 2507 491 2536 res
513 2494 724 2546 procedit
741 2500 805 2544 ut,
825 2499 1158 2545 praeterquam
1175 2491 1299 2543 quod
1317 2492 1463 2532 multa
1480 2491 1725 2531 charitatis
1744 2502 1887 2542 opera

246 2567 511 2608 hominibus
533 2565 770 2617 oppressis
793 2571 1003 2615 egestate
1025 2569 1165 2615 atque
1185 2563 1360 2603 morbis
1388 2563 1588 2612 faciunt,
1620 2562 1786 2614 quibus
1808 2561 1887 2601 alii

246 2649 534 2690 magnopere
562 2637 621 2677 ad
651 2635 911 2676 honestatis
938 2634 1145 2675 studium
1172 2634 1447 2684 incitantur,
1468 2634 1704 2685 publicam
1736 2639 1889 2672 custo-

245 2709 370 2749 diam
392 2709 576 2759 adeant,
597 2719 653 2748 ac
673 2707 901 2757 nonnulli,
924 2718 1020 2746 non
1055 2705 1263 2746 contenti
1296 2705 1453 2745 multis
1488 2703 1740 2755 beneficiis,
1767 2715 1886 2755 quae

246 2781 335 2820 illis
356 2781 617 2829 conferunt,
642 2779 720 2830 qui
743 2778 1004 2818 retinentur
1026 2777 1073 2817 in
1097 2776 1312 2826 uinculis,
1347 2776 1407 2816 ad
1440 2777 1613 2816 fontem
1646 2774 1882 2827 publicum

246 2863 395 2902 aquae
417 2850 655 2891 baiulandi
677 2861 835 2899 causa,
860 2861 910 2888 se
932 2848 1196 2898 conferunt,
1221 2846 1343 2899 quod
1372 2847 1461 2898 ipsi
1491 2858 1730 2898 nunquam
1748 2856 1797 2884 se
1819 2844 1883 2884 fa—

245 2928 405 2961 cturos
427 2922 535 2961 dum
558 2921 770 2959 uiuerent
792 2924 1054 2970 sperarunt.
1077 2918 1291 2958 Christus
1311 2917 1538 2958 Dominus
1555 2923 1730 2963 noster,
1753 2915 1886 2955 cuius
