2047 3179
261 127 335 165 ⁴126
796 130 1023 168 LITTERAE
1043 141 1203 171 QUADRJ
1212 140 1401 167 MEsrREs

262 225 328 265 ita
350 231 455 265 sunt
477 226 653 277 placati
679 232 742 276 ut,
767 227 825 267 iis
845 239 939 267 non
960 227 1133 277 inuitis,
1157 226 1232 278 pia
1265 226 1467 277 quadam
1488 226 1741 266 ambitione
1763 233 1806 267 et
1828 227 1894 268 in-

263 296 389 336 uidia
412 296 595 347 ductae,
620 297 658 337 si
679 297 750 337 fas
772 304 841 338 est
863 299 1033 348 dicere,
1067 309 1229 337 omnes
1260 297 1412 337 adhuc
1440 297 1667 349 propositi
1699 298 1897 339 tenacis—

262 367 409 408 simae
426 369 727 420 perstiterint.
749 369 918 421 Atque,
937 375 986 409 ut
1003 369 1215 409 omittam
1231 368 1449 420 reliquas,
1466 368 1576 420 quid
1587 368 1666 408 uni
1678 369 1898 420 priuatim

256 439 486 480 acciderit
507 441 803 492 paucissimis
831 441 999 481 dicam.

341 509 576 551 Admonet
611 512 767 552 multis
795 512 951 552 uerbis
979 523 1124 552 senex
1150 517 1283 563 pater
1304 511 1447 551 filiam
1479 511 1825 551 adolescentem
1848 518 1897 551 ut

260 580 540 622 Dominicae
561 582 938 623 Resurrectionis
957 582 1129 623 festum
1151 594 1266 622 auro
1297 582 1620 633 licentiorique
1642 582 1803 623 habitu
1826 594 1896 622 or-

259 658 371 692 nata
394 653 610 701 celebret;
637 665 779 705 aegre
801 653 992 694 tandem
1013 661 1057 694 et
1078 653 1212 705 quasi
1234 653 1281 694 ui
1315 654 1549 705 impetrat:
1574 659 1707 704 paret
1728 653 1895 705 impor-

260 729 373 763 tuno
397 724 544 776 patris
564 725 760 776 imperio
791 724 997 776 prudens
1025 730 1069 765 et
1095 725 1293 765 honesta
1323 725 1474 775 uirgo3
1504 725 1568 765 ita
1601 725 1895 765 extrinsecus

254 802 469 845 ornatur,
516 802 564 835 ut
607 803 845 837 terrenum
891 797 1229 848 mortalemque
1258 802 1442 847 patrem
1472 796 1697 847 placaret,
1736 795 1895 836 intrin-

252 877 393 906 secus
427 872 582 907 autem
611 867 814 908 cilicium
843 867 1007 919 induit,
1037 873 1085 908 ut
1115 867 1306 908 coelesti
1341 867 1688 918 immortalique
1718 878 1891 918 sponso

255 938 478 988 placeret,
513 938 720 979 hircinas
755 946 881 979 setas
915 939 1042 980 molli
1074 939 1367 990 delicataque
1401 945 1530 978 ueste
1560 944 1762 988 tegente,
1809 949 1894 977 nec

257 1014 364 1048 ante
385 1008 599 1060 deposuit
620 1021 761 1061 quam
782 1022 866 1051 suo
887 1010 976 1051 sibi
1006 1010 1134 1050 licuit
1167 1009 1328 1050 ornari
1354 1009 1506 1059 modo,
1533 1009 1747 1049 muliebri
1770 1008 1895 1048 omni

255 1080 429 1120 mundo
457 1080 684 1132 deposito.

336 1151 549 1192 Iamuero
580 1161 913 1205 praeterquam
948 1154 1072 1206 quod
1104 1153 1229 1194 domi
1268 1152 1587 1193 confessiones
1625 1152 1890 1202 audiuntur,

253 1221 368 1262 foris
415 1224 665 1264 conciones
711 1224 964 1276 habentur,
1013 1225 1227 1265 doctrina
1277 1225 1534 1265 christiana
1577 1223 1890 1276 praedicatur,

252 1295 439 1345 paruuli
475 1301 519 1335 et
552 1295 832 1347 grandiores
860 1296 1139 1345 edocentur;
1177 1296 1344 1337 Patres
1371 1296 1450 1348 qui
1478 1296 1601 1347 apud
1631 1307 1717 1336 nos
1747 1301 1893 1346 agunt

254 1364 513 1406 firmandae
552 1367 682 1419 pacis
719 1368 945 1408 authores
979 1374 1106 1417 sunt,
1144 1368 1181 1408 si
1218 1379 1337 1419 quos
1372 1367 1532 1407 uident
1568 1367 1734 1418 quibus
1773 1367 1893 1407 inter

250 1447 302 1476 se
340 1448 435 1477 non
475 1439 749 1479 conueniat:
792 1439 1084 1480 inueteratae
1123 1439 1376 1479 multorum
1421 1439 1682 1479 simultates
1731 1449 1893 1478 eorum

247 1507 495 1558 diligentia
527 1509 733 1561 sedatae,
757 1510 890 1551 multi
917 1522 977 1551 ex
1006 1510 1209 1551 inimicis
1237 1511 1376 1551 amici
1397 1511 1511 1551 facti
1539 1517 1660 1550 sunt.
1685 1509 1773 1550 Per
1805 1509 1891 1549 hos

252 1579 395 1620 etiam
422 1580 521 1621 dies
553 1582 714 1622 sedula
745 1582 883 1622 datur
909 1594 1052 1635 opera
1075 1589 1124 1623 ut
1157 1588 1292 1623 uetus
1313 1589 1358 1622 et
1378 1581 1649 1622 intestinum
1671 1592 1891 1632 quorum-

249 1650 359 1691 dam
380 1651 536 1692 odium
560 1654 879 1704 extinguatur,
903 1653 1026 1694 unde
1046 1653 1252 1694 ciuitatis
1279 1652 1416 1705 hujus
1451 1652 1767 1704 tranquillitas
1789 1652 1887 1691 fere

245 1723 402 1763 omnis
423 1730 467 1763 et
490 1723 746 1765 concordia
767 1725 958 1776 pendet:
996 1725 1043 1765 in
1070 1725 1443 1766 confessionibus
1471 1736 1651 1777 quoque
1673 1723 1888 1764 effectum

247 1800 317 1834 est
338 1801 389 1835 ut
410 1795 672 1837 detractam
693 1796 884 1848 famam,
907 1796 1060 1838 factas
1081 1796 1293 1849 injurias,
1331 1798 1367 1837 si
1396 1795 1527 1848 cujus
1549 1796 1776 1836 honorem
1797 1797 1885 1835 lae-

242 1866 431 1917 sissent,
470 1867 670 1919 siquem
703 1868 830 1908 ferro
860 1875 940 1909 aut
971 1867 1171 1909 fustibus
1201 1869 1483 1920 pulsassent,
1522 1879 1708 1919 quoquo
1745 1866 1884 1907 modo

245 1944 437 1989 possent
464 1939 596 1979 multi
621 1940 922 1980 resarcirent.
946 1939 1198 1981 Redditum
1220 1946 1290 1980 est
1311 1939 1569 1980 minoribus
1590 1945 1703 1980 natu
1725 1945 1769 1978 et
1790 1939 1885 1990 qui-

244 2009 332 2049 bus
348 2016 512 2050 tenues
535 2010 786 2052 admodum
805 2017 938 2052 erant
968 2011 1186 2052 fortunae
1208 2010 1429 2063 quicquid
1451 2017 1605 2051 aetate
1646 2017 1690 2050 et
1711 2010 1886 2051 diuitiis

241 2082 510 2133 superiores
532 2082 639 2122 ludo
661 2083 857 2134 turpiter
880 2083 1213 2135 acquisierant,
1239 2082 1299 2123 ad
1319 2083 1442 2123 mille
1465 2093 1610 2134 usque
1632 2088 1884 2122 coronatos

243 2164 413 2194 aureos
435 2160 479 2194 et
502 2166 555 2194 eo
580 2155 699 2206 plus,
722 2155 813 2195 illis
835 2162 1001 2195 contra
1031 2154 1333 2195 reddentibus
1363 2154 1402 2194 si
1429 2154 1538 2206 quid
1572 2154 1657 2194 sibi
1678 2166 1737 2194 ex
1759 2154 1884 2205 turpi

241 2224 321 2265 illo
352 2232 549 2276 quaestu
578 2233 867 2275 accesserat,
898 2237 1121 2278 magnam
1148 2226 1368 2266 nimirum
1403 2226 1629 2277 pecuniae
1664 2226 1774 2275 uim3
1807 2237 1882 2265 res

242 2295 367 2336 enim
383 2296 504 2337 inter
526 2309 605 2337 eos
628 2298 873 2349 agebatur,
899 2298 972 2349 qui
1001 2296 1262 2349 principem
1284 2304 1442 2337 tenent
1464 2297 1510 2336 in
1531 2296 1786 2348 Republica
1819 2298 1880 2336 lo-

238 2378 363 2408 cum.
400 2368 459 2408 Et
488 2379 773 2420 quamquam
801 2369 933 2409 initio
960 2380 1135 2409 nouum
1164 2369 1248 2408 sibi
1281 2380 1398 2408 onus
1426 2368 1603 2420 imponi
1626 2368 1875 2415 uideretur,

240 2439 482 2479 moderate
516 2446 673 2480 tamen
701 2440 1025 2492 patienterque
1053 2440 1391 2489 sustinuerunt,
1428 2440 1572 2479 multo
1600 2450 1815 2478 sermone
1852 2452 1878 2478 a

239 2510 414 2550 nostris
431 2510 586 2551 edocti
606 2511 918 2551 conscientias
938 2511 1070 2551 aliter
1089 2511 1337 2551 exonerari
1355 2523 1447 2550 non
1465 2522 1617 2562 posse.
1641 2510 1765 2550 Inter
1786 2510 1878 2549 alia

238 2592 351 2621 uero
387 2581 660 2631 ministeria,
700 2583 867 2634 quibus
903 2583 1154 2634 populares
1177 2581 1334 2633 juuari
1362 2583 1527 2631 solent,
1562 2582 1672 2621 illud
1694 2587 1763 2621 est
1786 2595 1795 2620 ἰ
1818 2593 1877 2620 on

237 2658 517 2702 extremum,
542 2653 665 2704 quod
701 2652 914 2704 languidi
942 2653 1040 2694 fere
1075 2664 1237 2693 omnes
1272 2660 1316 2693 et
1346 2654 1466 2692 male
1495 2652 1721 2691 habentes
1751 2664 1776 2691 a
1802 2664 1878 2691 no-

237 2723 347 2762 stris
380 2723 662 2774 inuisuntur,
697 2724 981 2765 salutaribus
1007 2724 1165 2764 uerbis
1195 2730 1483 2773 recreantur,
1508 2724 1565 2763 ad
1596 2723 1877 2763 nouissimos

237 2793 341 2833 illos
360 2805 657 2845 congressus,
677 2795 715 2835 si
734 2796 812 2847 qui
828 2796 921 2835 sint
938 2795 1078 2835 morti
1091 2794 1187 2846 jam
1205 2795 1420 2847 proximi,
1444 2795 1627 2835 fortiter
1644 2795 1874 2834 instruun-

236 2870 326 2904 tur.
348 2864 478 2915 Quae
500 2877 574 2905 res
595 2877 650 2905 eo
675 2866 920 2917 processit,
946 2873 995 2906 ut
1016 2867 1170 2906 nullus
1192 2866 1337 2906 ferme
1358 2866 1403 2906 in
1422 2866 1534 2906 urbe
1550 2866 1608 2906 sit
1631 2866 1782 2906 minus
1804 2864 1873 2904 fir-

236 2946 312 2975 ma
334 2936 601 2976 ualetudine
624 2948 760 2988 quem
778 2936 941 2976 Patres
962 2948 1056 2976 non
1086 2937 1308 2982 inuisam,
1343 2948 1465 2976 nunc
1498 2938 1569 2977 his
1600 2937 1727 2976 horis
1758 2947 1874 2987 quas
