2047 3179
918 118 1003 155 AN.
1034 118 1125 156 1554
1789 125 1841 161 57

205 213 396 254 uinciali
419 213 623 254 amicitia
646 214 922 254 coniunctus
943 214 1118 264 fuerat,
1143 222 1329 266 praeter
1358 216 1546 256 modum
1576 216 1728 256 Patris
1760 219 1839 257 all--

204 291 345 325 uentu
368 285 562 334 gauisus
583 290 666 325 est.
689 284 785 325 Alii
806 291 1050 336 praeterea
1074 286 1210 325 huius
1231 286 1388 337 oppidi
1409 287 1753 338 quamplurimi.

284 355 451 395 Paucis
472 362 576 407 post
599 356 759 396 diebus
780 368 921 407 quam
941 357 1031 397 huc
1052 356 1189 397 Pater
1207 364 1500 409 peruenerat,
1526 358 1650 399 misit
1671 358 1837 409 Hispa-

203 427 283 467 lim
301 426 418 467 duos
433 426 610 478 Patres,
631 427 972 468 Gondisalvum
992 427 1000 446 ¹
1018 439 1184 479 nempe
1202 434 1339 479 atque
1356 428 1544 470 Auilam
1561 429 1588 480 ⁵³,
1610 442 1725 481 quos
1742 429 1837 471 Sal-

205 497 408 537 mantica
430 510 589 538 secum
619 498 895 538 adduxerat.
926 498 1015 539 Hic
1043 499 1165 538 enim
1193 499 1241 539 Ρ.
1270 499 1410 540 Auila
1439 507 1508 540 est
1541 500 1838 552 hispalensis,

203 568 249 607 in
271 579 417 619 eaque
439 569 630 609 ciuitate
651 581 761 609 suos
783 569 922 609 habet
949 576 1183 621 parentes,
1207 582 1405 621 quorum
1436 571 1622 623 quidem
1651 573 1843 622 magnis

203 638 615 690 efflagitationibus
636 652 730 680 non
749 640 899 691 potuit
920 639 934 658 ⁵
956 652 1046 680 non
1070 653 1150 681 eos
1178 642 1362 682 mittere
1384 642 1506 682 illuc.
1532 642 1648 683 Cum
1679 651 1838 683 autem

202 722 257 749 eo
278 710 617 761 peruenissent,
641 711 799 751 statim
821 710 977 751 adiere
999 713 1312 763 proseucham
1334 711 1368 763 ⁴,
1392 714 1746 764 praemittentes
1768 714 1833 754 fa-

204 782 379 822 mulum
402 782 448 822 in
469 789 715 834 paternam
744 782 946 832 domum,
970 794 1053 834 per
1080 794 1216 834 quem
1245 783 1293 823 P.
1317 783 1460 824 Auila
1482 797 1508 824 a
1530 790 1662 836 patre
1682 784 1841 825 fuerat

203 853 477 905 accersitus;
501 854 579 905 qui
609 865 719 894 vero
741 853 788 893 in
818 854 1082 905 proseucha
1112 854 1332 905 aderant,
1365 867 1471 895 cum
1499 855 1624 896 fores
1652 857 1839 907 aperire

201 925 474 974 noluissent,
498 925 605 965 inde
627 937 720 965 non
741 925 1000 965 discessere
1023 924 1051 975 ⁵,
1076 925 1158 966 sed
1188 925 1317 966 humi
1339 927 1495 978 potius
1525 927 1834 977 dormierunt,

205 996 334 1036 aiunt
356 996 479 1035 enim
500 997 651 1036 solum
671 997 824 1036 uisum
845 996 934 1036 illis
964 996 1106 1036 fuisse
1137 997 1319 1037 mollius
1353 998 1498 1038 multo
1531 1010 1671 1050 quam
1692 1004 1844 1049 toro&

212 1067 257 1107 in
280 1067 445 1119 quibus
467 1074 603 1108 antea
626 1067 827 1108 dormire
848 1068 1074 1108 solebant.
1105 1068 1354 1109 Caeterum
1376 1081 1483 1109 cum
1511 1070 1557 1110 id
1577 1071 1751 1121 populo
1774 1070 1839 1110 in-

207 1138 452 1188 notuisset,
477 1150 678 1190 magnae
699 1138 908 1190 profecto
931 1138 1246 1180 aedificationi
1267 1140 1313 1180 id
1335 1140 1434 1180 fuit.

285 1209 394 1249 Post
414 1210 531 1250 haec
552 1210 1055 1262 Proarchiepiscopum
1076 1209 1089 1229 ‘⁵
1111 1211 1332 1263 invisere⁷
1354 1224 1380 1252 a
1404 1223 1494 1263 quo
1513 1224 1640 1263 sane,
1665 1223 1840 1263 magna

206 1291 312 1320 cum
340 1281 569 1321 charitate
600 1282 803 1333 excepti,
838 1282 1079 1322 obtinuere
1110 1282 1420 1323 concionandi
1454 1283 1726 1323 facultatem
1757 1295 1846 1334 per

207 1358 356 1392 totum
390 1352 705 1404 hispalensem
739 1353 1210 1405 archiepiscopatum.
1250 1354 1427 1405 Quibus
1455 1355 1597 1395 etiam
1630 1355 1841 1395 exhibuit

206 1434 453 1474 magnam,
487 1435 626 1475 quam
656 1435 770 1475 erga
798 1436 877 1464 eos
908 1425 1188 1465 charitatem
1215 1425 1429 1474 haberet,
1460 1426 1594 1466 simul
1625 1433 1668 1466 et
1697 1438 1842 1478 quam

206 1494 323 1534 bene
359 1494 415 1534 de
445 1493 677 1535 Societate
704 1495 909 1536 sentiret.
940 1495 1149 1547 Quorum
1181 1495 1367 1548 quidem
1406 1497 1615 1537 amicitia
1643 1498 1842 1538 multum

213 1577 379 1605 reuera
403 1566 533 1606 iuvat
554 1566 614 1606 ad
634 1567 832 1607 salutem
852 1574 896 1607 et
918 1567 1182 1608 animarum
1203 1567 1590 1608 aedificationem.

282 1636 471 1688 Impulsi
491 1637 620 1677 fuere
642 1649 668 1677 a
689 1637 890 1678 Domino
912 1649 1018 1689 sex,
1043 1638 1121 1690 qui
1150 1637 1398 1679 Societatis
1421 1651 1522 1679 esse
1552 1639 1842 1689 desiderant3⁴

203 1707 324 1748 inter
353 1720 467 1759 quos
495 1716 595 1748 erat
622 1709 810 1760 quidam
840 1709 975 1750 huius
1004 1709 1440 1762 Proarchiepiscopi
1469 1711 1726 1762 sacrificus,
1758 1713 1837 1763 qui

201 1777 448 1819 Societatis
471 1791 629 1819 amore
651 1787 830 1832 captus,
855 1792 958 1820 eam
978 1781 1114 1821 unice
1141 1781 1378 1832 diligebat,
1404 1782 1712 1834 cupiebatque
1735 1782 1836 1833 ipse

203 1849 366 1890 eodem
395 1857 518 1890 esset
550 1851 705 1891 animo
732 1850 1210 1904 Proarchiepiscopus
1237 1864 1352 1903 erga
1372 1852 1670 1893 Societatem.
1704 1853 1837 1894 Com-

203 1921 326 1972 pulsi
347 1921 406 1961 ad
428 1922 545 1961 haec
566 1921 694 1962 fuere
716 1922 806 1962 duo
829 1923 907 1962 alii
923 1922 1094 1963 fratres
1111 1924 1395 1975 sacerdotes,
1415 1924 1493 1975 qui
1514 1936 1540 1964 a
1557 1925 1715 1964 multis
1738 1925 1836 1976 qui·

203 1991 308 2032 dem
349 1993 484 2033 annis
516 1994 878 2044 grammaticam
917 1993 1100 2045 Hispali
1138 1995 1477 2046 profitebantur
1497 2027 1504 2040 .
1543 1996 1676 2036 cuius
1716 2008 1830 2036 sane

202 2063 440 2104 facultatis
457 2063 582 2104 docti
599 2065 727 2115 satis,
743 2065 1035 2116 potissimum
1049 2072 1161 2106 natu
1179 2066 1342 2106 maior.
1359 2066 1606 2107 Vocantur
1620 2067 1668 2107 hi
1683 2066 1834 2107 Infan-

201 2140 274 2174 tas
295 2134 548 2187 dixereque
569 2135 618 2175 P.
645 2134 951 2187 Gundisalvo,
976 2137 1014 2176 si
1036 2136 1109 2176 hic
1133 2137 1467 2189 reciperentur,
1489 2138 1684 2178 libenter
1706 2138 1836 2178 veni-⁷

203 2212 306 2246 rent
328 2205 609 2246 Societatem
637 2207 911 2258 ingressuri;
935 2219 1049 2259 quos
1072 2207 1121 2248 P.
1145 2215 1306 2248 noster
1334 2208 1645 2249 Prouincialis
1667 2209 1839 2249 certio-

201 2288 277 2317 res
296 2278 421 2328 fecit‚
445 2278 482 2317 si
504 2279 693 2329 cupiant
715 2279 890 2329 venire,
914 2292 994 2319 eos
1012 2291 1149 2331 posse
1167 2292 1272 2320 cum
1293 2280 1483 2320 Domini
1504 2281 1835 2321 benedictione

202 2360 377 2388 venire.

258 2511 266 2530 ¹
309 2510 342 2538 Ρ.
357 2511 603 2539 Gundisalvum
621 2511 801 2539 Gonzalez.

254 2558 267 2577 2
306 2558 341 2585 P.
359 2559 571 2593 Alphonsum
586 2559 626 2586 de
642 2560 762 2586 Amla-

252 2606 265 2625 5
303 2606 340 2633 Ρ.
359 2606 504 2634 Michael
520 2608 560 2634 de
575 2606 712 2638 Torres.
729 2607 968 2635 Provincialis.

251 2653 266 2674 ⁴
302 2656 316 2667 ⁴·
332 2656 547 2687 Pam-suein,
565 2655 691 2682 Domus
707 2663 893 2689 pauperum
909 2656 1058 2690 hospitio
1074 2657 1257 2691 deputata.
1274 2658 1307 2685 in
1323 2665 1388 2692 qua
1405 2662 1437 2685 et
1455 2658 1615 2686 foventur
1629 2663 1662 2686 et
1683 2659 1834 2686 aluntur.

199 2700 300 2729 Nich.
320 2702 494 2730 Cari-anza
511 2704 543 2730 in
557 2703 641 2730 Vita
658 2702 689 2730 S.
707 2703 865 2730 ildefonsi
882 2703 971 2730 inter
984 2703 1086 2732 Cone.
1102 2704 1210 2740 Hisp.‚
1222 2709 1244 2733 t.
1259 2713 1293 2740 11,
1309 2713 1388 2740 pag.
1402 2706 1485 2741 565„
1497 2706 1543 2734 Du
1556 2706 1685 2741 CANGE,
1698 2706 1841 2734 Glossa‘

198 2747 298 2781 rium,
317 2754 339 2776 t.
357 2759 389 2782 v,
406 2751 469 2778 col.
484 2751 545 2777 921.

254 2795 266 2816 3
307 2796 443 2824 Scilicet
460 2797 629 2825 Gonzalez
645 2802 678 2824 et
694 2798 810 2825 Avila.

251 2843 265 2864 ⁶
303 2845 515 2880 Hispalensis
532 2846 894 2880 ProarchiepiscopuS,
913 2848 965 2874 vel
981 2847 1094 2881 potius
1117 2848 1377 2884 Archiepiscopi
1400 2849 1576 2884 vicarius,
1599 2854 1675 2878 erat
1699 2849 1837 2884 Gaspar

198 2891 392 2920 Cervantes
413 2893 453 2920 de
478 2892 620 2921 Salazar
635 2915 640 2926 ,
657 2901 755 2928 quem
780 2894 839 2921 alii
866 2899 990 2922 vocant
1015 2895 1054 2922 de
1071 2895 1194 2923 Gaeta.
1209 2896 1298 2924 Vide
1324 2896 1610 2925 Chronolzz‘storia
1635 2898 1677 2925 de
1698 2897 1840 2930 Toledo,

198 2944 292 2967 auct.
306 2940 341 2967 P.
360 2940 570 2969 Bartholom.
586 2941 749 2975 Alcazar,
765 2946 864 2976 parte
884 2943 941 2975 13²,
956 2950 1038 2977 pag.
1057 2943 1120 2972 235.
