<?xml version="1.0" encoding="UTF-8"?>
<!DOCTYPE html PUBLIC "-//W3C//DTD XHTML 1.0 Transitional//EN"
    "http://www.w3.org/TR/xhtml1/DTD/xhtml1-transitional.dtd">
<html xmlns="http://www.w3.org/1999/xhtml" xml:lang="en" lang="en">
 <head>
  <title>
</title>
<meta http-equiv="Content-Type" content="text/html;charset=utf-8" />
  <meta name='ocr-system' content='tesseract 3.04.00' />
  <meta name='ocr-capabilities' content='ocr_page ocr_carea ocr_par ocr_line ocrx_word'/>
</head>
<body>
  <div class='ocr_page' id='page_1' title='image "./litteraequadrime15lain_0245.png"; bbox 0 0 2047 3179; ppageno 0'>
   <div class='ocr_carea' id='block_1_1' title="bbox 943 130 1861 175">
    <p class='ocr_par' dir='ltr' id='par_1_1' title="bbox 943 130 1861 175">
     <span class='ocr_line' id='line_1_1' title="bbox 943 130 1861 175; baseline 0.01 -9"><span class='ocrx_word' id='word_1_1' title='bbox 943 130 1027 167; x_wconf 68' lang='lat' dir='ltr'>AN.</span> <span class='ocrx_word' id='word_1_2' title='bbox 1058 131 1149 169; x_wconf 79' lang='lat'>1555</span> <span class='ocrx_word' id='word_1_3' title='bbox 1789 137 1861 175; x_wconf 77' lang='lat'><em>‘239</em></span> 
     </span>
    </p>
   </div>
   <div class='ocr_carea' id='block_1_2' title="bbox 876 577 1210 631">
    <p class='ocr_par' dir='ltr' id='par_1_2' title="bbox 876 577 1210 631">
     <span class='ocr_line' id='line_1_2' title="bbox 876 577 1210 631; baseline 0 0"><span class='ocrx_word' id='word_1_4' title='bbox 876 577 1210 631; x_wconf 75' lang='lat' dir='ltr'>OCOXLIV</span> 
     </span>
    </p>
   </div>
   <div class='ocr_carea' id='block_1_3' title="bbox 298 808 1330 1054">
    <p class='ocr_par' dir='ltr' id='par_1_3' title="bbox 298 808 1330 1054">
     <span class='ocr_line' id='line_1_3' title="bbox 298 808 753 855; baseline 0.004 -10"><span class='ocrx_word' id='word_1_5' title='bbox 298 808 506 847; x_wconf 78' lang='lat' dir='ltr'>Nicolaus</span> <span class='ocrx_word' id='word_1_6' title='bbox 528 811 753 855; x_wconf 77' lang='lat' dir='ltr'>Bellefille,</span> 
     </span>
     <span class='ocr_line' id='line_1_4' title="bbox 343 874 1330 923; baseline 0.004 -12"><span class='ocrx_word' id='word_1_7' title='bbox 343 874 412 911; x_wconf 74' lang='lat' dir='ltr'>Ex</span> <span class='ocrx_word' id='word_1_8' title='bbox 430 876 752 913; x_wconf 78' lang='lat' dir='ltr'><em>commissione</em></span> <span class='ocrx_word' id='word_1_9' title='bbox 774 877 916 914; x_wconf 65' lang='lat' dir='ltr'>Patris</span> <span class='ocrx_word' id='word_1_10' title='bbox 937 877 1161 915; x_wconf 82' lang='lat' dir='ltr'>Paschasii</span> <span class='ocrx_word' id='word_1_11' title='bbox 1181 877 1330 923; x_wconf 73' lang='lat' dir='ltr'>Broet,</span> 
     </span>
     <span class='ocr_line' id='line_1_5' title="bbox 392 940 977 989; baseline 0.003 -13"><span class='ocrx_word' id='word_1_12' title='bbox 392 940 513 977; x_wconf 86' lang='lat' dir='ltr'>Patri</span> <span class='ocrx_word' id='word_1_13' title='bbox 534 941 703 988; x_wconf 80' lang='lat' dir='ltr'>Ignatio</span> <span class='ocrx_word' id='word_1_14' title='bbox 723 942 776 979; x_wconf 90' lang='lat' dir='ltr'>de</span> <span class='ocrx_word' id='word_1_15' title='bbox 796 942 977 989; x_wconf 85' lang='lat' dir='ltr'>Loyola.</span> 
     </span>
     <span class='ocr_line' id='line_1_6' title="bbox 438 1006 1030 1054; baseline 0.007 -12"><span class='ocrx_word' id='word_1_16' title='bbox 438 1006 618 1044; x_wconf 80' lang='lat' dir='ltr'>Parisiis</span> <span class='ocrx_word' id='word_1_17' title='bbox 637 1007 660 1044; x_wconf 85' lang='lat'>2</span> <span class='ocrx_word' id='word_1_18' title='bbox 677 1007 873 1054; x_wconf 86' lang='lat' dir='ltr'>Januarii</span> <span class='ocrx_word' id='word_1_19' title='bbox 896 1008 986 1046; x_wconf 81' lang='lat'>1555</span> <span class='ocrx_word' id='word_1_20' title='bbox 1005 1008 1030 1046; x_wconf 85' lang='lat'>¹.</span> 
     </span>
    </p>
   </div>
   <div class='ocr_carea' id='block_1_4' title="bbox 969 1145 1106 1197">
    <p class='ocr_par' dir='ltr' id='par_1_4' title="bbox 969 1145 1106 1197">
     <span class='ocr_line' id='line_1_7' title="bbox 969 1145 1106 1197; baseline 0.007 -13"><span class='ocrx_word' id='word_1_21' title='bbox 969 1145 1106 1197; x_wconf 90' lang='lat' dir='ltr'>Jesus</span> 
     </span>
    </p>
   </div>
   <div class='ocr_carea' id='block_1_5' title="bbox 218 1286 1862 2830">
    <p class='ocr_par' dir='ltr' id='par_1_5' title="bbox 223 1286 1860 1400">
     <span class='ocr_line' id='line_1_8' title="bbox 306 1286 1860 1340; baseline 0.001 -13"><span class='ocrx_word' id='word_1_22' title='bbox 306 1286 470 1327; x_wconf 85' lang='lat' dir='ltr'>Gratia</span> <span class='ocrx_word' id='word_1_23' title='bbox 501 1293 544 1327; x_wconf 90' lang='lat' dir='ltr'>et</span> <span class='ocrx_word' id='word_1_24' title='bbox 574 1299 668 1338; x_wconf 85' lang='lat' dir='ltr'>pax</span> <span class='ocrx_word' id='word_1_25' title='bbox 699 1287 889 1328; x_wconf 89' lang='lat' dir='ltr'>Domini</span> <span class='ocrx_word' id='word_1_26' title='bbox 915 1287 1064 1327; x_wconf 80' lang='lat' dir='ltr'>nostri</span> <span class='ocrx_word' id='word_1_27' title='bbox 1093 1287 1204 1340; x_wconf 84' lang='lat' dir='ltr'>Jesu</span> <span class='ocrx_word' id='word_1_28' title='bbox 1236 1286 1412 1327; x_wconf 85' lang='lat' dir='ltr'>Christi</span> <span class='ocrx_word' id='word_1_29' title='bbox 1441 1288 1500 1328; x_wconf 92' lang='lat' dir='ltr'>sit</span> <span class='ocrx_word' id='word_1_30' title='bbox 1535 1299 1719 1339; x_wconf 90' lang='lat' dir='ltr'>semper</span> <span class='ocrx_word' id='word_1_31' title='bbox 1753 1299 1860 1329; x_wconf 90' lang='lat' dir='ltr'>cum</span> 
     </span>
     <span class='ocr_line' id='line_1_9' title="bbox 223 1357 805 1400; baseline 0 -3"><span class='ocrx_word' id='word_1_32' title='bbox 223 1358 443 1398; x_wconf 90' lang='lat' dir='ltr'>omnibus</span> <span class='ocrx_word' id='word_1_33' title='bbox 463 1358 613 1398; x_wconf 90' lang='lat' dir='ltr'>nobis.</span> <span class='ocrx_word' id='word_1_34' title='bbox 637 1357 805 1400; x_wconf 86' lang='lat' dir='ltr'>Amen.</span> 
     </span>
    </p>

    <p class='ocr_par' dir='ltr' id='par_1_6' title="bbox 218 1428 1862 2830">
     <span class='ocr_line' id='line_1_10' title="bbox 307 1428 1862 1481; baseline 0.001 -13"><span class='ocrx_word' id='word_1_35' title='bbox 307 1428 449 1481; x_wconf 81' lang='lat' dir='ltr'>Juxta</span> <span class='ocrx_word' id='word_1_36' title='bbox 471 1435 805 1470; x_wconf 76' lang='lat' dir='ltr'>sacrosanctae</span> <span class='ocrx_word' id='word_1_37' title='bbox 826 1429 1115 1469; x_wconf 75' lang='lat' dir='ltr'>obedientiae</span> <span class='ocrx_word' id='word_1_38' title='bbox 1145 1429 1441 1480; x_wconf 89' lang='lat' dir='ltr'>praescripta</span> <span class='ocrx_word' id='word_1_39' title='bbox 1470 1428 1595 1480; x_wconf 72' lang='lat' dir='ltr'>(R.de</span> <span class='ocrx_word' id='word_1_40' title='bbox 1631 1436 1675 1470; x_wconf 93' lang='lat' dir='ltr'>et</span> <span class='ocrx_word' id='word_1_41' title='bbox 1704 1430 1862 1470; x_wconf 88' lang='lat' dir='ltr'>obser-</span> 
     </span>
     <span class='ocr_line' id='line_1_11' title="bbox 223 1499 1860 1552; baseline 0.001 -13"><span class='ocrx_word' id='word_1_42' title='bbox 223 1499 510 1540; x_wconf 84' lang='lat' dir='ltr'>uandissime</span> <span class='ocrx_word' id='word_1_43' title='bbox 527 1499 698 1551; x_wconf 90' lang='lat' dir='ltr'>Pater),</span> <span class='ocrx_word' id='word_1_44' title='bbox 718 1511 893 1552; x_wconf 84' lang='lat' dir='ltr'>eorum,</span> <span class='ocrx_word' id='word_1_45' title='bbox 917 1512 1035 1552; x_wconf 90' lang='lat' dir='ltr'>quae</span> <span class='ocrx_word' id='word_1_46' title='bbox 1056 1501 1102 1540; x_wconf 93' lang='lat' dir='ltr'>in</span> <span class='ocrx_word' id='word_1_47' title='bbox 1125 1500 1430 1540; x_wconf 89' lang='lat' dir='ltr'>celeberrima</span> <span class='ocrx_word' id='word_1_48' title='bbox 1450 1501 1735 1552; x_wconf 83' lang='lat' dir='ltr'>parisiorum</span> <span class='ocrx_word' id='word_1_49' title='bbox 1757 1513 1860 1541; x_wconf 88' lang='lat' dir='ltr'>aca—</span> 
     </span>
     <span class='ocr_line' id='line_1_12' title="bbox 224 1569 1862 1622; baseline 0.001 -12"><span class='ocrx_word' id='word_1_50' title='bbox 224 1569 377 1610; x_wconf 89' lang='lat' dir='ltr'>demia</span> <span class='ocrx_word' id='word_1_51' title='bbox 400 1583 426 1610; x_wconf 91' lang='lat' dir='ltr'>a</span> <span class='ocrx_word' id='word_1_52' title='bbox 447 1571 582 1611; x_wconf 89' lang='lat' dir='ltr'>nobis</span> <span class='ocrx_word' id='word_1_53' title='bbox 608 1577 742 1622; x_wconf 84' lang='lat' dir='ltr'>gesta</span> <span class='ocrx_word' id='word_1_54' title='bbox 765 1576 892 1622; x_wconf 89' lang='lat' dir='ltr'>sunt,</span> <span class='ocrx_word' id='word_1_55' title='bbox 924 1570 1062 1611; x_wconf 72' lang='lat' dir='ltr'>R.dam</span> <span class='ocrx_word' id='word_1_56' title='bbox 1087 1570 1425 1611; x_wconf 75' lang='lat' dir='ltr'>paternitatem</span> <span class='ocrx_word' id='word_1_57' title='bbox 1453 1578 1583 1612; x_wconf 87' lang='lat' dir='ltr'>tuam</span> <span class='ocrx_word' id='word_1_58' title='bbox 1612 1573 1862 1612; x_wconf 85' lang='lat' dir='ltr'>certiorem</span> 
     </span>
     <span class='ocr_line' id='line_1_13' title="bbox 221 1641 1862 1694; baseline 0.002 -13"><span class='ocrx_word' id='word_1_59' title='bbox 221 1641 433 1692; x_wconf 79' lang='lat' dir='ltr'>reddere,</span> <span class='ocrx_word' id='word_1_60' title='bbox 458 1647 632 1693; x_wconf 87' lang='lat' dir='ltr'>quanta</span> <span class='ocrx_word' id='word_1_61' title='bbox 653 1642 909 1692; x_wconf 88' lang='lat' dir='ltr'>poterimus</span> <span class='ocrx_word' id='word_1_62' title='bbox 935 1642 1165 1682; x_wconf 88' lang='lat' dir='ltr'>breuitate</span> <span class='ocrx_word' id='word_1_63' title='bbox 1194 1642 1489 1682; x_wconf 86' lang='lat' dir='ltr'>conabimur:</span> <span class='ocrx_word' id='word_1_64' title='bbox 1523 1654 1643 1694; x_wconf 88' lang='lat' dir='ltr'>quae</span> <span class='ocrx_word' id='word_1_65' title='bbox 1670 1643 1862 1684; x_wconf 88' lang='lat' dir='ltr'>leuioris</span> 
     </span>
     <span class='ocr_line' id='line_1_14' title="bbox 223 1713 1859 1766; baseline 0.001 -14"><span class='ocrx_word' id='word_1_66' title='bbox 223 1713 410 1752; x_wconf 88' lang='lat' dir='ltr'>interim</span> <span class='ocrx_word' id='word_1_67' title='bbox 432 1713 648 1753; x_wconf 81' lang='lat' dir='ltr'>videntur</span> <span class='ocrx_word' id='word_1_68' title='bbox 670 1714 891 1754; x_wconf 89' lang='lat' dir='ltr'>momenti</span> <span class='ocrx_word' id='word_1_69' title='bbox 907 1713 1090 1753; x_wconf 90' lang='lat' dir='ltr'>silentio</span> <span class='ocrx_word' id='word_1_70' title='bbox 1108 1719 1478 1765; x_wconf 87' lang='lat' dir='ltr'>praetereuntes,</span> <span class='ocrx_word' id='word_1_71' title='bbox 1500 1714 1557 1754; x_wconf 90' lang='lat' dir='ltr'>ab</span> <span class='ocrx_word' id='word_1_72' title='bbox 1575 1714 1689 1766; x_wconf 90' lang='lat' dir='ltr'>ipsis</span> <span class='ocrx_word' id='word_1_73' title='bbox 1707 1715 1859 1754; x_wconf 88' lang='lat' dir='ltr'>dome-</span> 
     </span>
     <span class='ocr_line' id='line_1_15' title="bbox 222 1783 1859 1836; baseline 0.001 -12"><span class='ocrx_word' id='word_1_74' title='bbox 222 1783 354 1824; x_wconf 87' lang='lat' dir='ltr'>sticis</span> <span class='ocrx_word' id='word_1_75' title='bbox 374 1785 694 1824; x_wconf 85' lang='lat' dir='ltr'>narrationem</span> <span class='ocrx_word' id='word_1_76' title='bbox 710 1784 1048 1835; x_wconf 88' lang='lat' dir='ltr'>inchoabimus,</span> <span class='ocrx_word' id='word_1_77' title='bbox 1072 1796 1286 1836; x_wconf 89' lang='lat' dir='ltr'>quorum,</span> <span class='ocrx_word' id='word_1_78' title='bbox 1311 1785 1527 1836; x_wconf 89' lang='lat' dir='ltr'>quamuis</span> <span class='ocrx_word' id='word_1_79' title='bbox 1549 1792 1780 1836; x_wconf 84' lang='lat' dir='ltr'>angustus</span> <span class='ocrx_word' id='word_1_80' title='bbox 1799 1786 1859 1826; x_wconf 86' lang='lat' dir='ltr'>sit</span> 
     </span>
     <span class='ocr_line' id='line_1_16' title="bbox 222 1856 1856 1908; baseline 0.002 -14"><span class='ocrx_word' id='word_1_81' title='bbox 222 1866 468 1905; x_wconf 87' lang='lat' dir='ltr'>numerus,</span> <span class='ocrx_word' id='word_1_82' title='bbox 501 1866 586 1895; x_wconf 89' lang='lat' dir='ltr'>nec</span> <span class='ocrx_word' id='word_1_83' title='bbox 613 1856 676 1895; x_wconf 86' lang='lat' dir='ltr'>ita</span> <span class='ocrx_word' id='word_1_84' title='bbox 704 1861 947 1895; x_wconf 86' lang='lat' dir='ltr'>accrescat</span> <span class='ocrx_word' id='word_1_85' title='bbox 974 1862 1025 1896; x_wconf 84' lang='lat' dir='ltr'>vt</span> <span class='ocrx_word' id='word_1_86' title='bbox 1054 1856 1156 1895; x_wconf 88' lang='lat' dir='ltr'>aliis</span> <span class='ocrx_word' id='word_1_87' title='bbox 1180 1856 1225 1895; x_wconf 93' lang='lat' dir='ltr'>in</span> <span class='ocrx_word' id='word_1_88' title='bbox 1255 1856 1391 1906; x_wconf 90' lang='lat' dir='ltr'>locis,</span> <span class='ocrx_word' id='word_1_89' title='bbox 1420 1856 1467 1896; x_wconf 91' lang='lat' dir='ltr'>in</span> <span class='ocrx_word' id='word_1_90' title='bbox 1495 1856 1662 1908; x_wconf 89' lang='lat' dir='ltr'>quibus</span> <span class='ocrx_word' id='word_1_91' title='bbox 1693 1868 1856 1897; x_wconf 89' lang='lat' dir='ltr'>omnes</span> 
     </span>
     <span class='ocr_line' id='line_1_17' title="bbox 221 1926 1852 1979; baseline 0.001 -13"><span class='ocrx_word' id='word_1_92' title='bbox 221 1937 403 1967; x_wconf 90' lang='lat' dir='ltr'>summo</span> <span class='ocrx_word' id='word_1_93' title='bbox 426 1926 577 1966; x_wconf 88' lang='lat' dir='ltr'>studio</span> <span class='ocrx_word' id='word_1_94' title='bbox 599 1926 862 1966; x_wconf 87' lang='lat' dir='ltr'>Institutum</span> <span class='ocrx_word' id='word_1_95' title='bbox 882 1932 1095 1967; x_wconf 87' lang='lat' dir='ltr'>nostrum</span> <span class='ocrx_word' id='word_1_96' title='bbox 1112 1927 1419 1978; x_wconf 89' lang='lat' dir='ltr'>comprobant</span> <span class='ocrx_word' id='word_1_97' title='bbox 1438 1934 1482 1967; x_wconf 90' lang='lat' dir='ltr'>et</span> <span class='ocrx_word' id='word_1_98' title='bbox 1505 1929 1852 1979; x_wconf 85' lang='lat' dir='ltr'>amplexantur,</span> 
     </span>
     <span class='ocr_line' id='line_1_18' title="bbox 220 1996 1853 2050; baseline 0.001 -12"><span class='ocrx_word' id='word_1_99' title='bbox 220 2009 385 2038; x_wconf 89' lang='lat' dir='ltr'>eorum</span> <span class='ocrx_word' id='word_1_100' title='bbox 406 2004 562 2037; x_wconf 84' lang='lat' dir='ltr'>tamen</span> <span class='ocrx_word' id='word_1_101' title='bbox 583 1998 706 2037; x_wconf 93' lang='lat' dir='ltr'>bona</span> <span class='ocrx_word' id='word_1_102' title='bbox 722 1996 915 2048; x_wconf 86' lang='lat' dir='ltr'>indoles,</span> <span class='ocrx_word' id='word_1_103' title='bbox 939 1998 1149 2049; x_wconf 88' lang='lat' dir='ltr'>probitas</span> <span class='ocrx_word' id='word_1_104' title='bbox 1172 2010 1227 2038; x_wconf 90' lang='lat' dir='ltr'>ac</span> <span class='ocrx_word' id='word_1_105' title='bbox 1256 1998 1509 2049; x_wconf 84' lang='lat' dir='ltr'>modestia,</span> <span class='ocrx_word' id='word_1_106' title='bbox 1540 2011 1633 2039; x_wconf 90' lang='lat' dir='ltr'>non</span> <span class='ocrx_word' id='word_1_107' title='bbox 1654 1999 1853 2050; x_wconf 80' lang='lat' dir='ltr'>exiguos</span> 
     </span>
     <span class='ocr_line' id='line_1_19' title="bbox 221 2068 1858 2121; baseline 0.001 -12"><span class='ocrx_word' id='word_1_108' title='bbox 221 2069 499 2120; x_wconf 90' lang='lat' dir='ltr'>pollicentur</span> <span class='ocrx_word' id='word_1_109' title='bbox 519 2068 714 2119; x_wconf 87' lang='lat' dir='ltr'>fructus,</span> <span class='ocrx_word' id='word_1_110' title='bbox 736 2074 786 2108; x_wconf 86' lang='lat' dir='ltr'>vt</span> <span class='ocrx_word' id='word_1_111' title='bbox 808 2069 887 2120; x_wconf 89' lang='lat' dir='ltr'>qui</span> <span class='ocrx_word' id='word_1_112' title='bbox 907 2069 1016 2109; x_wconf 90' lang='lat' dir='ltr'>totis</span> <span class='ocrx_word' id='word_1_113' title='bbox 1038 2069 1218 2109; x_wconf 85' lang='lat' dir='ltr'>viribus</span> <span class='ocrx_word' id='word_1_114' title='bbox 1236 2069 1404 2120; x_wconf 79' lang='lat' dir='ltr'>dignos</span> <span class='ocrx_word' id='word_1_115' title='bbox 1426 2076 1469 2109; x_wconf 93' lang='lat' dir='ltr'>et</span> <span class='ocrx_word' id='word_1_116' title='bbox 1487 2081 1625 2121; x_wconf 88' lang='lat' dir='ltr'>pares</span> <span class='ocrx_word' id='word_1_117' title='bbox 1643 2081 1756 2110; x_wconf 88' lang='lat' dir='ltr'>suae</span> <span class='ocrx_word' id='word_1_118' title='bbox 1777 2082 1858 2110; x_wconf 85' lang='lat' dir='ltr'>vo-</span> 
     </span>
     <span class='ocr_line' id='line_1_20' title="bbox 220 2139 1857 2192; baseline 0.001 -12"><span class='ocrx_word' id='word_1_119' title='bbox 220 2140 421 2180; x_wconf 88' lang='lat' dir='ltr'>cationis</span> <span class='ocrx_word' id='word_1_120' title='bbox 437 2139 536 2180; x_wconf 90' lang='lat' dir='ltr'>fieri</span> <span class='ocrx_word' id='word_1_121' title='bbox 557 2139 857 2190; x_wconf 89' lang='lat' dir='ltr'>contendant,</span> <span class='ocrx_word' id='word_1_122' title='bbox 882 2152 985 2180; x_wconf 91' lang='lat' dir='ltr'>eam</span> <span class='ocrx_word' id='word_1_123' title='bbox 1006 2151 1225 2192; x_wconf 87' lang='lat' dir='ltr'>namque,</span> <span class='ocrx_word' id='word_1_124' title='bbox 1250 2152 1370 2191; x_wconf 89' lang='lat' dir='ltr'>quae</span> <span class='ocrx_word' id='word_1_125' title='bbox 1386 2141 1614 2181; x_wconf 82' lang='lat' dir='ltr'>virtutum</span> <span class='ocrx_word' id='word_1_126' title='bbox 1632 2142 1857 2192; x_wconf 87' lang='lat' dir='ltr'>omnium,</span> 
     </span>
     <span class='ocr_line' id='line_1_21' title="bbox 222 2211 1851 2262; baseline 0.001 -12"><span class='ocrx_word' id='word_1_127' title='bbox 222 2211 516 2262; x_wconf 88' lang='lat' dir='ltr'>potissimum</span> <span class='ocrx_word' id='word_1_128' title='bbox 538 2217 693 2250; x_wconf 85' lang='lat' dir='ltr'>autem</span> <span class='ocrx_word' id='word_1_129' title='bbox 713 2211 855 2250; x_wconf 90' lang='lat' dir='ltr'>totius</span> <span class='ocrx_word' id='word_1_130' title='bbox 877 2211 1132 2261; x_wconf 85' lang='lat' dir='ltr'>religionis,</span> <span class='ocrx_word' id='word_1_131' title='bbox 1162 2211 1517 2251; x_wconf 89' lang='lat' dir='ltr'>fundamentum</span> <span class='ocrx_word' id='word_1_132' title='bbox 1538 2218 1608 2252; x_wconf 91' lang='lat' dir='ltr'>est</span> <span class='ocrx_word' id='word_1_133' title='bbox 1631 2224 1687 2252; x_wconf 89' lang='lat' dir='ltr'>ac</span> <span class='ocrx_word' id='word_1_134' title='bbox 1708 2213 1851 2262; x_wconf 82' lang='lat' dir='ltr'>basis,</span> 
     </span>
     <span class='ocr_line' id='line_1_22' title="bbox 222 2282 1858 2335; baseline 0.001 -13"><span class='ocrx_word' id='word_1_135' title='bbox 222 2282 549 2331; x_wconf 84' lang='lat' dir='ltr'>obedientiam,</span> <span class='ocrx_word' id='word_1_136' title='bbox 567 2289 807 2332; x_wconf 84' lang='lat' dir='ltr'>tamquam</span> <span class='ocrx_word' id='word_1_137' title='bbox 819 2293 981 2322; x_wconf 89' lang='lat' dir='ltr'>veram</span> <span class='ocrx_word' id='word_1_138' title='bbox 999 2288 1197 2322; x_wconf 88' lang='lat' dir='ltr'>matrem</span> <span class='ocrx_word' id='word_1_139' title='bbox 1215 2283 1373 2322; x_wconf 88' lang='lat' dir='ltr'>colunt</span> <span class='ocrx_word' id='word_1_140' title='bbox 1386 2289 1431 2322; x_wconf 90' lang='lat' dir='ltr'>et</span> <span class='ocrx_word' id='word_1_141' title='bbox 1447 2290 1748 2334; x_wconf 78' lang='lat' dir='ltr'>venerantur,</span> <span class='ocrx_word' id='word_1_142' title='bbox 1764 2296 1858 2335; x_wconf 85' lang='lat' dir='ltr'>quo</span> 
     </span>
     <span class='ocr_line' id='line_1_23' title="bbox 224 2352 1854 2406; baseline 0.002 -14"><span class='ocrx_word' id='word_1_143' title='bbox 224 2352 272 2393; x_wconf 86' lang='lat' dir='ltr'>fit</span> <span class='ocrx_word' id='word_1_144' title='bbox 292 2359 344 2393; x_wconf 88' lang='lat' dir='ltr'>vt</span> <span class='ocrx_word' id='word_1_145' title='bbox 365 2353 412 2393; x_wconf 93' lang='lat' dir='ltr'>in</span> <span class='ocrx_word' id='word_1_146' title='bbox 433 2352 683 2393; x_wconf 85' lang='lat' dir='ltr'>virtutibus</span> <span class='ocrx_word' id='word_1_147' title='bbox 704 2358 748 2392; x_wconf 93' lang='lat' dir='ltr'>et</span> <span class='ocrx_word' id='word_1_148' title='bbox 765 2353 1027 2393; x_wconf 90' lang='lat' dir='ltr'>litterarum</span> <span class='ocrx_word' id='word_1_149' title='bbox 1045 2353 1198 2393; x_wconf 89' lang='lat' dir='ltr'>studio</span> <span class='ocrx_word' id='word_1_150' title='bbox 1217 2365 1402 2393; x_wconf 90' lang='lat' dir='ltr'>omnem</span> <span class='ocrx_word' id='word_1_151' title='bbox 1418 2365 1550 2405; x_wconf 90' lang='lat' dir='ltr'>spem</span> <span class='ocrx_word' id='word_1_152' title='bbox 1567 2355 1854 2406; x_wconf 86' lang='lat' dir='ltr'>expectatio-</span> 
     </span>
     <span class='ocr_line' id='line_1_24' title="bbox 221 2423 1856 2475; baseline 0.001 -11"><span class='ocrx_word' id='word_1_153' title='bbox 221 2435 421 2475; x_wconf 85' lang='lat' dir='ltr'>nemque</span> <span class='ocrx_word' id='word_1_154' title='bbox 442 2425 579 2474; x_wconf 83' lang='lat' dir='ltr'>longe</span> <span class='ocrx_word' id='word_1_155' title='bbox 601 2429 836 2474; x_wconf 88' lang='lat' dir='ltr'>superent,</span> <span class='ocrx_word' id='word_1_156' title='bbox 859 2435 1057 2475; x_wconf 89' lang='lat' dir='ltr'>quorum</span> <span class='ocrx_word' id='word_1_157' title='bbox 1079 2424 1219 2464; x_wconf 88' lang='lat' dir='ltr'>etiarn</span> <span class='ocrx_word' id='word_1_158' title='bbox 1240 2423 1437 2464; x_wconf 89' lang='lat' dir='ltr'>honesta</span> <span class='ocrx_word' id='word_1_159' title='bbox 1457 2425 1755 2465; x_wconf 90' lang='lat' dir='ltr'>conuersatio</span> <span class='ocrx_word' id='word_1_160' title='bbox 1779 2425 1856 2465; x_wconf 90' lang='lat' dir='ltr'>ad-</span> 
     </span>
     <span class='ocr_line' id='line_1_25' title="bbox 221 2495 1856 2546; baseline 0.001 -11"><span class='ocrx_word' id='word_1_161' title='bbox 221 2495 541 2535; x_wconf 89' lang='lat' dir='ltr'>uersariorum</span> <span class='ocrx_word' id='word_1_162' title='bbox 562 2500 829 2546; x_wconf 89' lang='lat' dir='ltr'>compescat</span> <span class='ocrx_word' id='word_1_163' title='bbox 851 2506 949 2546; x_wconf 89' lang='lat' dir='ltr'>ora,</span> <span class='ocrx_word' id='word_1_164' title='bbox 972 2507 999 2535; x_wconf 88' lang='lat' dir='ltr'>a</span> <span class='ocrx_word' id='word_1_165' title='bbox 1020 2495 1147 2535; x_wconf 85' lang='lat' dir='ltr'>vitiis</span> <span class='ocrx_word' id='word_1_166' title='bbox 1165 2495 1282 2535; x_wconf 89' lang='lat' dir='ltr'>alios</span> <span class='ocrx_word' id='word_1_167' title='bbox 1299 2495 1503 2536; x_wconf 90' lang='lat' dir='ltr'>deterret</span> <span class='ocrx_word' id='word_1_168' title='bbox 1520 2502 1564 2536; x_wconf 94' lang='lat' dir='ltr'>et</span> <span class='ocrx_word' id='word_1_169' title='bbox 1580 2496 1639 2537; x_wconf 90' lang='lat' dir='ltr'>ad</span> <span class='ocrx_word' id='word_1_170' title='bbox 1657 2497 1856 2537; x_wconf 87' lang='lat' dir='ltr'>meliora</span> 
     </span>
     <span class='ocr_line' id='line_1_26' title="bbox 221 2565 1858 2617; baseline 0.001 -11"><span class='ocrx_word' id='word_1_171' title='bbox 221 2566 409 2617; x_wconf 88' lang='lat' dir='ltr'>pellicit,</span> <span class='ocrx_word' id='word_1_172' title='bbox 435 2571 479 2605; x_wconf 93' lang='lat' dir='ltr'>et</span> <span class='ocrx_word' id='word_1_173' title='bbox 499 2565 713 2617; x_wconf 85' lang='lat' dir='ltr'>quamuis</span> <span class='ocrx_word' id='word_1_174' title='bbox 740 2566 965 2606; x_wconf 82' lang='lat' dir='ltr'>exteriori</span> <span class='ocrx_word' id='word_1_175' title='bbox 992 2567 1121 2606; x_wconf 90' lang='lat' dir='ltr'>cultu</span> <span class='ocrx_word' id='word_1_176' title='bbox 1151 2578 1177 2606; x_wconf 90' lang='lat' dir='ltr'>a</span> <span class='ocrx_word' id='word_1_177' title='bbox 1205 2567 1530 2607; x_wconf 91' lang='lat' dir='ltr'>saecularibus</span> <span class='ocrx_word' id='word_1_178' title='bbox 1561 2579 1654 2607; x_wconf 89' lang='lat' dir='ltr'>non</span> <span class='ocrx_word' id='word_1_179' title='bbox 1684 2568 1858 2608; x_wconf 88' lang='lat' dir='ltr'>discre-</span> 
     </span>
     <span class='ocr_line' id='line_1_27' title="bbox 219 2636 1858 2688; baseline 0.002 -12"><span class='ocrx_word' id='word_1_180' title='bbox 219 2643 347 2688; x_wconf 90' lang='lat' dir='ltr'>pent,</span> <span class='ocrx_word' id='word_1_181' title='bbox 372 2648 532 2677; x_wconf 87' lang='lat' dir='ltr'>eorum</span> <span class='ocrx_word' id='word_1_182' title='bbox 549 2642 705 2676; x_wconf 84' lang='lat' dir='ltr'>tamen</span> <span class='ocrx_word' id='word_1_183' title='bbox 721 2636 915 2676; x_wconf 86' lang='lat' dir='ltr'>interior</span> <span class='ocrx_word' id='word_1_184' title='bbox 933 2643 1127 2677; x_wconf 90' lang='lat' dir='ltr'>ornatus</span> <span class='ocrx_word' id='word_1_185' title='bbox 1145 2637 1272 2688; x_wconf 91' lang='lat' dir='ltr'>ipsos</span> <span class='ocrx_word' id='word_1_186' title='bbox 1290 2637 1428 2678; x_wconf 87' lang='lat' dir='ltr'>facile</span> <span class='ocrx_word' id='word_1_187' title='bbox 1450 2650 1476 2678; x_wconf 92' lang='lat' dir='ltr'>a</span> <span class='ocrx_word' id='word_1_188' title='bbox 1495 2639 1695 2679; x_wconf 88' lang='lat' dir='ltr'>caeteris</span> <span class='ocrx_word' id='word_1_189' title='bbox 1714 2639 1858 2679; x_wconf 92' lang='lat' dir='ltr'>omni-</span> 
     </span>
     <span class='ocr_line' id='line_1_28' title="bbox 218 2707 1859 2761; baseline 0.002 -14"><span class='ocrx_word' id='word_1_190' title='bbox 218 2707 305 2748; x_wconf 91' lang='lat' dir='ltr'>bus</span> <span class='ocrx_word' id='word_1_191' title='bbox 326 2707 561 2748; x_wconf 85' lang='lat' dir='ltr'>discernit.</span> <span class='ocrx_word' id='word_1_192' title='bbox 586 2707 654 2747; x_wconf 89' lang='lat' dir='ltr'>Ita</span> <span class='ocrx_word' id='word_1_193' title='bbox 676 2707 798 2748; x_wconf 90' lang='lat' dir='ltr'>enim</span> <span class='ocrx_word' id='word_1_194' title='bbox 818 2708 864 2748; x_wconf 92' lang='lat' dir='ltr'>in</span> <span class='ocrx_word' id='word_1_195' title='bbox 886 2708 953 2748; x_wconf 93' lang='lat' dir='ltr'>eis</span> <span class='ocrx_word' id='word_1_196' title='bbox 973 2708 1132 2748; x_wconf 87' lang='lat' dir='ltr'>diuina</span> <span class='ocrx_word' id='word_1_197' title='bbox 1154 2710 1330 2749; x_wconf 87' lang='lat' dir='ltr'>relucet</span> <span class='ocrx_word' id='word_1_198' title='bbox 1350 2709 1523 2761; x_wconf 84' lang='lat' dir='ltr'>gratia,</span> <span class='ocrx_word' id='word_1_199' title='bbox 1547 2716 1598 2750; x_wconf 90' lang='lat' dir='ltr'>vt</span> <span class='ocrx_word' id='word_1_200' title='bbox 1620 2711 1859 2751; x_wconf 88' lang='lat' dir='ltr'>neminem</span> 
     </span>
     <span class='ocr_line' id='line_1_29' title="bbox 218 2779 1364 2830; baseline 0.002 -11"><span class='ocrx_word' id='word_1_201' title='bbox 218 2779 366 2819; x_wconf 91' lang='lat' dir='ltr'>latere</span> <span class='ocrx_word' id='word_1_202' title='bbox 387 2779 534 2830; x_wconf 90' lang='lat' dir='ltr'>possit</span> <span class='ocrx_word' id='word_1_203' title='bbox 557 2791 581 2818; x_wconf 83' lang='lat' dir='ltr'>a</span> <span class='ocrx_word' id='word_1_204' title='bbox 605 2790 693 2829; x_wconf 91' lang='lat' dir='ltr'>quo</span> <span class='ocrx_word' id='word_1_205' title='bbox 715 2785 1021 2830; x_wconf 88' lang='lat' dir='ltr'>praeceptore</span> <span class='ocrx_word' id='word_1_206' title='bbox 1041 2779 1364 2821; x_wconf 86' lang='lat' dir='ltr'>instituantur.</span> 
     </span>
    </p>
   </div>
   <div class='ocr_carea' id='block_1_6' title="bbox 274 2939 1857 2978">
    <p class='ocr_par' dir='ltr' id='par_1_7' title="bbox 274 2939 1857 2978">
     <span class='ocr_line' id='line_1_30' title="bbox 274 2939 1857 2978; baseline 0.002 -11"><span class='ocrx_word' id='word_1_207' title='bbox 274 2940 284 2959; x_wconf 87' lang='lat'>¹</span> <span class='ocrx_word' id='word_1_208' title='bbox 326 2939 585 2974; x_wconf 86' lang='lat' dir='ltr'>Autographae,</span> <span class='ocrx_word' id='word_1_209' title='bbox 603 2941 645 2967; x_wconf 87' lang='lat' dir='ltr'>ab</span> <span class='ocrx_word' id='word_1_210' title='bbox 660 2939 731 2974; x_wconf 85' lang='lat' dir='ltr'>ipso</span> <span class='ocrx_word' id='word_1_211' title='bbox 746 2939 888 2967; x_wconf 88' lang='lat' dir='ltr'>Nicolao</span> <span class='ocrx_word' id='word_1_212' title='bbox 903 2939 1066 2968; x_wconf 83' lang='lat' dir='ltr'>Bellefille</span> <span class='ocrx_word' id='word_1_213' title='bbox 1079 2945 1257 2975; x_wconf 83' lang='lat' dir='ltr'>exaratae,</span> <span class='ocrx_word' id='word_1_214' title='bbox 1270 2940 1398 2976; x_wconf 81' lang='lat' dir='ltr'>duplici</span> <span class='ocrx_word' id='word_1_215' title='bbox 1414 2941 1506 2976; x_wconf 86' lang='lat' dir='ltr'>folio,</span> <span class='ocrx_word' id='word_1_216' title='bbox 1520 2950 1551 2970; x_wconf 89' lang='lat' dir='ltr'>n.</span> <span class='ocrx_word' id='word_1_217' title='bbox 1564 2942 1616 2969; x_wconf 82' lang='lat'>319</span> <span class='ocrx_word' id='word_1_218' title='bbox 1631 2941 1682 2970; x_wconf 80' lang='lat' dir='ltr'>bis</span> <span class='ocrx_word' id='word_1_219' title='bbox 1694 2943 1857 2978; x_wconf 77' lang='lat' dir='ltr'>repetito.</span> 
     </span>
    </p>
   </div>
  </div>
 </body>
</html>
