2047 3179
858 141 942 178 ΑΝ.
972 140 1064 178 1555
1701 140 1772 179 483

839 545 1078 600 ΟΟΟΧΟ

217 757 481 794 Franciscus
502 756 765 804 Stephanus,

263 820 332 858 Ex
350 821 671 858 commissione
694 821 836 858 Patris
855 820 1087 857 Annibalis
1109 831 1134 856 a
1153 818 1394 862 Condreto,

314 887 433 924 Patri
451 887 621 934 Ignatio
641 886 694 924 de
714 887 900 934 Loyola.

360 952 579 998 Messana,
603 952 647 989 18
667 952 768 999 Maji
790 951 881 989 1555
900 951 927 986 ¹.

229 1231 328 1271 Pax
349 1231 536 1281 Christi,
561 1238 650 1271 etc.

229 1301 296 1342 Ne
318 1302 541 1353 epistolae
562 1303 752 1342 modum
774 1308 817 1342 et
838 1302 1136 1342 Paternitatis
1152 1302 1281 1343 Tuae
1299 1303 1451 1353 legem
1470 1302 1778 1351 (obseruande

149 1374 197 1413 in
216 1372 401 1413 Christo
419 1373 571 1423 Pater)
587 1374 977 1424 praetergrediar,
999 1373 1183 1413 omissis
1199 1373 1256 1413 iis
1274 1374 1503 1424 omnibus,
1519 1385 1637 1425 quae
1654 1386 1712 1413 ex
1729 1373 1777 1412 li-

149 1444 261 1483 teris
282 1444 454 1484 nostris
475 1444 522 1484 P.
547 1444 598 1484 T.
623 1445 715 1484 iam
737 1445 976 1494 intellexit,
1001 1456 1056 1484 ea
1078 1444 1324 1484 dumtaxat
1351 1444 1427 1484 hic
1455 1444 1660 1484 breuiter
1689 1445 1777 1484 col-

152 1515 309 1566 ligam,
334 1527 452 1566 quae
475 1522 518 1555 et
540 1527 661 1555 noua
684 1522 791 1555 sunt
812 1521 856 1555 et
875 1516 1077 1567 potiora.

231 1585 377 1625 Porro
400 1586 583 1636 collegii
605 1586 752 1625 nostri
774 1586 837 1636 (ut
858 1586 966 1626 hinc
994 1586 1228 1636 exordiar)
1258 1592 1387 1626 tanta
1415 1592 1483 1626 est
1504 1598 1627 1626 nunc
1655 1586 1778 1637 apud

154 1656 271 1696 alios
293 1655 417 1696 fama
432 1663 570 1708 atque
588 1656 858 1706 auctoritas,
878 1664 1050 1708 quanta
1068 1657 1152 1697 fuit
1168 1669 1387 1709 unquam.
1407 1657 1639 1698 Mirantur
1656 1658 1779 1698 enim

153 1738 314 1767 omnes
349 1727 539 1767 Patrum
575 1740 630 1767 ac
658 1727 877 1767 Fratrum
907 1728 1305 1779 copulatissimam
1328 1729 1606 1768 charitatem
1633 1734 1678 1768 et
1708 1740 1779 1768 ar-

153 1798 408 1838 ctissimam
430 1798 819 1848 coniunctionem3
844 1800 1164 1839 confessorum
1185 1799 1457 1850 patientiam
1478 1806 1521 1839 et
1539 1799 1780 1839 ardentem

152 1872 199 1910 in
220 1871 510 1921 poenitentes
531 1870 773 1910 charitatis
795 1871 942 1910 zelum
972 1871 1178 1920 laudant;
1210 1871 1527 1921 professorum
1555 1872 1602 1910 in
1628 1870 1779 1911 adole-

153 1948 362 1981 scentum
387 1941 569 1990 animis,
595 1948 692 1980 tum
712 1941 872 1991 literis,
898 1948 994 1981 tum
1016 1942 1155 1981 etiam
1177 1942 1336 1993 probis
1366 1942 1665 1993 honestisque
1686 1954 1778 1982 mo-

151 2012 279 2052 ribus
301 2011 624 2061 informandis,
649 2012 922 2062 peruigilem
945 2023 1108 2052 curam
1127 2012 1416 2063 praedicant.
1436 2011 1614 2062 Quibus
1631 2023 1689 2052 ex
1711 2025 1778 2053 re-

153 2083 238 2122 bus
258 2083 433 2123 factum
454 2090 536 2131 est,
563 2090 608 2122 ut
630 2090 759 2122 tanta
782 2083 839 2122 sit
862 2083 916 2123 de
937 2084 1125 2133 nostris,
1150 2095 1243 2123 non
1265 2083 1389 2134 apud
1418 2083 1652 2123 inferioris
1674 2095 1777 2124 con-

153 2155 341 2195 ditionis
363 2153 573 2193 homines
594 2154 746 2204 modo,
771 2154 851 2193 sed
880 2154 1002 2205 apud
1034 2155 1212 2194 nobiles
1242 2155 1382 2194 etiarn
1412 2166 1467 2194 ac
1494 2155 1631 2194 huius
1651 2155 1780 2195 urbis

152 2226 387 2277 principes
410 2225 552 2274 viros,
576 2225 873 2274 existimatio,
896 2233 946 2264 vt
968 2224 1101 2265 ΚΛΜ*
1122 2225 1179 2265 D.
1203 2225 1464 2276 Episcopus
1485 2224 1726 2266 Pactensis
1749 2225 1778 2277 ²,

153 2297 201 2336 in
222 2297 310 2336 hoc
332 2307 479 2346 regno
508 2296 771 2335 haereticae
803 2296 1049 2346 prauitatis
1084 2296 1330 2347 inquisitor
1354 2295 1418 2346 (ut
1449 2296 1565 2336 alios
1596 2296 1783 2336 interim

154 2366 557 2419 praetermittam),
582 2372 847 2406 nostrorum
866 2367 1059 2407 libenter
1075 2375 1232 2406 utatur
1249 2378 1407 2418 opera.
1427 2365 1477 2407 Si
1494 2367 1616 2407 enirn
1639 2368 1782 2419 aliqui

156 2440 247 2479 sint
268 2436 532 2488 castigandi
553 2437 674 2485 libri,
699 2438 738 2478 si
759 2449 877 2489 quae
898 2437 1231 2489 expendendae
1260 2437 1584 2478 conclusiones
1615 2438 1679 2488 (ut
1705 2450 1783 2479 uo-

213 2573 220 2593 1
261 2572 394 2606 Duplex
415 2576 466 2598 est
487 2572 689 2605 exemplum,
710 2576 891 2606 utrumque
911 2572 1176 2606 autographum;
1200 2572 1344 2606 primurn
1368 2572 1400 2600 in
1415 2573 1504 2600 foliis
1527 2581 1582 2600 nn.
1602 2573 1654 2600 215
1675 2577 1709 2601 et
1721 2574 1784 2608 218,

155 2622 302 2648 alterum
318 2620 350 2646 in
371 2619 460 2646 foliis
475 2626 528 2645 nn.
545 2619 598 2645 216
612 2624 645 2645 et
661 2619 722 2652 2173
746 2619 834 2646 inter
855 2627 940 2653 quae
963 2619 1024 2646 hoc
1048 2619 1229 2653 praecipue
1254 2619 1435 2647 intercedit
1460 2620 1674 2655 discriminis,
1697 2621 1785 2656 quod

154 2669 299 2703 primum
319 2671 429 2694 totum
450 2671 501 2693 est
524 2674 626 2694 manu
651 2666 828 2701 Stephani,
850 2667 885 2694 in
906 2668 1015 2695 altero
1041 2673 1122 2694 vero
1144 2668 1217 2694 sola
1239 2668 1446 2702 subscriptio
1461 2676 1481 2696 a
1504 2669 1620 2696 verbis
1635 2676 1678 2696 ex
1692 2676 1785 2696 com-

157 2716 342 2743 missione.

208 2765 221 2783 Ξ
260 2762 544 2789 Bartholomaeus
556 2761 736 2788 Sebastian
750 2761 788 2788 de
804 2761 953 2795 Aragon,
966 2760 1152 2796 Episcopus
1164 2762 1320 2790 civitatis
1333 2762 1438 2796 Patti,
1452 2763 1582 2790 Pactae
1593 2764 1785 2799 (1549-1568),

156 2809 414 2838 GAMs—“Patti
430 2809 598 2844 (Pacten.)
616 2808 707 2836 Citta
723 2816 783 2835 con
798 2809 974 2836 residenza
1000 2809 1170 2837 vescovile
1186 2809 1219 2836 in
1238 2809 1355 2837 Sicilia
1377 2811 1468 2838 nella
1495 2811 1673 2845 provinzia
1696 2813 1787 2848 della

157 2858 259 2885 Valle
275 2857 403 2884 minore
419 2857 449 2883 di
467 2856 646 2884 Messina...
663 2857 716 2883 nel
731 2856 798 2883 15-19
810 2856 1026 2884 Bartolomeo
1038 2856 1069 2883 II
1084 2856 1281 2884 Sebastmni
1294 2864 1494 2891 aragonese,
1508 2858 1569 2885 che
1587 2859 1786 2887 intervenne

158 2906 190 2932 al
203 2904 345 2931 concilio
356 2904 388 2931 di
399 2904 537 2934 Trento.
548 2903 776 2939 personaggio
788 2905 920 2931 illustre
932 2904 994 2931 che
1006 2906 1164 2932 restauro
1176 2904 1197 2931 l'
1208 2905 1407 2939 cpiscopi0„.
1421 2905 1564 2939 Moaom,
1580 2905 1788 2935 Dizionario

159 2953 198 2980 di
211 2952 418 2980 erudis-ione
434 2949 669 2979 eclesiastica.
