2047 3179
203 123 272 160 104
711 123 940 163 L11TERAE
967 133 1329 169 QUADmMESTREs

197 221 264 262 ris
286 221 556 263 nauandam
575 222 794 273 contulit,
819 221 899 263 vbi
924 227 1023 263 toto
1053 222 1276 264 continuo
1296 232 1446 272 anno,
1475 231 1659 272 semper
1679 220 1849 271 semel„

199 294 271 334 bis
294 293 435 335 etiam
456 305 816 346 nonnunquam,
840 293 1038 345 singulis
1058 292 1365 335 hebdomadis
1384 292 1511 344 apud
1536 303 1623 333 nos
1643 297 1850 344 peccata.

199 365 451 418 confitens,
475 365 745 419 frequenter
764 365 907 407 etiam
928 366 1298 416 communicans,
1319 376 1379 405 ac
1404 375 1492 404 nos
1514 374 1676 404 omnes
1703 362 1750 403 in
1771 374 1840 403 re-

202 438 342 489 liquis
363 438 501 479 valde
525 437 801 488 aedificans,
825 442 957 479 tanto
979 448 1085 479 cum
1104 437 1291 478 feruore
1311 442 1361 478 ut
1381 434 1671 487 reciperetur
1686 441 1852 486 postu*

203 509 343 561 lauit,
368 516 417 551 ut
437 510 628 550 tandem
649 509 884 550 admissus
904 509 978 550 sit.

286 580 420 622 Multi
440 587 686 633 praeterea
715 585 837 631 sunt,
867 580 946 632 qui
972 580 1094 621 intra
1122 579 1405 622 Societatem
1437 576 1583 629 recipi
1598 576 1851 618 vehemen-

204 660 275 695 ter
293 659 478 706 optant,
501 658 546 693 et
567 652 678 693 hinc
699 652 760 692 ad
783 651 973 693 Patrem
991 651 1337 694 prouincialem
1357 648 1564 701 ejusdem
1593 649 1663 691 rei
1687 647 1855 700 gratias

210 725 590 778 proficiscuntur.
627 724 725 766 Nec
748 724 938 766 omnino
961 724 1121 765 dubito
1147 723 1273 776 quin,
1297 722 1336 762 si
1364 720 1555 762 liberior
1582 725 1766 772 pateret
1786 718 1857 760 ad&

208 803 422 838 nostram
444 795 729 837 Societatem
748 796 924 847 aditus,
949 797 1094 837 multo
1116 796 1274 847 plures
1294 793 1416 844 sore,
1449 792 1528 844 qui
1548 791 1847 844 ingrederen-

207 874 297 910 tur.
328 868 508 910 Verum
529 874 625 909 tam
646 868 692 908 in
714 867 803 908 hoc
839 878 978 920 quam
1000 867 1047 907 in
1080 866 1273 919 reliquis
1300 864 1539 914 omnibus,
1568 875 1596 904 a
1625 862 1847 904 constitu·

208 940 414 981 tionibus
444 940 582 981 nobis
615 939 923 992 praestitutus
954 938 1069 980 ordo
1105 942 1337 978 seruatur.
1376 935 1479 987 Qua
1512 945 1608 976 vna
1637 945 1688 974 re
1718 938 1859 974 certo-

207 1011 309 1053 fore
330 1011 608 1053 confidimus
627 1017 677 1052 ut
697 1011 917 1051 minimus
936 1010 1013 1051 hic
1033 1009 1205 1052 Christi
1220 1019 1341 1060 grex
1360 1018 1455 1048 non
1481 1006 1633 1047 solum
1662 1015 1847 1046 conser-

210 1089 362 1134 uetur,
376 1095 543 1125 verum
568 1086 634 1133 <et
653 1083 700 1123 id
721 1081 845 1135 quod
866 1082 1016 1122 solum
1037 1093 1202 1122 omnes
1218 1077 1519 1131 exoptamus)
1543 1077 1603 1118 ad
1622 1074 1861 1127 majorem*

211 1155 373 1197 Diuini
410 1155 613 1196 nominis
646 1153 834 1195 laudem
863 1153 1018 1205 aptior
1051 1153 1098 1193 in
1134 1151 1234 1192 dies
1268 1150 1509 1192 efficiatur.
1542 1147 1720 1199 Quibus
1754 1153 1853 1186 tam

211 1227 389 1268 sanctis
425 1225 671 1267 desideriis
706 1236 956 1266 successus
990 1224 1166 1265 similes
1200 1222 1365 1273 largiri
1399 1221 1620 1273 dignetur
1654 1219 1862 1259 clemen*

211 1299 422 1340 tissimus
449 1298 696 1339 Dominus.
726 1297 895 1339 Amen.

293 1371 366 1412 Ex
387 1369 703 1420 Conimbrica,
727 1368 877 1421 pridie
893 1367 998 1409 Kal.
1022 1365 1310 1419 Septembris
1330 1375 1455 1405 anno
1480 1363 1597 1404 1554.

292 1442 365 1483 Ex
385 1440 717 1482 commissione
738 1439 792 1481 R.
816 1438 867 1479 P.
889 1438 1063 1481 Leonis
1084 1438 1306 1488 indignus
1336 1434 1456 1476 filius
1479 1433 1527 1475 P.
1551 1433 1622 1485 T.,

1058 1580 1348 1621 FRANCIscus
1377 1578 1637 1624 ANRIQUEZ.
