2047 3179
862 153 945 190 AN.
975 153 1066 191 1555
1713 155 1784 192 603

151 259 377 299 magnum
405 250 464 289 sit
497 251 744 300 negocium
781 249 956 289 nostris
992 249 1208 289 Patribus
1244 251 1458 290 omnibus
1493 250 1781 291 satisfacere.

151 317 397 369 Aliquibus
420 320 465 359 in
489 328 697 371 egestate
718 320 984 374 constitutis
1008 320 1286 360 subuentum
1308 328 1393 360 est:
1416 321 1597 360 mulieri
1619 332 1780 372 pecca-

152 390 259 429 trici
283 390 342 430 ad
362 390 614 431 Dominum
636 402 919 439 conuersae,
950 402 1095 442 seque
1122 391 1424 431 matrimonio
1454 391 1677 441 colligare
1706 404 1781 432 uo-

155 461 279 511 lenti,
318 460 401 501 dos
437 468 506 501 est
538 467 828 513 comparata.
866 461 950 501 His
981 461 1212 512 proximis
1239 462 1403 501 diebus
1433 461 1571 501 Pater
1593 462 1782 513 quidam

152 541 254 570 cum
278 530 422 571 fratre
445 532 503 571 ad
524 533 720 583 populos
741 532 922 572 uicinos
945 532 1119 572 missus
1140 538 1223 582 est,
1249 533 1328 583 qui
1347 544 1451 572 cum
1475 532 1534 572 ad
1562 533 1783 583 oppidum

154 602 460 652 peruenisset,
486 602 548 642 ita
576 603 808 654 persuasit
836 602 1051 642 omnibus
1082 602 1440 653 confessionem,
1473 608 1522 642 ut
1553 603 1651 642 sola
1680 615 1784 643 con-

153 670 458 712 fessariorum
483 673 640 723 inopia
660 672 835 713 factum
857 673 1010 723 fuerit,
1034 684 1091 712 ne
1114 684 1276 713 omnes
1297 679 1496 724 peccata
1513 672 1784 713 confiteren-

153 749 240 781 tur:
267 742 530 782 doctrinam
553 744 858 783 christianam
887 743 1022 783 ambo
1057 744 1335 793 docuerunt,
1367 750 1526 795 atque,
1559 744 1638 795 qui
1668 755 1784 796 opus

151 811 272 852 istud
293 812 338 851 in
362 812 499 853 finem
523 825 667 865 usque
689 814 954 864 deduceret,
980 820 1258 854 statuerunt:
1290 825 1430 865 quarn
1459 820 1615 854 autem
1642 825 1784 865 aegre

153 883 343 922 tulerint
367 884 589 934 oppidani
612 896 772 924 eorum
792 885 1066 933 discessum,
1096 885 1178 924 vix
1208 884 1336 924 credi
1364 890 1531 936 potest,
1561 896 1784 936 magnam

157 953 286 1003 prius
302 953 576 994 adhibentes
594 955 899 1006 diligentiam,
919 962 967 995 ut
984 967 1146 995 eorum
1162 954 1390 1007 profectio
1408 955 1455 995 in
1472 955 1653 1007 aliquos
1667 956 1784 996 alios

150 1023 248 1064 dies
266 1023 468 1075 (quando
491 1036 674 1065 menses
696 1038 789 1066 non
811 1026 1024 1076 dabatur)
1045 1026 1414 1078 protraheretur;
1433 1038 1537 1066 cum
1556 1038 1669 1067 vero
1691 1027 1784 1067 iam

149 1094 320 1134 diutius
342 1107 433 1134 non
455 1103 647 1146 possent
684 1108 764 1136 eos
799 1108 958 1137 secum
988 1097 1210 1147 detinere,
1243 1108 1415 1148 magna
1445 1098 1784 1149 praeclaraque

149 1165 270 1206 dona
287 1165 376 1205 illis
394 1165 666 1214 offerebant,
687 1178 885 1218 cumque
901 1168 1015 1208 nihil
1032 1169 1203 1208 uellent
1221 1168 1450 1219 accipere,
1470 1169 1614 1208 multo
1632 1169 1784 1219 magis

149 1242 254 1276 sunt
274 1248 354 1277 eos
376 1237 606 1276 admirati.

226 1307 510 1347 Persuasum
532 1315 600 1347 est
623 1320 648 1347 a
672 1309 874 1359 quodam
896 1309 1040 1349 fratre
1063 1318 1222 1350 nostro
1245 1310 1483 1359 omnibus,
1507 1310 1586 1361 qui
1616 1310 1661 1350 in
1690 1310 1780 1350 hoc

148 1379 320 1430 oppido
343 1385 466 1428 sunt,
491 1387 540 1419 ut
562 1380 666 1419 libri
690 1391 866 1430 omnes,
891 1381 969 1432 qui
999 1382 1073 1421 uel
1100 1381 1346 1421 inhonesta
1377 1383 1451 1421 uel
1478 1381 1675 1432 profana
1704 1381 1779 1421 do-

153 1456 334 1500 cerent,
359 1450 768 1501 comburerentur,
794 1457 837 1491 et
859 1463 1022 1492 eorum
1049 1453 1152 1492 loco
1180 1452 1283 1492 libri
1311 1452 1517 1502 honesti,
1554 1453 1631 1504 qui
1661 1452 1779 1492 chri-

153 1520 354 1560 stianam
376 1519 598 1571 pietatem
625 1522 912 1572 redolerent,
945 1523 1287 1563 euoluerentur.
1321 1522 1482 1574 Itaque
1513 1524 1643 1563 multi
1676 1531 1783 1564 sunt

152 1591 199 1631 id
219 1602 369 1642 genus
389 1591 495 1631 libri
517 1592 563 1632 in
584 1598 794 1633 nostram
812 1593 1001 1633 domum
1018 1594 1162 1634 allati:
1181 1594 1249 1634 eis
1265 1600 1435 1645 autem,
1456 1594 1534 1646 qui
1550 1595 1684 1634 nobis
1702 1606 1782 1634 eos

152 1661 422 1713 afferebant,
454 1663 518 1714 pii
549 1663 804 1712 dabantur,
835 1676 924 1715 quo
956 1664 1138 1704 iactura
1164 1676 1356 1705 suorum
1380 1664 1606 1705 librorum
1635 1665 1691 1716 (si
1718 1666 1781 1705 lu-

151 1745 282 1773 crum
303 1734 459 1785 potius
487 1745 579 1773 non
612 1741 680 1774 est
707 1735 1059 1785 nominandum)
1089 1742 1493 1787 compensaretur:
1524 1737 1781 1776 constituta

152 1805 351 1856 denique
372 1804 459 1856 die,
495 1817 655 1845 omnes
685 1806 779 1857 (qui
808 1807 1105 1858 complurimi
1133 1807 1282 1857 erant)
1314 1814 1422 1848 sunt
1448 1808 1631 1859 publice
1659 1819 1782 1847 com·

148 1875 284 1915 busti.

230 1945 389 1998 Aliqui
411 1947 591 1987 externi
613 1947 837 1987 exercitia
860 1947 1122 1998 spiritualia
1138 1947 1364 1995 fecerunt;
1383 1960 1442 1988 ex
1460 1950 1632 1989 nostris
1650 1961 1778 1999 uero,

153 2028 315 2056 omnes
336 2017 383 2057 in
404 2018 643 2058 literarum
662 2018 827 2058 studiis
844 2019 1038 2069 aliisque
1058 2019 1206 2058 solitis
1223 2019 1638 2062 exercitationibus
1655 2022 1780 2061 uelut

147 2088 379 2127 hactenus
399 2096 722 2140 perseuerant:
746 2089 861 2129 mira
885 2089 931 2128 in
953 2089 1021 2129 eis
1042 2090 1251 2140 profecto
1273 2090 1539 2141 resplendet
1568 2091 1781 2132 obedien·

148 2159 227 2209 tia,
251 2158 564 2210 mortificatio,
594 2159 989 2211 perfectionisque
1020 2160 1324 2201 desiderium:
1355 2162 1508 2212 magis
1538 2168 1696 2202 tamen
1726 2175 1781 2203 ac

146 2229 298 2280 magis
319 2241 482 2270 eorum
503 2231 647 2270 animi
668 2231 854 2270 fuerunt
876 2231 1082 2271 aduentu
1105 2231 1153 2271 Ρ.
1178 2231 1359 2272 Natalis
1376 2233 1578 2284 accensi,
1598 2244 1780 2274 summa

151 2311 256 2340 cum
293 2301 535 2352 diligentia
571 2303 760 2352 regulas
795 2308 839 2342 et
873 2303 1230 2343 constitutiones
1263 2314 1425 2343 omnes
1459 2303 1779 2345 obseruantes.

149 2370 287 2411 Faxit
307 2370 438 2412 Deus
458 2378 508 2412 ut
529 2373 628 2413 eius
651 2372 996 2412 sanctissimam
1018 2374 1306 2414 uoluntatem
1327 2385 1474 2426 usque
1496 2375 1555 2415 ad
1582 2382 1781 2416 mortem

151 2453 452 2494 exequamur,
477 2444 599 2495 quod
620 2450 683 2494 tu,
707 2443 760 2484 R.
784 2443 938 2493 Pater,
963 2444 1020 2484 ab
1042 2444 1205 2485 eodem
1226 2446 1500 2495 postulabis.

227 2511 455 2565 Gandiae,
480 2513 699 2555 Calendis
719 2513 1007 2566 Septembris
1034 2515 1135 2555 1555
1161 2515 1186 2553 ¹.

223 2583 277 2624 R.
303 2583 350 2624 Ρ.
375 2584 503 2625 Tuae
525 2596 692 2625 seruus
714 2585 761 2625 in
782 2584 1002 2636 Domino,

1008 2727 1247 2769 ANTonius
1279 2730 1547 2771 CORDEsssss

204 2958 210 2975 ¹
256 2957 350 2984 Haec
365 2958 473 2985 verba
486 2965 506 2984 a
522 2964 605 2985 voce
622 2957 783 2985 Gaudiae
799 2958 903 2985 tertia
919 2959 1086 2992 quaedam
1102 2967 1221 2987 manus
1237 2961 1375 2996 adjecit.
