2047 3179
914 156 997 193 AN.
1030 156 1120 192 1554
1766 156 1833 192 147

190 253 276 292 iar'
302 253 501 304 collegii:
524 257 635 305 pero
665 256 775 293 sara
804 258 927 292 stato
955 253 1224 292 necessario
1249 251 1333 291 che
1355 251 1400 291 S.
1434 250 1484 290 R.
1509 251 1572 291 iui
1595 251 1734 291 habbi
1767 253 1829 291 al-

192 329 366 374 quanto
387 323 633 364 dimorato:
652 325 753 375 pur'
778 323 823 363 di
843 323 1011 373 giorno
1033 323 1079 362 in
1100 323 1267 373 giorno
1289 324 1325 362 s’
1350 327 1545 373 espetta.

272 393 407 434 Altro
429 406 512 446 per
531 395 562 434 il
583 400 797 446 presente
818 405 912 434 non
934 395 992 433 m’
1020 405 1229 433 occorre.
1254 392 1313 433 V.
1338 392 1391 432 R.
1416 392 1465 432 P.
1490 392 1592 443 pell'
1616 395 1762 432 amor‘
1788 393 1830 432 d’

194 465 322 505 Iddio
343 465 527 516 prieghi
542 466 586 505 la
603 465 760 506 diuina
778 468 991 515 magesta
1010 465 1095 504 che
1117 476 1166 504 se
1188 464 1329 514 degni
1349 463 1485 503 far’ci
1507 463 1632 503 serui
1657 463 1727 503 soi
1754 464 1832 514 piu

192 535 403 587 diligenti
423 536 508 576 che
525 536 587 576 fin
608 547 697 588 qua
719 547 812 576 non
833 535 981 575 siamo
1006 535 1115 575 stati
1139 547 1165 575 a
1187 535 1339 585 gloria
1362 540 1406 574 et
1423 534 1600 574 honore
1623 545 1721 574 suo.

274 606 333 646 Di
354 606 574 655 Messina‚
601 607 648 646 13
665 606 709 647 di
726 605 984 647 Settembre
1006 606 1121 645 1554.

515 676 572 717 D.
596 677 654 717 V.
681 676 731 717 R.
756 676 804 717 P.
829 676 974 717 Seruo
996 677 1156 717 inutile
1179 677 1225 717 in
1247 676 1437 717 Christo
1457 676 1585 729 Jesu,

1102 818 1351 858 ANNIBALE
1383 818 1617 859 CODRETO.

279 1032 632 1084 Superscrz'ptzb
650 1032 699 1072 in
721 1035 894 1083 quarta
905 1031 1113 1082 pagina:
1134 1031 1194 1072 Al
1214 1033 1356 1072 molto
1378 1031 1479 1072 R.d0
1509 1032 1555 1071 in
1577 1031 1614 1072 C
1622 1035 1669 1069 .ῖο
1686 1031 1837 1072 Padre

198 1106 228 1145 il
247 1104 293 1144 P.
318 1104 524 1144 Maestro
546 1103 727 1154 Ignatio
749 1102 805 1143 de
827 1103 1021 1153 Loyola,
1045 1102 1288 1154 Preposito
1309 1104 1530 1154 generale
1561 1103 1681 1143 della
1703 1103 1835 1144 Com-

199 1175 375 1227 pagnia
397 1175 444 1214 di
467 1174 625 1224 Giesu‚
650 1175 696 1214 in
720 1173 881 1214 Roma.

280 1246 391 1286 Alia
408 1257 566 1285 nmmt.
588 1245 806 1286 Messina.
824 1244 1002 1285 54.—13
1018 1245 1063 1284 di
1083 1245 1187 1283 7.er

352 1600 636 1628 Praecedentium
652 1600 767 1628 Patris
785 1600 962 1628 Annibalis
978 1608 998 1628 a
1013 1600 1185 1628 Coudreto
1199 1600 1394 1627 litterarum
1411 1600 1520 1627 latina
1536 1599 1650 1627 versio
1666 1600 1690 1627 ¹.

699 1653 901 1688 Exemplum
916 1655 1061 1688 primum
1076 1654 1341 1688 autographum.

974 1779 1073 1856 iffis

286 1957 450 1997 Gratia
486 1957 677 1997 Domini
711 1958 861 1997 nostri
886 1958 997 2011 Jesu
1025 1958 1199 1998 Christi
1227 1959 1286 1998 sit
1321 1970 1426 1998 cum
1462 1959 1628 2010 spiritu
1662 1967 1837 2001 nostro.

205 2028 375 2068 Amen.

285 2098 529 2139 Profectus
550 2099 823 2150 spiritualis,
847 2098 985 2140 Pater
1006 2100 1179 2152 optime
1210 2101 1257 2140 in
1285 2099 1471 2140 Christo
1492 2100 1618 2153 Jesu,
1642 2108 1844 2153 quatuor

205 2172 277 2210 his
297 2170 535 2210 mensibus
556 2170 646 2210 hac
669 2170 716 2209 in
736 2170 851 2210 urbe
873 2171 1127 2222 quaesitus,
1152 2171 1239 2210 etsi
1260 2183 1347 2211 non
1373 2177 1442 2211 est
1465 2172 1654 2212 omnino
1672 2174 1839 2221 nullus,

204 2249 361 2282 tamen
394 2253 488 2281 non
518 2247 677 2281 tantus
713 2247 798 2291 est,
835 2247 886 2282 ut
917 2253 1142 2292 magnum
1168 2241 1343 2294 aliquid
1369 2242 1579 2293 proferre
1601 2245 1763 2295 possit,
1798 2252 1843 2285 et

207 2324 314 2352 cum
335 2313 407 2361 iis,
431 2323 550 2364 quae
573 2311 676 2352 aliis
697 2312 743 2351 in
763 2312 879 2352 10015
901 2312 1115 2353 audimus
1137 2313 1251 2363 fieri,
1276 2313 1431 2365 aliqua
1454 2326 1512 2354 ex
1534 2322 1667 2365 parte
1689 2316 1843 2356 confe-

207 2384 419 2424 rendum.

288 2455 340 2495 In
361 2454 596 2495 consuetis
614 2464 874 2505 uersamur;
896 2466 1069 2495 nouum
1086 2455 1200 2495 nihil
1220 2456 1435 2506 aggressi
1456 2468 1632 2497 sumus.
1651 2457 1847 2498 Praeter

208 2526 491 2567 domesticas
519 2527 770 2567 conciones
797 2526 932 2578 (quae
963 2537 1137 2577 magna
1172 2526 1357 2578 quidem
1384 2526 1648 2579 frequentia
1674 2528 1844 2569 haben-

208 2597 315 2648 tur),
339 2597 429 2638 duo
447 2609 505 2638 ex
521 2597 738 2638 Patribus
755 2597 952 2649 singulis
969 2597 1339 2638 hebdomadibus
1356 2598 1403 2638 in
1419 2599 1721 2640 monasteriis
1736 2611 1847 2640 con-

209 2669 472 2709 cionantur.
495 2669 622 2709 Idem
642 2674 686 2709 et
707 2668 787 2708 alii
806 2680 864 2708 ex
884 2668 1057 2708 nostris
1085 2668 1277 2717 faciunt,
1302 2669 1384 2709 sed
1413 2681 1505 2709 non
1535 2675 1713 2710 statuto
1735 2676 1846 2711 tem-

265 2828 274 2849 ¹
314 2828 389 2856 Duo
403 2833 480 2856 sunt
495 2829 594 2863 hujus
610 2828 777 2856 versionis
789 2829 1008 2863 autographa
1029 2829 1196 2862 exempla,
1222 2836 1323 2857 manu
1350 2829 1467 2858 Patris
1493 2830 1675 2859 Annibalis
1690 2837 1847 2864 exarata;

210 2884 313 2904 unum
327 2877 360 2904 in
374 2877 453 2904 folio
468 2877 606 2911 duplici,
630 2885 661 2904 n.
679 2876 741 2911 163,
763 2877 910 2903 alteru‘n
931 2876 963 2903 in
991 2877 1070 2903 folio
1097 2877 1178 2904 item
1202 2877 1338 2911 duplici,
1361 2886 1395 2905 n.
1415 2878 1566 2906 164.—Ea
1582 2880 1614 2907 in
1634 2881 1762 2914 paucis,
1781 2889 1847 2909 non

210 2924 325 2958 magni
340 2929 433 2952 certe
448 2925 621 2956 momenti,
642 2925 685 2951 ab
710 2925 792 2951 italo
818 2925 1008 2960 archetypo
1032 2924 1190 2952 differunt
1206 2929 1240 2952 et
1261 2926 1350 2952 inter
1364 2933 1411 2960 se;
1427 2926 1487 2953 sed
1499 2928 1658 2961 quoniam
1682 2934 1846 2964 autogra-

210 2972 277 3006 pha
293 2976 381 3006 sunt,
397 2972 614 3007 ejusdemque
632 2972 769 3006 proinde
786 2972 1016 3006 auctoritatis,
1033 2980 1134 3000 unum
1150 2977 1225 3006 post
1240 2973 1389 3001 alterum
1406 2974 1459 3001 hic
1476 2975 1641 3003 edendum
1656 2976 1765 3004 visum
1782 2983 1845 3006 est.
