2047 3179
231 159 304 195 274
733 159 960 197 LITTERAE
985 172 1344 204 QUADRmffisTREs

230 262 381 305 gerat.
421 254 543 306 Quid
564 266 677 307 ergo
698 255 873 296 factum
895 258 988 297 est?
1012 257 1237 297 Confessa
1267 258 1457 298 tandem
1478 258 1557 298 uni
1585 270 1608 298 e
1635 259 1864 310 patribus,

232 326 350 366 adeo
368 332 572 366 mentem
594 327 640 366 in
662 327 827 367 melius
849 329 1169 379 commutauit,
1195 335 1243 368 ut
1264 340 1355 380 quo
1380 334 1518 368 antea
1542 340 1624 380 spe
1646 335 1769 370 esset
1792 330 1867 370 de-

230 398 410 448 iectior‚
440 410 494 438 eo
522 409 644 438 nunc
671 398 718 438 in
746 397 949 439 Domino
980 399 1206 449 stabilior,
1237 405 1280 439 et
1309 399 1356 438 in
1390 410 1522 450 spem
1553 399 1740 440 diuinae
1776 401 1868 441 cle-

231 469 435 509 mentiae
458 469 609 521 magis
637 470 695 510 sit
725 476 898 520 erecta,
929 476 1089 521 estque
1112 470 1204 509 iarn
1237 470 1283 509 in
1315 481 1476 510 earum
1507 482 1718 522 numero,
1749 483 1868 523 quae

232 541 484 592 praecipue
506 540 812 581 confessionis
841 547 885 581 et
915 552 1081 581 sacrae
1105 540 1434 581 Eucharistiae
1455 549 1755 582 sacramenta
1782 542 1868 583 fre-

229 618 472 663 quentant.
497 611 647 663 Quam
669 623 782 652 uero
802 612 932 652 multi
953 611 1140 661 fuerint,
1159 611 1237 663 qui
1255 612 1433 652 alienas
1454 624 1626 652 uxores
1649 613 1726 653 diu
1743 613 1870 654 domi

230 689 439 723 retentas
460 682 749 733 dimiserunt,
774 683 957 723 silentio
980 689 1241 733 praetereo;
1265 694 1360 722 non
1382 683 1503 723 enirn
1531 683 1606 723 hic
1629 696 1683 724 ea
1715 684 1867 724 dicen—

230 754 306 805 da,
330 755 498 806 quibus
520 754 688 794 similia
711 754 828 793 alias
849 754 943 793 iam
966 753 1141 805 scripta
1171 760 1293 794 sunt.
1324 753 1656 794 Confessiones
1685 767 1869 807 quoque

225 828 476 877 generales
498 827 751 866 multorum
773 832 879 864 sunt
902 824 1104 864 auditae:
1129 816 1187 865 ex
1209 836 1300 876 quo
1317 824 1366 865 fit
1382 831 1431 865 ut
1449 837 1507 865 ex
1525 826 1759 877 religiosis
1775 838 1868 867 non

229 909 423 949 paucos,
447 904 492 937 et
514 897 716 947 feruore,
742 903 786 936 et
808 896 994 947 pietatis
1016 895 1184 945 studio,
1211 897 1350 947 longe
1371 903 1476 948 post
1504 908 1553 937 se
1582 897 1865 949 relinquant.

228 968 506 1009 praeteritis
528 968 656 1008 hisce
678 967 930 1018 mensibus,
956 967 1272 1019 quadraginta
1294 968 1517 1008 horarum
1539 975 1646 1009 acta
1674 975 1744 1009 est
1766 980 1869 1009 ora-

228 1040 310 1091 tio,
336 1040 393 1080 ad
419 1051 556 1092 quam
574 1044 703 1079 tanta
727 1038 952 1079 confluxit
974 1039 1123 1089 turba,
1149 1046 1212 1090 ut,
1239 1039 1453 1091 quamuis
1474 1039 1521 1079 in
1543 1039 1754 1091 singulas
1775 1041 1872 1093 qui—

227 1123 320 1163 que
343 1111 580 1151 distributi
607 1116 763 1150 essent
795 1110 954 1161 horas,
983 1111 1220 1150 nonnullis
1251 1118 1408 1150 tamen
1439 1111 1531 1151 diei
1559 1111 1772 1162 partibus
1800 1111 1872 1163 (ut

226 1183 356 1223 hisce
378 1194 467 1233 ego
489 1183 588 1233 ipse
610 1181 755 1222 oculis
773 1181 883 1231 uidi)
907 1182 1052 1232 multi,
1078 1181 1250 1221 referto
1273 1182 1367 1221 iam
1385 1183 1572 1233 templo,
1595 1188 1727 1222 extra
1744 1182 1871 1223 fores

226 1262 511 1305 cogerentur
533 1253 712 1293 tamdiu
734 1265 939 1304 manere,
965 1253 1114 1293 donec
1136 1253 1215 1305 qui
1236 1253 1439 1304 ingressi
1460 1253 1589 1304 prius
1611 1261 1745 1294 erant
1767 1266 1868 1294 ora-

226 1326 335 1377 turi,
357 1326 569 1365 absoluta
592 1325 725 1375 hora,
749 1325 1102 1375 egrederentur.
1128 1324 1264 1365 Vnde
1293 1324 1419 1364 fama
1441 1330 1525 1375 est,
1550 1336 1608 1365 ex
1629 1318 1720 1376 quo
1754 1325 1871 1365 haec

224 1403 296 1437 est
318 1403 424 1437 acta
447 1397 613 1446 oratio,
650 1397 924 1436 notissimae
954 1396 1209 1448 impietatis
1238 1396 1467 1448 quosdam
1495 1396 1622 1437 uiros
1650 1395 1752 1436 Deo
1779 1396 1869 1437 fer-

224 1475 390 1509 uenter
413 1468 699 1508 adhaesisse.
723 1468 845 1509 Hinc
866 1468 1007 1508 etiam
1032 1468 1234 1508 arbitror
1255 1468 1355 1508 fieri
1373 1474 1421 1508 ut
1439 1474 1536 1508 tam
1553 1468 1688 1509 multi
1710 1468 1769 1509 ad
1786 1480 1865 1509 no-

224 1550 373 1581 stram
395 1540 603 1591 aspirent
624 1539 923 1591 Societatem,
947 1540 1158 1591 virgines
1180 1552 1364 1592 quoque
1380 1540 1632 1580 nonnullae
1648 1540 1869 1591 religioni

225 1624 276 1652 se
297 1611 588 1662 deuouerint‚
613 1618 657 1652 et
681 1611 871 1663 quidam
892 1611 969 1651 alii
991 1612 1256 1663 spiritualia
1284 1611 1508 1651 exercitia
1538 1611 1705 1651 deuote
1736 1622 1865 1651 acce-

226 1683 393 1735 perint.
419 1682 573 1734 Atque
596 1683 714 1723 haec
737 1683 792 1723 de
814 1683 974 1734 templi
996 1683 1229 1735 spirituali
1250 1682 1478 1734 profectu.

307 1754 454 1795 Porro
483 1755 529 1794 in
558 1754 766 1805 Collegio
796 1761 958 1794 nostro
993 1760 1037 1794 et
1057 1755 1219 1807 schola
1253 1753 1367 1793 nihil
1404 1759 1473 1794 est
1508 1753 1617 1794 noui
1658 1754 1866 1794 omnino.

226 1826 386 1866 Vnum
414 1833 571 1866 tamen
593 1826 706 1866 illud
728 1832 812 1876 est,
843 1825 968 1878 quod
996 1825 1347 1876 admoneamus,
1378 1825 1425 1865 in
1446 1825 1707 1865 studiorum
1735 1825 1868 1865 initio

223 1899 412 1938 habitas
434 1909 536 1938 esse
559 1898 676 1938 duas
706 1897 944 1937 orationes
973 1897 1165 1947 latinas;
1200 1908 1366 1937 uersus
1396 1908 1579 1948 quoque
1608 1903 1706 1936 tum
1734 1907 1867 1947 grae-

224 1981 322 2021 cos,
346 1976 444 2009 tum
464 1969 636 2009 latinos
657 1969 902 2019 recitatos;
932 1980 1025 2008 non
1056 1974 1213 2008 tamen
1242 1980 1268 2008 a
1291 1967 1559 2008 domesticis
1589 1967 1652 2018 (ut
1680 1968 1869 2008 solitum

222 2048 325 2082 erat
351 2040 464 2089 fieri>
489 2040 570 2081 sed
593 2041 649 2080 ab
673 2040 880 2080 externis
900 2040 1208 2089 studentibus,
1236 2039 1361 2091 quod
1383 2038 1600 2090 Proregi‚
1632 2039 1710 2091 qui
1737 2050 1867 2090 prae-

223 2124 333 2153 sens
360 2112 539 2161 aderat,
564 2119 607 2151 et
630 2111 917 2163 parentibus,
943 2111 1020 2162 qui
1044 2110 1161 2151 filios
1187 2110 1398 2162 audituri.
1416 2116 1732 2161 accesserant,
1763 2121 1868 2161 gra-

223 2192 323 2224 tum
345 2183 598 2224 admodum
618 2182 763 2223 fuisse
785 2183 1114 2231 intelleximus,
1136 2182 1260 2234 quod
1278 2181 1479 2222 uiderint
1498 2182 1561 2221 illi
1578 2187 1803 2233 quantum
1823 2181 1868 2222 in

225 2255 391 2296 studiis
412 2255 546 2295 liberi
567 2254 930 2306 promouissent.

305 2326 395 2367 Sed
417 2326 639 2378 quoniam
661 2326 857 2366 uerbum
880 2325 969 2365 Dei
991 2325 1038 2365 in
1069 2325 1357 2365 monasteria
1386 2335 1570 2376 quoque
1592 2325 1731 2375 longe
1753 2325 1862 2364 late-

222 2411 312 2449 que
334 2397 601 2438 extenditur
624 2397 688 2448 (ut
717 2404 761 2437 et
783 2403 922 2437 antea
943 2396 1043 2436 fieri
1064 2396 1251 2436 solitum
1274 2396 1406 2446 erat),
1431 2395 1470 2435 si
1493 2395 1603 2447 quid
1626 2395 1672 2436 in
1694 2396 1767 2436 his
1792 2408 1868 2436 no-

225 2469 413 2509 uissime
444 2469 683 2518 acciderit,
719 2462 905 2509 omissis
931 2468 1024 2519 his,
1064 2479 1183 2520 quae
1220 2467 1337 2507 alias
1373 2459 1516 2507 Rev.a
1549 2473 1629 2507 tua
1666 2467 1859 2518 audiuit,

223 2541 356 2597 breui
377 2540 604 2580 relatione
626 2540 907 2592 aperiemus.
934 2539 1150 2590 Quodam
1180 2538 1448 2590 nuperrime
1472 2551 1528 2578 ex
1559 2539 1732 2578 nostris
1760 2550 1865 2578 con-

223 2612 460 2662 cionante,
486 2612 531 2651 in
553 2623 645 2651 uno
669 2623 692 2651 e
716 2611 1035 2661 monasteriis,
1062 2622 1168 2651 curn
1196 2610 1468 2650 monialium
1500 2609 1752 2660 virginum,
1777 2621 1865 2649 nec

224 2694 481 2734 paucarum
505 2677 703 2734 quidem,
736 2683 812 2722 hic
843 2689 967 2722 esset
996 2678 1257 2722 communis
1287 2688 1332 2721 et
1361 2680 1646 2732 deprauatus
1676 2691 1793 2731 mOS‚
1818 2687 1868 2722 ut

224 2754 347 2793 bona
383 2754 596 2804 singulae
633 2754 817 2804 priuata
855 2753 1165 2805 possiderent,
1204 2752 1275 2792 sui
1312 2747 1611 2801 immemores
1646 2751 1864 2804 instituti,

224 2837 370 2875 nunc,
395 2825 554 2864 diuina
575 2826 731 2875 gratia
758 2825 817 2864 ad
849 2825 1091 2876 antiquam
1121 2809 1364 2874 religionis
1394 2822 1735 2863 institutionem
1758 2835 1866 2864 con-

225 2908 407 2947 uersae,
430 2908 523 2936 vno
546 2896 702 2936 animo
726 2908 1023 2936 communem
1045 2900 1309 2935 statuerunt
1337 2894 1483 2934 uitam
1514 2893 1713 2946 degere3
1744 2887 1868 2947 quod

224 2981 281 3009 eo
303 2967 453 3008 maius
474 2967 617 3008 fuisse
639 2956 1004 3007 existimandum
1028 2973 1118 3018 est,
1143 2957 1232 3018 quo
1255 2959 1490 3005 difficilius
1512 2965 1742 3007 imbutum
1762 2978 1868 3018 pra-
