2047 3179
895 170 977 206 AN.
1010 170 1100 206 1554
1746 170 1816 207 200

182 269 330 320 possit
365 269 451 308 hos
482 268 679 319 populos
700 267 826 306 nulla
847 278 897 306 re
924 267 1076 316 magis
1103 277 1243 317 quam
1276 265 1635 305 instructoribus
1657 277 1812 316 egere,

176 340 262 390 -qui
282 340 379 379 vita
410 345 454 379 et
476 339 631 379 verbis
659 338 933 389 euangelica
955 338 1045 377 illis
1067 337 1302 388 aperirent
1324 335 1619 385 documenta,
1644 342 1688 376 et
1709 337 1816 376 sim-

183 411 438 462 plicissima
473 409 576 450 fidei
604 408 887 449 christianae
918 407 1182 447 rudimenta
1209 406 1462 446 traderent.
1497 406 1715 447 Orandus
1737 408 1816 446 mi-

186 481 470 521 sericordiae
505 480 642 520 Pater
664 486 715 520 vt
741 479 928 519 viscera
958 489 1071 518 suae
1102 477 1322 517 bonitatis
1354 477 1552 529 aperiat,
1582 477 1818 528 dignetur-

178 563 274 603 -que
295 551 482 591 vineam
503 562 637 590 suam
657 550 865 590 visitare.
902 548 993 589 Sed
1027 548 1144 588 haec
1172 548 1228 588 de
1255 553 1432 598 nostra,
1461 559 1601 599 quam
1623 549 1820 588 alteram

187 622 297 662 libet
320 623 555 673 appellare
578 621 771 671 Indiam,
800 619 1045 660 sufficiant.

267 692 466 733 Nostros
487 692 795 732 scholasticos
809 691 856 730 in
873 691 970 731 dies
992 691 1262 742 experimur
1278 690 1542 742 paratiores
1565 690 1624 730 ad
1645 690 1820 730 confes-

189 763 332 803 sionis
368 769 412 803 et
446 775 611 803 sacrae
641 762 964 803 Eucharistiae
992 767 1313 812 sacramenta;
1346 761 1550 801 maxime
1578 761 1667 801 hoc
1694 761 1822 813 pium

188 833 437 874 confitendi
457 833 660 874 studium
677 834 881 874 iuniores
902 833 1090 883 habent,
1115 833 1193 884 qui
1215 839 1259 872 et
1281 833 1340 873 ad
1361 844 1548 872 sacram
1568 832 1820 883 suscipien-

188 904 296 945 dam
326 905 704 945 communionem
733 904 921 944 iuuenili
953 903 1156 955 quadam
1182 903 1396 944 feruntur
1425 903 1623 955 pietate,
1654 903 1820 954 quibus

189 976 349 1016 habita
367 976 590 1027 temporis
607 981 651 1015 et
669 975 835 1015 aetatis
852 975 1033 1015 ratione
1050 974 1324 1015 satisfacere
1342 974 1596 1014 studemus.
1617 973 1824 1025 Pei-gunt

190 1047 330 1087 iidem
347 1047 531 1087 sincero
549 1046 751 1098 quodam
767 1047 865 1086 zelo
884 1046 1025 1086 etiam
1042 1057 1135 1086 non
1151 1046 1306 1097 rogati
1324 1045 1458 1085 nobis
1475 1045 1619 1085 libros
1641 1045 1696 1085 de
1717 1046 1825 1084 hae-

190 1118 282 1158 resi
299 1123 556 1169 suspectos,
577 1123 626 1157 ut
643 1117 963 1159 examinemus
984 1123 1029 1157 et
1051 1116 1149 1168 igni
1170 1117 1427 1164 tradamus,
1450 1116 1631 1165 offerre,
1650 1116 1696 1156 in
1714 1128 1823 1168 quo-

192 1200 295 1229 rum
320 1190 475 1228 locum
509 1188 671 1228 sedula
699 1194 969 1228 nostrorum
997 1187 1190 1228 Patrum
1225 1199 1368 1239 opera
1403 1186 1622 1227 effectum
1657 1193 1741 1238 est,
1776 1193 1825 1226 vt

192 1259 378 1300 hortuli
393 1259 595 1309 animae,
614 1258 624 1277 ¹
646 1270 879 1310 gersones
895 1261 925 1309 ²,
942 1265 985 1299 et
1004 1259 1103 1299 eius
1119 1259 1306 1310 generis
1323 1259 1387 1310 pii
1404 1258 1543 1298 libelli
1565 1257 1823 1298 sufficeren-

194 1337 284 1381 tur,
315 1331 482 1382 quibus
511 1332 604 1370 iarn
635 1330 904 1370 euoluendis
924 1331 1063 1381 longe
1092 1330 1245 1381 magis
1266 1341 1408 1380 quam
1428 1329 1556 1381 prius
1578 1329 1828 1369 haereticis

196 1402 503 1442 delectantur.
526 1401 753 1452 Breuiter,
780 1402 824 1441 in
846 1402 917 1441 his
938 1401 1052 1441 nihil
1077 1401 1211 1452 fellis,
1243 1401 1357 1441 nihil
1388 1401 1715 1440 contumaciae
1749 1407 1828 1440 aut

194 1473 407 1513 elationis
436 1483 618 1522 cernaS,
649 1472 731 1512 sed
761 1483 930 1523 pueros
958 1472 1208 1523 simplices,
1233 1472 1472 1522 candidos,
1512 1478 1555 1511 et
1587 1471 1644 1510 ad
1665 1483 1829 1511 Veram

195 1544 472 1595 religionem
500 1544 705 1594 ingenua
728 1544 929 1595 quadam
962 1555 1016 1584 ac
1044 1544 1205 1584 innata
1225 1544 1398 1595 pietate
1419 1543 1826 1594 propensissimae,

194 1621 244 1655 vt
264 1615 461 1666 proinde
482 1615 615 1654 istius
631 1615 932 1666 germanicae
949 1615 1203 1655 iuuentutis
1221 1615 1399 1655 candor
1417 1615 1477 1654 ad
1493 1615 1564 1654 sui
1586 1615 1828 1654 commise-

197 1686 427 1726 rationem
448 1692 492 1726 et
518 1686 635 1725 bene
663 1686 718 1725 de
739 1686 850 1737 ipsis
873 1685 1080 1726 merendi
1109 1685 1314 1726 studium
1335 1697 1420 1725 nos
1442 1686 1705 1736 compellat,
1728 1693 1778 1724 vt
1802 1697 1828 1724 a

199 1757 343 1797 tantis
375 1757 622 1796 haeresum
643 1756 936 1808 labyrinthis,
969 1757 1047 1808 qui
1078 1757 1255 1808 passim
1284 1756 1341 1796 ob
1369 1757 1532 1796 oculos
1560 1762 1827 1805 versantur,

196 1828 285 1868 Dei
305 1828 459 1879 gratia
488 1834 532 1867 et
559 1833 720 1867 nostra
742 1828 1041 1878 indignorum
1062 1838 1307 1867 seruorum
1333 1827 1432 1867 eius
1454 1838 1597 1878 opera
1618 1838 1830 1878 praescr-

198 1899 309 1950 uati,
333 1899 586 1950 persistant
603 1899 650 1938 in
667 1899 900 1938 communi
920 1899 1160 1938 Ecclesiae
1181 1899 1442 1938 catholicae
1459 1898 1641 1938 semita:
1665 1899 1828 1948 aderit,

198 1976 250 2010 vt
271 1980 536 2022 speramus,
560 1969 771 2020 Vtrisque
798 1968 951 2009 Patris
982 1969 1160 2009 aeterni
1181 1969 1453 2020 subsidium,
1487 1969 1618 2009 cuius
1647 1980 1743 2009 non
1762 1976 1832 2008 cst

200 2042 419 2081 voluntas
447 2049 496 2080 vt
524 2046 685 2091 pereat
706 2051 827 2080 vnus
847 2052 906 2080 ex
933 2040 1004 2080 his
1034 2041 1228 2092 pusillis,
1263 2040 1345 2081 sed
1372 2046 1423 2080 vt
1450 2046 1752 2080 conuertatur
1773 2039 1833 2079 ad

202 2123 250 2152 se
271 2118 316 2152 et
336 2112 481 2151 Viuat.

279 2183 402 2223 Huic
422 2188 582 2223 tantae
616 2182 899 2222 multitudini
932 2194 1037 2222 cum
1067 2184 1171 2222 loca
1197 2182 1323 2222 domi
1350 2190 1540 2223 nostrae
1571 2188 1834 2234 opportuna

201 2255 431 2304 deessent,
464 2254 682 2304 expensis
717 2265 773 2293 ac
800 2254 928 2293 iussu
959 2253 1135 2305 Regiae
1164 2253 1274 2294 M.tis
1296 2253 1309 2272 ³
1330 2255 1551 2294 nonnulla
1573 2255 1835 2294 instaurata

196 2331 323 2375 sunt,
348 2330 392 2364 et
420 2325 526 2374 alia,
559 2330 656 2364 tam
682 2324 728 2363 in
754 2325 928 2364 classes
950 2336 1090 2376 quam
1112 2325 1158 2364 in
1181 2325 1547 2365 commodiorem
1569 2331 1837 2365 nostrorum

203 2396 555 2443 habitationem,
581 2394 818 2446 adaptata.
841 2395 981 2446 Idem,
1007 2407 1096 2447 quo
1118 2401 1187 2435 est
1208 2406 1322 2446 erga
1344 2407 1430 2435 nos
1456 2396 1588 2446 regio
1610 2402 1655 2436 et
1674 2396 1838 2436 libera-

205 2467 235 2507 li
265 2466 448 2517 affectu,
482 2466 732 2517 collegium
765 2472 978 2506 nostrum
1013 2467 1154 2507 certis
1190 2477 1243 2505 ac
1271 2466 1506 2518 perpetuis
1534 2467 1630 2507 iam
1660 2467 1840 2507 dotauit

205 2538 524 2590 mouentibus,
562 2536 729 2588 quibus
756 2536 887 2576 breui
913 2549 1157 2588 speramus
1187 2538 1395 2589 pluribus
1417 2537 1640 2578 fratribus
1661 2539 1841 2579 alendis

201 2619 481 2649 accessuros
503 2608 769 2658 amplioreS,
791 2614 1096 2659 posteaquam
1130 2619 1374 2648 numerum
1401 2609 1529 2648 illum
1548 2608 1601 2649 30
1621 2620 1841 2660 persona-

263 2742 274 2762 ¹
313 2742 489 2770 Hortulus
512 2745 668 2775 animae,
689 2744 763 2778 pius
785 2745 1021 2778 precationum
1048 2745 1201 2779 libellus,
1231 2744 1384 2772 iconibus
1410 2745 1616 2780 illustratus,
1641 2746 1694 2781 qui
1720 2754 1844 2780 magno

207 2794 289 2817 tunc
317 2793 481 2825 temporis
506 2797 580 2818 erat
607 2792 696 2826 apud
711 2792 871 2825 populum
886 2793 1009 2828 pretio,
1025 2792 1120 2826 cujus
1141 2792 1191 2819 rei
1211 2797 1449 2827 argumentum
1464 2797 1543 2820 sunt
1561 2794 1757 2822 innumerae
1774 2795 1844 2821 fere

210 2837 378 2865 editiones
393 2842 466 2865 toto
482 2839 539 2865 illo
557 2839 696 2865 saeculo
712 2838 792 2865 XVI
808 2839 935 2866 sactae.

260 2884 274 2904 Ξ
312 2884 453 2918 JOANNIS
474 2885 641 2920 Gssnsoms
657 2886 843 2920 opusculas
863 2886 1020 2914 fortassis
1044 2887 1129 2914 liber
1152 2886 1203 2914 De
1227 2887 1430 2915 imitatione
1448 2887 1580 2916 Christi
1594 2891 1625 2917 el
1641 2891 1845 2924 contemptu

205 2933 347 2963 mundi,
361 2933 417 2968 qui
433 2939 512 2960 tunc
527 2935 724 2968 plerumque
741 2933 885 2961 Gersoni
900 2934 1174 2962 adscribebatur.

263 2980 276 2999 ⁵
314 2979 532 3015 Ferdinandi,
550 2980 779 3008 Romanorum
794 2981 908 3016 Regis.

354 3039 402 3076 T.
433 3052 491 3075 ιιι.
1596 3055 1635 3088 14
