2047 3179
185 153 257 191 208
702 152 750 190 Li
764 163 927 189 rTERAE
954 163 1315 196 QUADRIMESTREs

817 552 1211 607 CCCXXXIX

262 764 459 801 Erardus
481 765 759 802 Avantianus

308 829 431 867 Patri
451 830 622 877 Ignatio
643 831 696 868 de
716 831 899 877 Loyola.

357 895 543 941 Vienna,
565 895 611 932 29
633 896 892 933 Decembris
910 895 1000 933 1554
1019 895 1047 929 ¹.

270 1105 370 1146 Pax
406 1105 580 1146 Christi
612 1105 723 1158 Jesu
758 1105 990 1145 custodiat
1031 1103 1174 1144 corda
1209 1107 1371 1142 nostra
1412 1107 1457 1141 et
1496 1100 1833 1152 intelligentias

190 1183 392 1217 nostras.

274 1247 520 1299 Quoniam,
558 1248 697 1288 Pater
733 1247 984 1288 admodum
1010 1245 1125 1296 Rde,
1150 1250 1351 1297 quatuor
1385 1243 1615 1284 mensium
1650 1249 1835 1294 tempus

192 1326 484 1360 transactum
506 1326 591 1369 est,
616 1331 705 1371 quo
727 1320 940 1359 iubemur
962 1330 1032 1369 ea,
1056 1329 1174 1369 quae
1202 1316 1276 1356 hic
1299 1316 1458 1356 diuina
1481 1315 1728 1355 clementia
1749 1326 1833 1366 per

192 1396 297 1431 tuos
319 1390 537 1442 indignos
571 1391 690 1431 filios
725 1397 919 1442 operata
950 1396 1033 1439 est,
1066 1388 1258 1438 referre,
1293 1387 1456 1440 paucis
1483 1386 1542 1427 V.
1574 1385 1623 1426 P.
1656 1397 1834 1426 morem

191 1473 357 1513 gerere
379 1462 589 1513 studebo,
614 1469 753 1514 atque
780 1461 1010 1513 imprimis
1040 1472 1158 1512 quae
1194 1460 1253 1500 ad
1280 1459 1469 1499 scholas
1499 1463 1713 1510 spectant
1734 1457 1834 1497 bre-

196 1533 315 1574 uiter
336 1534 671 1585 perstringere.

272 1604 565 1646 studentium
586 1617 824 1655 numerus,
848 1604 927 1657 qui
961 1604 1008 1644 in
1036 1604 1134 1644 dies
1164 1603 1302 1643 nouis
1333 1601 1665 1643 accedentibus
1692 1611 1833 1650 auge-

191 1676 293 1727 scit,
319 1677 366 1716 in
388 1676 509 1716 hanc
532 1677 741 1717 excreuit
776 1687 1022 1716 summam.
1058 1675 1109 1715 In
1141 1675 1293 1726 prima
1315 1673 1503 1726 quidem
1539 1678 1583 1712 et
1614 1682 1832 1723 suprema

192 1749 342 1788 classe
365 1748 551 1788 circiter
571 1749 623 1788 26
644 1754 965 1788 numerantur:
989 1748 1035 1787 in
1064 1746 1272 1787 secunda
1296 1745 1362 1785 76:
1387 1745 1524 1785 tertia
1556 1745 1659 1795 plus
1681 1743 1835 1783 minus

190 1820 330 1860 habet
351 1819 417 1859 70:
442 1826 610 1871 quarta
632 1831 745 1860 vero
766 1819 832 1860 60:
853 1819 1014 1871 quinta
1036 1826 1079 1859 et
1101 1825 1339 1870 postrema
1357 1817 1544 1857 circiter
1560 1815 1627 1855 80.
1651 1815 1831 1854 Horum

192 1892 418 1943 plurimos
437 1898 705 1931 nostrarum
727 1891 998 1931 scholarum
1018 1902 1194 1940 rumor,
1217 1896 1268 1929 vt
1286 1889 1342 1929 ab
1360 1888 1527 1929 iisdem
1545 1887 1831 1938 accepimus,

191 1975 249 2003 ex
271 1963 603 2003 diuersissimis
624 1963 882 2014 prouinciis
902 1962 993 2003 huc
1023 1962 1270 2014 pertraxit.
1300 1960 1419 2001 Nam
1450 1959 1659 2007 Bohemi,
1685 1957 1830 2004 Slaui,

192 2034 379 2084 Bauari,
402 2035 632 2086 Hongari,
657 2035 861 2086 quotidie
883 2034 974 2074 huc
1002 2045 1052 2074 se
1082 2032 1343 2082 conferunt,
1377 2031 1620 2083 cupientes
1643 2035 1835 2069 nostrae

190 2118 239 2146 se
262 2106 459 2146 subdere
480 2106 769 2157 disciplinae,
794 2117 911 2157 quos
933 2117 986 2145 eo
1009 2105 1227 2145 libentius
1263 2102 1566 2151 admittimus,
1591 2112 1681 2152 quo
1704 2100 1832 2139 intel-

190 2178 378 2228 ligimus
413 2178 516 2217 illos
538 2178 640 2229 plus
675 2177 849 2217 nostris
880 2176 1092 2228 indigere
1120 2175 1355 2216 subsidiis.
1388 2173 1509 2214 Nam
1539 2179 1590 2212 vt
1618 2177 1689 2211 est
1718 2181 1836 2222 gens

191 2249 268 2289 illa
290 2249 508 2300 barbara,
532 2255 576 2289 et
598 2249 865 2300 agrestibus
881 2248 996 2288 satis
1017 2248 1240 2297 moribUS,
1264 2246 1510 2297 magisque
1528 2244 1595 2284 rei
1616 2242 1833 2283 militaris

190 2331 331 2371 quam
352 2331 528 2370 eorum,
555 2331 675 2371 quae
696 2319 802 2360 fidei
824 2326 932 2360 sunt
953 2318 1254 2369 christianae,
1279 2328 1445 2369 gnara,
1469 2315 1607 2356 facile
1641 2315 1687 2354 in
1715 2313 1834 2365 peri—

191 2391 377 2431 culosos
412 2403 514 2431 sese
542 2391 823 2442 praecipitat
850 2402 1050 2440 errores,
1075 2389 1279 2430 maxime
1306 2399 1412 2428 cum
1443 2387 1490 2427 in
1511 2386 1601 2426 illis
1622 2384 1836 2437 partibus

193 2463 348 2513 palam
384 2461 609 2502 haeretici
644 2473 836 2502 suorum
871 2463 1147 2513 dogmatum
1182 2461 1314 2500 virus
1348 2458 1529 2511 ignaris
1564 2456 1834 2509 propinent.

192 2533 327 2584 Quod
362 2545 420 2574 ex
454 2534 688 2585 plerisque
717 2533 965 2574 manifeste
1002 2533 1273 2583 didicimus,
1312 2529 1541 2572 eiusmodi
1580 2537 1836 2580 prauorum

193 2605 468 2656 dogmatum
490 2606 771 2656 contagione
792 2605 990 2655 infectis,
1015 2605 1094 2657 qui
1115 2611 1272 2644 tamen
1293 2602 1372 2643 vbi
1393 2602 1449 2642 de
1470 2599 1670 2641 veritate
1693 2603 1737 2638 et
1759 2597 1835 2637 do-

193 2677 346 2717 ctrina
381 2677 666 2717 christianae
694 2677 801 2717 fidei
830 2689 856 2717 a
887 2677 1084 2727 nostris,
1123 2683 1221 2716 tum
1255 2673 1565 2716 familiaribus
1600 2669 1831 2721 alloquiis,

193 2755 291 2789 tum
317 2749 569 2800 praecipue
603 2749 649 2788 in
681 2748 974 2789 confessione
1003 2749 1312 2798 instruuntur,
1335 2744 1562 2798 plurimos
1594 2740 1836 2793 deponunt

192 2831 394 2868 errores,
419 2820 653 2859 sinceram
689 2819 826 2860 fidem
856 2821 1194 2871 amplexantes,
1224 2824 1276 2858 vt
1297 2815 1544 2858 verissime
1574 2812 1838 2854 existimari

249 2933 256 2952 ¹
300 2933 574 2968 Autographum‚
592 2937 698 2960 totum
716 2932 838 2961 Erardi
860 2940 973 2966 manu,
999 2933 1124 2967 duplici
1148 2932 1181 2960 in
1196 2932 1287 2964 solio,
1309 2930 1419 2965 primo
1436 2935 1468 2956 n.
1483 2927 1544 2961 274,
1570 2927 1681 2954 altero
1697 2931 1764 2952 non
1778 2931 1837 2951 nuv

194 2987 337 3010 lucrato.
