2047 3179
194 95 243 132 56
713 99 943 138 LlTTERAE
962 112 1321 143 QUADRIMESTRES
1348 114 1351 117 ·

186 192 284 233 *bus
305 194 601 236 scholaribus
622 195 808 238 habitus
830 198 1076 240 honestate
1105 206 1288 241 certare
1319 212 1491 252 eosque
1519 211 1743 251 superare
1771 203 1843 241 vi-⁷

199 264 413 317 deantur,
446 267 565 307 inter
600 279 716 319 quos
745 270 955 321 reperias
982 282 1075 311 non
1104 283 1282 323 paucos
1317 272 1549 312 nobilibus
1576 279 1845 324 prognatos

198 337 486 386 parentibus.
515 338 695 379 Crescit
730 351 892 381 eorum
927 342 1132 393 quotidie
1162 354 1385 383 numerus
1413 349 1553 394 atque
1582 343 1834 395 profectus.

197 405 476 459 Loquuntur
503 409 596 450 iam
623 412 764 451 latine
792 414 1092 462 grammatici
1119 421 1163 454 et
1191 426 1217 454 a
1248 413 1632 466 praeceptoribus
1660 413 1837 454 dictata

197 484 242 518 et
263 480 487 530 epistolas
510 494 536 522 a
558 493 608 522 se
630 482 742 533 ipsis
764 485 1060 535 excogitatas
1082 491 1382 536 componunt.
1407 484 1541 536 Quod
1563 497 1676 525 sane
1693 486 1840 525 nimis

198 549 442 592 desuetum
463 559 564 593 erat
585 553 722 594 huius
744 555 952 606 regionis
973 556 1284 597 scholasticis.
1305 556 1534 596 Rhetores
1556 562 1711 597 autem
1728 568 1845 597 suas

199 621 373 662 habent
395 625 721 665 conclusiones
743 632 787 666 et
804 625 1188 678 declamationes,
1209 639 1325 679 quas
1341 627 1527 678 quidem
1548 627 1843 680 frequentius

199 691 373 734 habere
409 695 697 747 desiderant}
738 709 903 738 verum
939 698 1005 739 eis
1034 711 1127 739 non
1155 699 1262 739 licet
1292 710 1374 750 per
1410 698 1598 740 Patrem
1626 706 1841 740 nostrum

199 771 390 816 propter
406 767 665 808 maximum
681 774 877 820 aestum,
898 770 976 821 qui
993 781 1079 810 nos
1096 770 1171 810 hic
1188 769 1390 810 infestat.
1408 770 1579 810 Graeci
1595 782 1729 811 suam
1746 771 1840 811 iam

199 835 389 877 audiere
410 844 575 886 artem,
597 849 738 890 quam
758 841 968 881 nonnulli
989 841 1131 881 etiam
1152 840 1359 893 profiteri
1379 848 1584 892 possent.
1609 842 1669 882 Hi
1699 842 1840 882 etiam

198 917 424 957 graecam
463 916 685 950 exercent
724 911 1132 963 compositionem,
1175 912 1251 964 qui
1285 912 1473 963 quidem
1507 918 1551 952 et
1585 913 1761 954 assidui
1796 920 1841 953 et

200 979 334 1019 multi
355 980 551 1021 extitere
572 993 685 1033 prae
706 982 810 1032 illis,
835 983 913 1034 qui
934 982 1249 1023 Salmanticae
1271 990 1411 1034 atque
1434 982 1668 1035 Compluti
1690 986 1840 1025 solent

201 1061 325 1101 esse;
354 1053 487 1092 multi
507 1053 676 1105 quippe
707 1054 801 1094 illic
821 1065 1023 1104 graecas
1044 1055 1205 1095 literas
1228 1054 1389 1094 audire
1410 1054 1649 1106 inchoant;
1683 1056 1840 1096 admo—

200 1122 311 1163 dum
345 1135 460 1164 vero
490 1136 600 1165 raro
633 1125 800 1177 viginti
831 1133 1151 1177 perseuerant.
1184 1126 1271 1166 Hic
1308 1132 1466 1166 autem
1499 1127 1839 1179 quinquaginta

183 1193 185 1197 '
204 1202 311 1236 sunt
332 1197 564 1248 auspicati
588 1229 595 1247 ,
620 1208 785 1237 verum
806 1198 962 1249 plures
983 1198 1177 1250 triginta
1199 1208 1517 1248 permansere.

281 1266 407 1308 Inter
427 1268 513 1308 hos
534 1268 692 1320 itaque
713 1269 1024 1309 scholasticos
1050 1269 1238 1320 plurimi
1261 1275 1385 1308 certe
1407 1274 1541 1320 sunt,
1565 1269 1644 1320 qui
1671 1275 1840 1310 octauo

201 1350 385 1391 quoque
426 1339 498 1380 die
536 1339 818 1380 confitentur
850 1348 988 1391 atque
1015 1340 1363 1380 communicant
1404 1351 1630 1392 suamque
1665 1341 1841 1381 habent

199 1410 463 1450 orationem
482 1412 748 1451 mentalem.
773 1410 889 1452 Sunt
910 1412 1057 1462 multi,
1081 1412 1158 1462 qui
1181 1411 1401 1452 monachi
1422 1422 1524 1451 esse
1546 1412 1734 1463 vellent,
1760 1413 1839 1452 alii

196 1481 491 1534 Hieronymi,
514 1481 750 1522 Dominici
771 1482 869 1533 alii,
894 1483 973 1522 alii
993 1482 1258 1532 Francisci,
1284 1483 1362 1523 alii
1383 1483 1525 1523 etiam
1551 1483 1726 1534 nostri,
1761 1484 1840 1536 qui

196 1553 384 1604 quidem
419 1553 685 1594 detinentur
711 1560 761 1594 vt
789 1554 1114 1605 experiantur,
1154 1554 1307 1594 media
1334 1561 1471 1595 nocte
1501 1556 1758 1606 surgendo,
1788 1567 1838 1596 se

164 1614 172 1619 ⁸
196 1626 324 1676 ipsos
344 1625 643 1677 flagellando,
665 1632 715 1665 vt
732 1625 838 1666 inde
854 1626 1166 1677 perspiciatur
1183 1625 1338 1666 idonei
1354 1638 1501 1666 necne
1524 1627 1582 1667 ad
1599 1627 1727 1667 illum
1745 1633 1839 1667 sta-

194 1705 292 1737 tum
313 1697 644 1747 exhibeantur3
675 1696 801 1748 quod
828 1697 866 1737 si
893 1697 1035 1737 etiam
1056 1698 1205 1737 nostri
1232 1697 1376 1737 futuri
1398 1697 1511 1749 sint,
1535 1698 1628 1738 iam
1657 1697 1713 1738 de
1736 1710 1835 1739 cae—

191 1774 294 1808 tero
318 1768 390 1809 his
413 1768 588 1809 assueti
608 1768 922 1808 inueniantur.
954 1768 1042 1809 Tot
1063 1769 1253 1809 venient
1274 1768 1333 1808 ad
1354 1780 1440 1809 nos
1462 1769 1521 1810 ad
1542 1769 1717 1809 Diuum
1749 1770 1837 1810 Lu-

193 1851 313 1889 cam,
337 1846 389 1880 vt
410 1852 489 1880 eos
509 1847 670 1880 nostra
692 1840 942 1891 gymnasia
965 1851 1134 1891 capere
1154 1852 1248 1880 non
1274 1840 1470 1891 possint.
1494 1840 1713 1881 Peruenit
1745 1841 1837 1881 huc

194 1911 243 1951 Ρ.
268 1910 448 1952 Doctor
475 1911 648 1951 Torres
678 1911 827 1962 pridie
856 1910 1057 1963 Spiritus
1085 1910 1243 1952 Sancti
1273 1912 1520 1963 attulitque
1548 1911 1837 1953 Salmantica

194 1995 354 2023 secum
373 1983 492 2023 alios
505 1988 705 2034 quatuor
722 1994 747 2033 ¹,
769 1993 967 2033 quorum
980 1983 1167 2034 quidem
1182 1983 1386 2023 aduentu
1400 1983 1567 2024 mirum
1586 1984 1632 2024 in
1645 1983 1837 2024 modum

192 2055 240 2095 in
257 2054 460 2095 Domino
478 2054 695 2095 delectati
713 2065 887 2095 sumus.
907 2054 1198 2095 Videbamus
1216 2055 1387 2106 quippe
1403 2055 1693 2106 geminatum
1710 2067 1842 2096 rece-⁷

196 2125 320 2178 pisse
337 2126 568 2178 spiritum.
591 2125 766 2166 Fecere
787 2125 833 2166 id
854 2125 1008 2177 ipsum
1028 2125 1259 2166 Dominus
1278 2126 1487 2180 Joannes
1505 2126 1738 2177 Corduba,
1759 2128 1837 2178 qui

193 2197 444 2238 videbatur
462 2209 575 2250 prae
592 2196 766 2248 gaudio
785 2196 908 2249 apud
925 2208 974 2237 se
990 2209 1085 2237 non
1101 2197 1260 2249 fuisse3
1282 2198 1445 2238 aderat
1467 2197 1588 2238 enim
1611 2199 1735 2250 apud
1751 2210 1843 2239 nos

193 2281 300 2310 cum
322 2269 461 2310 Pater
482 2269 679 2310 veniret.
704 2269 793 2309 Die
810 2281 923 2309 vero
940 2269 1168 2320 sequenti,
1193 2269 1238 2309 id
1255 2275 1324 2310 est
1343 2269 1605 2320 PaschatiS‚
1630 2270 1838 2311 secundo

193 2345 300 2381 eum
318 2341 498 2381 duobus
515 2340 757 2381 canonicis
775 2339 834 2380 ad
850 2351 937 2380 nos
953 2351 1174 2380 reuersus
1192 2346 1276 2380 est.
1295 2340 1563 2392 Fecereque
1582 2341 1715 2381 nobis
1735 2353 1836 2392 per—

193 2423 336 2464 quam
357 2413 566 2452 solemne
593 2423 781 2452 sacrum
802 2423 909 2452 cum
938 2422 1112 2462 magna
1144 2411 1356 2463 profecto
1385 2424 1671 2464 organorum
1694 2418 1834 2464 atque

192 2490 451 2524 concentus
468 2484 696 2534 armonia,
716 2483 893 2535 fuitque
911 2483 1114 2523 conuiua
1132 2491 1306 2535 noster,
1327 2485 1402 2524 vel
1418 2496 1504 2524 nos
1525 2484 1679 2536 potius
1695 2484 1833 2524 illius.

193 2555 424 2596 Dominus
446 2556 556 2596 item
577 2555 828 2607 Inquisitor
849 2554 1017 2603 Villar,
1042 2554 1120 2606 qui
1142 2555 1234 2595 iam
1256 2556 1368 2596 olim
1388 2566 1562 2607 magna
1583 2554 1711 2595 Patri
1727 2554 1839 2595 Pro·

249 2789 258 2808 ¹
301 2788 344 2816 Hi
359 2792 508 2823 quatuor
524 2789 648 2816 Patres
663 2789 768 2815 fuere:
785 2787 934 2821 Joannes
949 2787 1078 2816 Suarez
1094 2790 1149 2816 vel
1166 2789 1312 2822 Xuarez,
1329 2789 1563 2817 Gundisalvus
1577 2789 1758 2822 Gonzalez,
1776 2789 1840 2817 Al-

195 2837 347 2871 phonsus
363 2837 402 2864 de
417 2837 541 2871 Avila,
558 2837 613 2871 qui
628 2840 749 2871 postea
771 2836 807 2864 P.
823 2836 940 2863 Basilii
964 2836 1097 2864 nomine
1113 2842 1246 2864 tantum
1262 2841 1313 2864 est
1330 2838 1544 2872 appellatus,
1561 2840 1594 2864 et
1610 2837 1738 2864 Paulus
1754 2837 1837 2864 Her-

195 2885 335 2912 nandez:
351 2885 413 2912 hos
429 2884 552 2912 Patres
567 2885 632 2912 duo
655 2885 783 2911 fratres
805 2883 1059 2912 comitabantur
1075 2906 1081 2918 ,
1097 2892 1235 2919 nempe:
1252 2885 1401 2918 Joannes
1423 2884 1605 2912 Gutierrez
1627 2888 1660 2912 et
1683 2884 1840 2912 Didacus

195 2932 324 2968 Lopez.
338 2932 426 2960 Vide
443 2931 629 2965 VALmvtA,
646 2931 798 2966 Colegz'os
815 2932 856 2959 de
873 2931 1032 2965 Castilta,
1048 2932 1319 2960 Salmanticense
1335 2932 1536 2967 Collegium.
