2047 3179
175 141 247 179 206
694 142 918 182 Llrrermss
945 156 1306 189 Qusxoix‘iawsrnsss

766 596 1227 650 CCCXXXVHI

249 825 444 871 Jacobus
465 825 519 862 de
540 825 709 862 Acosta

303 890 428 928 Patri
446 890 618 937 Ignatio
639 889 692 927 de
713 891 892 938 Loyola.

348 955 605 1003 Methymna
626 955 795 1002 Campi,
814 955 859 992 29
879 954 1140 992 Decembris
1164 953 1253 991 1554
1275 954 1299 987 ¹.

957 1110 1056 1187 iiis

255 1308 521 1348 Admodum
546 1307 645 1348 RQ
677 1309 724 1348 in
747 1307 935 1349 Christo
958 1308 1112 1348 Pater.

261 1380 426 1420 Gratia
450 1386 494 1420 et
530 1392 625 1431 pax
659 1379 831 1420 Christi
863 1379 973 1432 Jesu
1008 1379 1201 1420 Domini
1235 1380 1385 1420 nostri
1419 1379 1698 1421 Paternitati
1720 1388 1828 1421 tuae

187 1461 373 1502 semper
396 1463 449 1490 ac
477 1463 661 1502 semper
685 1452 875 1503 aspiret.
900 1450 1069 1491 Amen.

262 1522 396 1572 Quod
420 1523 548 1562 Tuae
572 1523 672 1563 Pat.
692 1522 764 1562 his
781 1522 928 1562 literis
945 1534 1048 1563 sese
1065 1523 1375 1564 nuntiandum
1394 1523 1543 1575 offert,
1563 1524 1675 1565 illud
1693 1525 1830 1576 plane

181 1599 266 1643 est,
298 1594 342 1633 in
372 1594 460 1634 hoc
496 1593 756 1645 Collegium
793 1593 905 1647 jesu
941 1594 1173 1646 principio
1203 1594 1492 1647 Septembris
1513 1596 1718 1648 proximi
1735 1596 1828 1636 iam

184 1664 369 1705 demum
393 1677 480 1706 nos
511 1666 866 1717 commigrasse.
897 1665 1032 1717 Quod
1067 1666 1114 1706 in
1145 1667 1522 1718 praesentiarum
1552 1675 1764 1708 tenemus
1786 1675 1829 1708 et

184 1737 411 1787 religione
433 1743 477 1777 et
499 1737 832 1777 commoditate
855 1737 1016 1777 officiis
1038 1738 1213 1778 nostris
1238 1739 1411 1790 aptiori
1431 1751 1501 1787 ea,
1539 1752 1680 1792 quam
1700 1740 1830 1791 prius

183 1808 472 1848 habebamus
494 1808 540 1848 in
562 1808 666 1859 illis,
688 1809 854 1860 quibus
876 1809 1210 1860 demigramus,
1235 1810 1443 1851 aedibus.
1465 1810 1596 1862 Quae
1613 1812 1653 1852 si
1678 1812 1830 1863 algori

182 1881 285 1930 plus
306 1879 407 1920 istis
429 1880 656 1920 obsistere
677 1880 973 1931 videbantur,
1000 1887 1177 1921 attenta
1208 1888 1368 1922 tamen
1400 1883 1660 1934 aptitudine
1696 1895 1828 1934 prae-

182 1950 305 1990 dicta
329 1951 646 2003 instantiaque
670 1951 848 1991 recenti
869 1951 977 1992 huic
1010 1953 1141 2004 operi
1164 1953 1398 2004 addenda,
1432 1953 1571 1994 factis
1598 1955 1829 1994 calculum

183 2021 442 2062 adiicimus.
463 2022 624 2074 Itaque
646 2023 843 2074 dignum
865 2023 1027 2063 habuit
1051 2023 1280 2064 Dominus
1302 2032 1352 2065 ut
1381 2026 1470 2065 hoc
1497 2025 1831 2077 quadrimestri

182 2093 425 2144 fastigium
461 2105 516 2133 ac
548 2100 724 2135 tectum
761 2095 847 2146 ipsi
883 2095 1245 2146 imposuerimus
1286 2097 1430 2148 operi.
1478 2097 1831 2138 Praecoluimus

182 2166 307 2215 item,
333 2166 572 2218 hoccequc
594 2166 915 2207 habitaculum
939 2167 1003 2207 ita
1027 2167 1290 2218 refecimus,
1311 2174 1361 2208 ut
1383 2168 1428 2208 in
1451 2168 1552 2219 ipso
1574 2169 1831 2209 habeamus

182 2237 417 2277 mediocre
451 2238 706 2289 quodpiam
730 2239 972 2289 sacellum,
998 2239 1074 2278 ubi
1097 2238 1458 2280 Sacramentum
1475 2239 1832 2280 Sanctissimum

182 2309 291 2348 laeti
314 2308 564 2349 admodum
593 2310 855 2350 statuimus.
891 2310 993 2350 Hoc
1026 2322 1140 2351 sane
1172 2311 1231 2351 ad
1263 2311 1352 2351 Dei
1375 2311 1558 2352 laudem
1581 2312 1832 2363 plurimum

184 2380 392 2420 excitare
419 2381 621 2432 videtur,
649 2393 910 2422 concursus
932 2393 1100 2433 nempe
1121 2382 1287 2423 videre
1320 2383 1380 2423 ad
1413 2383 1755 2423 confessionem
1776 2395 1832 2423 ac

182 2453 559 2492 communionem
577 2461 625 2493 ut
643 2453 689 2493 in
708 2454 809 2493 dies
827 2454 980 2505 magis
999 2454 1245 2505 magisque
1260 2460 1489 2505 augescat
1506 2466 1599 2495 una
1618 2466 1724 2495 cum
1742 2455 1830 2506 spi-

184 2522 341 2562 rituali
359 2523 584 2574 profectu.
611 2524 760 2582 Hodie
783 2536 986 2576 namque
1009 2537 1192 2566 mecum
1214 2527 1386 2578 agebat
1408 2526 1615 2578 quidam,
1641 2527 1719 2578 qui
1740 2526 1832 2567 huc

184 2593 284 2632 heri
301 2595 500 2634 accessit
523 2602 671 2647 pater,
696 2595 751 2636 de
774 2597 981 2648 quodam
1002 2598 1355 2648 elegantissimo
1374 2598 1492 2648 uiro,
1517 2597 1595 2648 qui
1617 2598 1831 2648 plurimis

183 2664 346 2704 diebus
365 2666 569 2717 cuipiam
586 2668 766 2718 puellae
784 2679 833 2708 se
847 2669 1069 2719 privatim
1086 2669 1421 2721 spoponderat,
1450 2681 1647 2720 eamque
1675 2681 1729 2709 eo
1757 2669 1831 2710 de-

184 2735 414 2786 stituerat,
431 2737 553 2787 quod
573 2737 806 2779 inferioris
824 2752 872 2779 se
890 2739 1069 2792 fastigii
1088 2746 1226 2781 esset:
1249 2751 1387 2792 quem
1405 2751 1511 2780 cum
1530 2741 1832 2781 convenisset

183 2817 242 2846 ex
262 2807 397 2847 nobis
419 2807 556 2848 Pater
578 2821 712 2859 unus,
747 2822 892 2861 usque
915 2811 1032 2851 adeo
1055 2817 1317 2851 commotus
1339 2819 1425 2862 est,
1450 2817 1499 2851 ut
1521 2811 1615 2851 iarn
1638 2811 1732 2852 iam
1753 2823 1832 2863 pu-

241 2967 248 2988 *
292 2968 543 3004 Autographac
561 2971 592 2998 in
609 2971 736 3006 duplici
755 2972 845 3006 solio,
864 2974 972 3007 primo
988 2974 1049 3001 sub
1064 2982 1094 3001 n.
1110 2975 1173 3007 MT,
1190 2974 1302 3000 altero
1318 2980 1401 3000 vero
1417 2980 1482 3000 non
1498 2976 1688 2999 numerato.
