2047 3179
867 156 951 193 AN.
983 156 1073 192 15:35
1713 157 1781 193 707

153 263 336 292 sumere
355 253 424 293 fas
446 253 505 293 sit
526 259 750 305 quantum
766 253 826 293 ad
843 252 998 292 diuina
1021 251 1365 292 obseruandum
1383 252 1602 292 mandata
1626 259 1778 293 tenea-

154 334 272 373 mur,
297 324 373 375 qui
397 336 454 364 ex
475 324 575 375 ipso
598 323 789 364 denario
810 335 837 364 a
853 334 990 363 sacro
1007 322 1232 372 decalogo
1251 322 1495 373 desumpto
1512 323 1717 373 quotidie
1734 331 1778 363 et

154 394 329 445 passim
352 394 656 436 admonemur
676 395 735 435 ad
754 394 900 446 ipsius
921 399 1137 434 exactam
1164 393 1553 434 obseruationem.
1584 393 1718 444 Quod
1739 395 1778 434 si

155 464 214 504 ad
235 466 386 516 ipsam
415 466 613 506 velimus
639 466 849 517 aspirare
877 464 1227 516 perfectionem,
1257 464 1403 515 ipsius
1429 464 1569 503 etiam
1598 464 1778 505 denarii

153 536 392 586 perfectiO,
420 548 446 576 a
469 536 582 576 uiris
611 536 919 576 sanctissimis
949 535 1213 584 obseruata,
1238 546 1330 574 non
1362 534 1595 574 mediocre
1618 536 1776 575 calcar

154 605 325 646 addere
347 606 546 647 videtur.
570 607 685 648 Tres
707 607 829 647 enim
851 612 957 646 sunt
978 613 1137 658 patres
1154 612 1198 645 et
1213 611 1391 656 septem
1412 605 1596 645 fratres.
1621 604 1684 645 Vt
1700 618 1774 646 ne-

153 687 241 727 que
259 676 376 717 desit
392 678 438 717 in
455 678 544 718 hoc
563 677 684 730 quod
700 689 785 718 nos
801 677 860 717 ad
876 676 1144 717 indiuiduae
1161 682 1206 716 et
1224 675 1517 716 beatissimae
1534 675 1777 717 Trinitatis

153 746 476 788 adorationem
498 749 719 800 impellat,
743 755 787 789 et
815 748 874 788 ad
900 754 1110 788 mutuum
1133 758 1340 787 amorem
1362 747 1481 786 inter
1509 758 1594 786 nos
1623 747 1774 788 obser-

150 818 373 868 uandum,
405 819 443 859 si
470 832 555 859 nos
584 826 761 871 septem
789 820 864 859 illa
887 819 1175 859 charismata
1203 816 1405 869 Spiritus
1436 815 1597 857 Sancti
1627 818 1774 858 inces-

151 894 310 929 santer
331 890 465 929 nobis
486 889 650 930 donari
671 896 898 941 petamus,
916 896 965 929 vt
983 901 1093 929 vere
1111 888 1254 929 simus
1271 888 1441 928 fratres
1459 889 1505 928 in
1527 888 1664 928 domo
1684 888 1775 928 Do-

150 960 279 1009 mini,
303 966 346 1000 et
377 972 546 1001 canere
572 961 707 1001 nobis
738 961 875 1000 liceat
896 972 1001 1000 cum
1031 960 1275 1011 propheta:
1306 959 1423 999 Ecce
1444 970 1585 1010 quam
1606 959 1775 999 bonnm

150 1034 193 1070 et
214 1041 355 1082 quam
382 1031 639 1071 iucundum
665 1031 877 1071 habitare
893 1032 1090 1081 fratres
1116 1030 1165 1070 z'n
1187 1041 1334 1070 vnum
1367 1028 1390 1070 ¹.
1425 1029 1516 1071 Sed
1544 1030 1654 1082 quid
1682 1041 1776 1070 mo-

150 1102 249 1142 ror?
268 1114 513 1142 numerum
536 1102 773 1154 accepisti,
807 1103 967 1154 accipe
989 1102 1131 1142 etiam
1151 1107 1196 1142 et
1215 1102 1421 1149 nomina,
1445 1101 1584 1141 Pater
1604 1101 1775 1142 Rector

151 1172 336 1225 Gaspar
350 1173 406 1214 de
423 1174 657 1224 Azeuedo‚
676 1173 725 1214 P.
744 1174 867 1214 Pozo
881 1173 910 1225 ²,
929 1173 978 1214 P.
999 1173 1186 1225 Gaspar
1205 1172 1545 1223 Ferdinandez,
1565 1172 1615 1213 F.
1637 1172 1774 1226 Joan-

150 1255 234 1284 nes
256 1244 311 1284 de
332 1245 376 1283 la
398 1244 614 1293 Carrera,
643 1244 695 1284 F.
726 1244 881 1295 Oribe,
909 1244 961 1285 F.
993 1243 1227 1295 Ondarca‚
1258 1243 1311 1284 F.
1333 1243 1552 1294 Heredia,
1584 1243 1636 1284 F.
1669 1243 1775 1284 Rui—

149 1314 262 1364 zius,
289 1314 340 1354 F.
366 1314 570 1365 Gabriel,
594 1315 645 1355 F.
667 1315 901 1368 Josephus
922 1313 950 1365 ³,
976 1327 1095 1367 quae
1116 1316 1305 1355 nomina
1332 1321 1382 1355 vt
1403 1315 1579 1366 scripta
1600 1321 1708 1355 sunt
1729 1315 1776 1355 in

150 1386 306 1435 coelis,
336 1386 426 1425 tuis
454 1387 798 1438 quamprimum
824 1393 868 1426 et
898 1387 1282 1426 charissimorum
1302 1386 1349 1426 in
1379 1385 1567 1426 Christo
1589 1392 1775 1437 patrum

149 1462 193 1495 et
209 1455 408 1496 fratrum
426 1457 562 1497 isthic
580 1457 971 1497 commorantium
984 1457 1273 1497 orationibus
1290 1455 1443 1497 iuuari
1463 1458 1771 1508 postulamus.

228 1525 402 1567 Nostra
423 1526 592 1577 studia,
615 1527 716 1567 Deo
738 1527 941 1579 auspice,
965 1540 992 1568 a
1013 1527 1085 1568 die
1105 1527 1377 1567 Natiuitatis
1407 1526 1642 1579 Deiparae
1670 1527 1773 1569 Vir-

150 1597 272 1649 ginis
299 1598 481 1638 initium
508 1610 764 1650 sumpsere:
792 1598 950 1639 habita
977 1599 1107 1650 prius
1134 1599 1181 1639 in
1208 1598 1408 1639 Basilica
1439 1599 1606 1639 maiori
1636 1599 1773 1640 huius

151 1669 355 1709 ciuitatis
375 1669 561 1721 publica
584 1670 795 1710 oratione
816 1670 872 1710 de
889 1670 1063 1710 nostris
1081 1669 1246 1710 studiis
1272 1676 1317 1710 et
1339 1670 1628 1721 professione
1647 1670 1773 1710 circa

147 1752 318 1792 pueros
339 1741 663 1781 instituendos:
687 1741 808 1781 hanc
829 1741 989 1781 habuit
1005 1740 1053 1781 Ρ.
1078 1741 1263 1792 Gaspar
1283 1740 1621 1791 Ferdinande2‚
1641 1741 1774 1781 Tole-

146 1817 298 1862 tanus,
323 1812 400 1863 qui
421 1812 684 1852 rhetoricae
705 1812 941 1852 facultatis
963 1823 1129 1852 munus
1152 1811 1415 1852 obeundum
1436 1813 1631 1863 accepit.
1656 1811 1773 1852 Sunt

147 1889 192 1922 et
213 1883 292 1923 alii
312 1889 407 1923 tres
428 1883 597 1924 fratres
618 1883 788 1934 singuli
809 1883 1006 1934 singulis
1029 1883 1258 1923 classibus
1282 1882 1521 1935 praefecti,
1547 1883 1772 1934 optimam

146 1953 287 1993 etiam
316 1954 388 1994 sui
414 1954 619 1994 muneris
648 1954 877 1994 rationem
904 1954 1167 1994 reddentes.
1198 1954 1303 2007 Jam
1333 1954 1379 1993 in
1407 1954 1505 1994 dies
1533 1954 1685 2006 magis
1717 1965 1772 1994 ac

145 2025 298 2076 magis
318 2026 578 2066 communis
599 2025 871 2077 agnoscitur
892 2026 1084 2076 Vtilitas‚
1109 2025 1218 2065 dum
1243 2032 1286 2065 et
1307 2032 1466 2076 patres
1483 2025 1600 2065 filios
1618 2025 1769 2066 mode·

146 2095 314 2136 stiores
348 2102 392 2136 et
426 2097 578 2147 magis
613 2097 698 2137 sibi
735 2097 1043 2149 obsequentes
1078 2096 1395 2148 experiuntur:
1433 2103 1477 2136 et
1512 2096 1772 2136 studiorum

145 2166 368 2217 optimam
388 2168 617 2208 rationem
634 2167 895 2216 reddentes,
916 2178 1036 2219 quae
1053 2167 1208 2207 omnia
1225 2167 1272 2207 in
1289 2167 1677 2218 benignissimum
1694 2179 1772 2207 no-

145 2243 294 2278 strum
315 2237 568 2278 Dominum
595 2244 645 2278 vt
673 2238 720 2278 in
749 2238 995 2279 authorem
1021 2238 1120 2278 iure
1149 2238 1313 2278 referri
1341 2244 1539 2289 oportet.
1570 2238 1771 2278 Confluit

145 2308 204 2348 ad
224 2320 310 2349 nos
336 2315 467 2349 tanta
496 2309 883 2350 scholasticorum
912 2308 1177 2359 multitudo,
1208 2315 1258 2349 vt
1285 2308 1367 2348 vix
1393 2309 1560 2349 domus
1589 2321 1668 2349 eos
1697 2321 1770 2349 ca-

144 2380 255 2431 piat,
286 2392 392 2420 cum
420 2386 464 2420 et
490 2380 665 2431 exigua
691 2381 764 2431 sit,
797 2387 841 2420 et
863 2380 971 2420 huic
991 2379 1175 2431 legendi
1198 2380 1408 2420 instituto
1432 2391 1526 2419 non
1555 2380 1670 2420 satis
1698 2391 1772 2420 ac-

145 2451 403 2491 commoda.
427 2450 518 2491 Sed
540 2462 647 2491 cum
668 2463 748 2491 eos
769 2458 813 2492 et
834 2452 989 2504 plures
1007 2451 1189 2492 viscera
1208 2450 1397 2501 capiant
1415 2450 1674 2501 charitatis,
1694 2462 1768 2491 ca-

198 2584 207 2604 ¹
248 2584 302 2612 Ps.
319 2586 490 2619 cxxx11‚1.

194 2632 208 2650 Ξ
247 2631 366 2659 Petrus
382 2633 436 2660 del
452 2633 549 2660 Pozo.

194 2679 207 2698 ⁵
245 2679 280 2706 P.
298 2679 433 2713 Gaspar
446 2679 643 2707 Fernandez
659 2684 709 2707 est
727 2680 796 2714 ipse
812 2680 1007 2707 litterarum
1023 2684 1153 2713 auctor;
1169 2679 1213 2706 fr.
1232 2679 1379 2713 joannes
1395 2680 1433 2707 de
1448 2681 1481 2707 la
1506 2680 1655 2708 Carrera
1671 2684 1771 2708 notus

140 2730 204 2759 est,
228 2726 432 2760 praesertim
455 2735 497 2754 ex
520 2727 709 2760 VALDIVIA,
732 2727 896 2754 Historia
911 2727 954 2754 de
977 2727 1028 2754 los
1044 2726 1198 2761 Colegios
1213 2728 1255 2754 de
1277 2727 1312 2754 la
1328 2727 1518 2755 Provincia
1541 2729 1583 2755 de
1612 2728 1770 2755 Castilla.

136 2773 238 2805 tVide
256 2772 379 2801 Cartas
392 2774 434 2801 de
447 2774 519 2801 San
534 2774 690 2808 Ignacio,
705 2778 728 2802 t.
742 2783 773 2803 v,
785 2782 862 2809 pag.
875 2775 925 2801 541
941 2779 974 2801 et
989 2776 1081 2809 seq.),
1096 2778 1184 2801 etex
1200 2774 1434 2808 NIEREMBERG,
1455 2775 1610 2803 Varones
1625 2776 1773 2803 ilustres

139 2821 232 2848 dela
257 2820 449 2855 Compatiia
473 2822 515 2849 de
537 2822 658 2857 Jesus,
680 2822 838 2849 editionis
863 2822 1035 2856 antiquae.
1063 2826 1085 2849 t.
1101 2828 1124 2854 1,
1140 2829 1217 2856 pag.
1238 2822 1300 2854 672,
1323 2830 1431 2850 novae
1456 2823 1658 2856 Bilbae'nsis,
1684 2827 1706 2851 t.
1726 2831 1773 2854 IX.

140 2875 218 2902 pag.
236 2867 295 2901 15&
321 2869 544 2902 quorumdam
571 2870 717 2897 fratrum
741 2869 844 2896 Orive
859 2874 891 2896 et
908 2868 1050 2896 Gabriel
1071 2869 1283 2896 meminimus
1304 2870 1336 2897 in
1352 2871 1630 2898 annotationibus
1651 2871 1695 2898 ad
1710 2871 1772 2898 Po-

105 2932 108 2936 1
141 2922 241 2943 LANC1
257 2914 459 2948 chronicon,
472 2920 496 2944 t.
512 2923 558 2950 iv,
574 2924 651 2951 pag.
663 2917 713 2944 391
731 2922 764 2944 et
778 2917 840 2950 40&
857 2917 915 2944 sed
939 2916 1070 2950 horum,
1086 2921 1122 2943 ut
1138 2920 1170 2943 et
1186 2920 1402 2944 caeterorum
1418 2917 1585 2952 Ondarea‚
1613 2918 1772 2950 Heredia,

143 2962 237 2996 Ruiz,
252 2962 401 2997 josephi,
415 2964 500 2991 certi
515 2964 599 2991 nihil
613 2969 766 2992 statuere
782 2965 948 2992 valemus.
