2047 3179
841 161 923 198 AN.
954 160 1045 198 1555
1692 157 1763 194 427

131 262 206 302 uel
222 261 364 301 animi
385 261 458 300 uel
475 259 686 311 corporis
708 257 849 310 quieti
870 257 983 297 dare
1004 255 1220 305 solemus,
1241 267 1363 294 nunc
1381 255 1658 306 intempesta
1681 266 1760 294 no-

131 338 204 373 cte
226 332 396 372 uocati.
434 330 663 371 Immensa
693 335 848 369 tamen
870 326 1044 369 Christi
1078 326 1263 366 bonitas
1284 337 1369 365 sua
1396 337 1482 365 nos
1512 325 1758 365 clementia

131 404 195 443 ita
217 402 344 443 fouet
365 409 409 442 et
430 406 628 451 recreat,
653 405 704 440 ut
724 398 854 439 oneri
874 407 1172 449 nequaquam
1200 395 1573 444 succumbamus,
1605 406 1760 445 quam—

133 486 272 525 quam
295 486 321 514 a
343 473 538 513 medicis
558 471 873 524 proclametur
895 466 1045 520 majus
1072 467 1183 508 illud
1212 477 1314 506 esse
1335 477 1475 517 quam
1503 471 1552 505 ut
1580 476 1606 504 a
1628 465 1760 505 nobis

131 544 351 584 sustineri
373 544 519 595 possit
542 548 622 583 aut
643 542 822 590 debeat;
840 551 927 580 nec
944 538 1114 579 mirum
1130 536 1281 577 uideri
1298 537 1337 576 si
1353 537 1479 576 uires
1497 547 1581 575 nos
1600 546 1757 586 corpo-

130 616 195 655 ris
212 615 321 655 talia
340 620 566 654 conantes
582 612 800 654 deficiant
820 609 1087 661 aliquando.
1111 608 1451 649 Verumtamen
1472 607 1512 646 si
1533 607 1660 646 salus
1681 617 1759 645 no-

129 693 227 726 stra
249 685 564 735 auxiliumque
586 690 797 724 nostrum
819 681 1032 722 Christus
1054 685 1137 729 est,
1163 690 1299 730 quem
1315 677 1598 718 timebimus?
1623 676 1760 727 Quod

126 758 169 796 si
191 757 316 797 uires
337 756 551 806 corporis
573 753 882 801 amiserimus,
906 751 1009 803 quis
1030 761 1125 790 non
1146 750 1388 801 praeclare
1411 759 1571 788 secum
1602 754 1759 788 actum

131 827 325 878 putabit,
350 838 456 866 curn
483 826 528 865 in
550 824 647 876 ejus
675 825 901 864 honorem
926 821 1242 862 ualetudinem
1272 831 1405 860 suam
1434 818 1710 870 impenderit
1733 830 1759 858 a

132 910 223 950 quo
244 904 438 948 accepta
460 904 550 946 est,
575 908 601 935 a
629 906 719 947 quo
748 895 872 935 uelut
903 893 1086 944 aquilae
1110 890 1301 942 juuenta
1323 890 1650 931 renouabitur?
1672 890 1761 930 Per

131 968 351 1009 finitimos
373 968 511 1007 etiam
534 967 730 1018 populos
752 964 1000 1005 Societatis
1021 963 1146 1003 fama
1168 963 1232 1002 ita
1254 961 1534 1013 percrebuit,
1559 967 1607 1001 ut
1627 960 1760 1000 multi

128 1038 225 1090 jam
236 1050 290 1078 ea
308 1040 456 1078 solum
468 1038 622 1089 gratia
636 1035 922 1076 Placentiam
933 1034 1160 1081 uenerint,
1174 1040 1221 1073 ut
1236 1033 1375 1073 alicui
1388 1044 1446 1073 ex
1462 1032 1635 1072 nostris
1653 1043 1758 1071 con-

130 1111 386 1159 fiterentur3
402 1109 522 1161 quod
539 1109 578 1149 si
593 1108 757 1148 Patres
773 1106 917 1158 aliqui
932 1118 986 1146 eo
1004 1105 1311 1154 mitterentur,
1332 1109 1459 1144 certo
1477 1103 1650 1144 scimus
1661 1103 1756 1154 plu-

135 1182 306 1222 rimum
333 1181 436 1220 illos
460 1180 682 1231 spiritalis
699 1178 878 1218 fructus
900 1178 1118 1217 lecturos.
1146 1175 1285 1215 Pater
1319 1182 1475 1215 tamen
1507 1174 1758 1214 Villanoua

132 1264 227 1292 non
246 1251 385 1292 audet
402 1250 489 1290 hoc
510 1258 719 1302 tempore
736 1249 927 1289 Patrum
943 1258 1186 1288 numerum
1203 1246 1493 1295 imminuere,
1517 1245 1593 1297 qui
1612 1246 1757 1285 multo

131 1323 283 1363 minor
304 1330 372 1362 est
395 1334 535 1373 quam
555 1328 604 1361 ut
625 1321 765 1361 messi
785 1319 998 1369 sufficiat,
1021 1329 1162 1370 quam
1179 1317 1410 1358 Dominus
1432 1315 1567 1357 affert
1589 1317 1635 1356 in
1657 1327 1755 1356 ma-

118 1386 220 1434 'nus
242 1405 517 1433 messorum.

211 1464 351 1505 Venit
388 1464 446 1504 ad
480 1476 580 1512 nos,
613 1462 818 1503 nondum
852 1467 1018 1502 exacta
1050 1460 1453 1513 quadragessima,
1494 1459 1755 1510 Episcopus

130 1536 445 1585 Placentinus,
470 1535 584 1574 satis
605 1534 791 1586 quidem
812 1533 869 1573 ab
892 1533 1058 1573 ouibus
1086 1537 1375 1584 expectatus,
1407 1530 1481 1571 cui
1509 1530 1758 1571 aduenien-

130 1608 179 1659 ti,
205 1619 327 1648 nouo
350 1606 550 1658 quodam
572 1605 795 1657 applausu
819 1610 863 1644 et
883 1604 1059 1644 laetitia
1085 1604 1317 1650 exultans,
1345 1602 1567 1642 uniuersa
1589 1601 1757 1641 ciuitas

129 1678 381 1718 aduentum
418 1675 739 1727 congratulari
768 1675 891 1725 uisa,
923 1673 1047 1726 quod
1080 1673 1364 1714 Societatem
1395 1673 1518 1713 domi
1549 1672 1755 1723 excepis-

129 1755 214 1800 set,
252 1749 386 1801 quasi
416 1760 565 1788 nouas
600 1746 829 1799 quasdam
856 1745 984 1786 faces
1020 1745 1225 1785 admouit
1260 1752 1309 1784 ut
1344 1745 1431 1784 hoc
1467 1755 1583 1795 opus
1611 1745 1755 1783 multo

128 1820 353 1860 illustrius
374 1818 557 1868 efficiat,
590 1817 891 1869 pluribusque
914 1816 1140 1868 operariis
1169 1823 1339 1866 augeat
1363 1826 1502 1867 quam
1526 1814 1755 1866 principio

129 1898 370 1931 statuerat.
396 1890 556 1941 ltaque
578 1900 683 1929 cum
703 1889 903 1940 primum
933 1888 1019 1928 sibi
1039 1887 1166 1927 licuit
1188 1898 1270 1938 per
1297 1886 1627 1936 ualetudinem,
1650 1897 1756 1926 cum

127 1962 350 2003 Praetore
372 1968 416 2001 et
437 1959 794 2010 Magistratibus
831 1958 1038 1999 ciuitatis
1066 1958 1229 1998 urbem
1262 1959 1445 2007 lustrat,
1475 1957 1515 1997 si
1544 1956 1664 1997 forte
1696 1958 1757 1996 lo—

128 2044 212 2074 cus
233 2033 400 2084 aliquis
423 2036 641 2072 occurrat
674 2030 750 2070 ubi
784 2029 1007 2080 ecclesia,
1042 2029 1305 2079 collegium,
1337 2028 1602 2080 gymnasia,
1636 2038 1756 2067 com·

127 2104 262 2144 mode
284 2103 466 2155 possint
487 2101 739 2151 aedificari,
763 2113 821 2140 ne
843 2113 934 2152 qua
961 2111 1036 2141 res
1064 2100 1392 2151 impedimento
1420 2099 1479 2139 sit
1510 2099 1759 2150 quominus

128 2175 257 2226 operi
279 2175 411 2214 detur
440 2173 636 2222 initium,
664 2177 714 2212 ut
742 2171 828 2211 sibi
858 2170 1009 2222 ajebat
1040 2171 1086 2211 in
1124 2171 1295 2222 optatis
1330 2182 1448 2210 esse.
1482 2169 1616 2221 Quod
1651 2180 1758 2209 cum

126 2245 283 2285 facere
305 2245 404 2295 ipse
426 2244 577 2293 uellet,
601 2254 693 2283 non
719 2242 883 2282 leuiter
910 2242 1050 2282 etiam
1072 2248 1141 2282 est
1162 2242 1415 2281 multorum
1443 2251 1658 2281 sermone
1691 2240 1755 2279 in-

126 2316 406 2356 fiammatus.
428 2314 575 2355 Orare
596 2313 821 2354 Rectores
843 2313 1044 2353 ciuitatis
1065 2313 1178 2352 nihil
1203 2319 1409 2353 moretur
1431 2312 1508 2352 ubi
1540 2312 1616 2352 ubi
1646 2312 1756 2352 uelit

127 2387 429 2427 fundamenta
447 2385 620 2436 jacere.
641 2384 755 2424 Pars
776 2384 991 2435 proprias
1009 2384 1188 2434 domos,
1213 2384 1251 2424 si
1273 2395 1389 2435 opus
1411 2390 1549 2434 esset,
1573 2384 1754 2434 partiri,

127 2468 239 2509 pars
271 2463 425 2496 autem
453 2456 663 2506 integras
691 2454 915 2495 Societati
944 2455 1167 2506 polliceri.
1200 2454 1275 2495 Ad
1307 2466 1537 2494 summam
1565 2454 1757 2494 inuenta

128 2534 197 2568 est
220 2528 264 2567 in
288 2527 400 2567 urbe
423 2538 533 2566 area
555 2526 614 2566 ad
635 2525 943 2566 edificandum
965 2526 1223 2577 aptissima,
1253 2527 1399 2565 altera
1422 2526 1494 2565 sui
1511 2531 1644 2577 parte
1661 2537 1755 2565 mu-

129 2610 232 2638 rum
254 2606 469 2649 tangens.
494 2597 671 2638 Ciuitas
693 2603 874 2637 tantum
897 2597 1000 2647 agri
1030 2604 1164 2637 extra
1185 2597 1349 2637 urbem
1380 2597 1505 2636 dedit
1533 2603 1757 2648 quantum

128 2669 323 2721 petitum
345 2676 434 2709 est:
460 2669 506 2708 in
526 2669 628 2720 ipso
651 2673 806 2708 autem
827 2679 974 2718 murO,
998 2679 1089 2719 quo
1112 2669 1263 2708 nullus
1285 2675 1355 2708 est
1382 2668 1429 2708 in
1463 2668 1536 2708 his
1557 2668 1753 2717 regioni·

128 2741 215 2780 bus
236 2740 567 2792 praestantior,
587 2738 778 2790 januam
806 2739 978 2790 aperiri
1012 2739 1252 2790 permittit,
1283 2750 1402 2790 quae
1431 2738 1489 2779 ad
1518 2739 1678 2779 hortos
1710 2740 1757 2779 in

129 2811 238 2851 dato
279 2822 395 2861 agro
435 2810 568 2851 nobis
607 2809 922 2850 conserendos
961 2822 1046 2850 nos
1082 2811 1233 2850 solum
1278 2809 1417 2851 ducat
1457 2816 1502 2850 et
1545 2811 1754 2861 reducat3

130 2893 316 2922 omnem
338 2887 582 2933 praeterea
606 2892 798 2932 operam
828 2892 1061 2933 propenso
1093 2881 1294 2932 quodam
1326 2881 1480 2921 animo
1502 2887 1547 2922 et
1576 2881 1758 2922 liberali

131 2953 335 3003 quadam
354 2952 656 3004 gratitudine,
681 2952 720 2992 si
741 2964 831 3004 qua
853 2953 899 2992 in
921 2964 969 2992 re
990 2953 1212 3004 prodesse
1240 2953 1399 3004 possit,
1424 2953 1604 3004 pastori
1630 2953 1756 3004 polli-
