2047 3179
208 152 279 188 474
719 150 948 188 LITTERAE
974 163 1332 195 QUADRIMEsTREs

206 249 364 299 Quare
402 250 475 296 (vt
510 248 655 288 verbo
691 248 870 299 dicam)
906 249 1189 300 quotidianis
1225 249 1440 289 auctibus
1474 248 1522 289 fit
1557 250 1710 301 seipso
1745 263 1845 302 per-

208 319 391 359 fectior.

287 390 337 430 In
359 403 413 431 ea
436 392 612 442 schola,
638 392 770 431 cuius
793 391 905 431 mihi
927 403 1041 430 cura
1072 391 1281 431 iniuncta
1311 398 1402 442 est,
1437 392 1588 431 minor
1616 392 1845 433 hactenus

206 462 387 502 fructus
409 462 627 513 apparuit
648 474 789 513 quam
811 462 1002 511 vellem,
1028 468 1071 501 et
1092 473 1232 512 quarn
1253 462 1449 514 posthac
1481 462 1688 502 futurum
1708 464 1846 514 plane

216 545 300 584 per
320 533 409 573 Dei
429 533 636 584 gratiam
658 532 854 573 confido.

287 604 372 655 En,
397 604 551 654 Pater,
575 603 954 655 Quadrimestres
971 605 1071 656 spei
1093 616 1233 656 quam
1250 605 1318 645 rei
1334 605 1580 656 pleniores.
1598 605 1737 646 Faxit
1754 605 1846 646 Do-

205 676 360 716 minus
380 676 518 729 Jesus
539 681 589 715 vt
610 675 876 715 futurorum
898 687 1004 726 spes
1022 682 1254 728 concepta
1270 688 1357 716 nos
1375 689 1469 716 non
1485 676 1630 716 fallat:
1651 677 1845 717 sanctis-

206 747 337 787 simis
358 746 410 787 R.
437 746 484 787 P.
510 746 563 786 T.
588 746 879 786 orationibus
901 758 956 786 ac
980 746 1240 798 sacrificiis,
1262 747 1429 799 quibus
1445 759 1531 787 nos
1548 748 1688 788 etiam
1706 754 1845 800 atque

205 818 349 858 etiam
366 817 766 868 commendamus,
787 828 874 857 nos
890 823 1145 869 nostraque
1167 818 1371 859 Domino
1392 818 1503 872 Jesu
1523 819 1711 871 tibique,
1734 819 1845 873 Jesu

206 889 401 938 vicario,
426 900 612 940 semper
632 888 733 928 sine
754 888 845 928 fine
867 889 1168 930 deuouentes.

287 960 481 1012 Tyburi,
506 972 566 1000 ex
588 960 799 1011 Collegio
820 959 1086 1011 Societatis,
1109 961 1133 1000 7
1155 960 1264 1001 Idus
1285 961 1435 1001 Maias
1460 962 1576 1002 1555.

528 1031 600 1072 Ex
620 1031 951 1072 commissione
973 1031 1027 1072 R.
1052 1031 1207 1072 Patris
1227 1031 1441 1073 Rectoris
1462 1032 1512 1073 P.
1536 1034 1791 1084 Laurentii,

906 1102 960 1143 R.
984 1102 1037 1143 T.
1061 1102 1110 1143 Ρ.
1135 1103 1254 1143 filius
1275 1103 1467 1155 inutilis,

1203 1246 1386 1287 PETRUS
1417 1246 1630 1289 SvLums.

806 1675 1256 1731 CCCLXXXIX

276 1911 471 1957 joannes
492 1910 694 1957 Gnatius‚
716 1912 821 1949 olim
840 1912 965 1956 Neto.

326 1975 396 2013 Ex
413 1976 738 2014 commissione
758 1977 904 2015 Patris
925 1979 1112 2027 Philippi
1133 1979 1167 2016 F
1172 1979 1279 2024 abri,

316 2047 320 2052 '
375 2042 496 2079 Patri
515 2041 685 2090 lgnatio
706 2042 760 2079 de
779 2042 963 2090 Loyola.

421 2107 604 2151 Mutina,
630 2107 670 2144 11
693 2107 798 2156 Maji
820 2108 912 2146 1555
930 2109 954 2145 ¹.

1034 2248 1064 2292 †

286 2383 386 2423 Pax
407 2382 580 2424 Christi
601 2390 828 2435 perpetua
848 2396 934 2425 nos
956 2385 1096 2425 donet
1118 2385 1345 2426 libertate.
1364 2385 1531 2426 Amen.

288 2453 374 2494 Per
402 2455 573 2495 missas
601 2455 660 2495 ad
691 2461 820 2495 tuam
848 2454 1184 2496 paternitatem
1206 2456 1445 2496 ianuarias
1465 2457 1640 2507 literas,
1664 2455 1765 2496 R.de
1801 2455 1849 2496 in

204 2525 396 2566 Christo
413 2525 568 2576 Pater,
588 2527 860 2567 nonnullam
883 2527 1107 2567 uberrimi
1123 2526 1305 2568 fructus
1321 2535 1519 2579 partem,
1536 2528 1583 2568 in
1601 2527 1739 2567 uinea
1755 2526 1849 2567 Do-

211 2597 324 2637 mini
340 2597 564 2649 percepti,
585 2597 668 2637 tibi
685 2597 1000 2649 significatam
1017 2598 1280 2638 habuimus.
1303 2598 1436 2639 Nunc
1459 2604 1614 2639 autem
1635 2604 1743 2638 tuae
1766 2607 1849 2638 uo-

206 2668 375 2708 luntati
396 2668 742 2720 obtemperans,
766 2669 887 2709 dabo
909 2681 1122 2721 operam,
1147 2676 1196 2709 ut
1217 2681 1336 2721 quae
1357 2669 1570 2722 proxime
1599 2669 1718 2710 actis
1740 2680 1850 2721 qua-

205 2744 311 2779 tuor
327 2740 579 2792 mensibus,
596 2752 678 2792 per
697 2747 801 2781 tuos
823 2741 869 2781 in
885 2741 1088 2782 Domino
1109 2753 1288 2793 seruos,
1304 2741 1379 2782 hic
1397 2748 1533 2793 gesta
1550 2747 1671 2792 sunt,
1690 2740 1848 2793 quoad

266 2873 274 2893 ¹
316 2874 568 2909 Autographae
584 2875 709 2910 duplici
724 2875 817 2912 solio,
832 2884 887 2903 nn.
904 2875 954 2903 166
968 2879 1002 2903 et
1016 2876 1187 2904 167.—Eas
1207 2877 1293 2905 adeo
1318 2877 1507 2911 castigavit
1526 2876 1695 2904 Polancus
1713 2879 1751 2903 ut
1773 2882 1849 2902 con—

210 2920 333 2948 sultius
361 2923 579 2957 arbitremur,
596 2928 673 2957 post
689 2924 881 2958 exemplum
903 2925 1004 2958 quale
1026 2923 1173 2952 Gnatius
1194 2925 1346 2959 scripsit,
1369 2925 1462 2952 aliud
1477 2932 1498 2952 a
1520 2924 1667 2951 Polanco
1688 2923 1847 2950 emenda-

211 2971 283 2995 tum
304 2969 483 3002 subjicere.
