2104 3189
302 123 348 161 12
825 127 1054 166 LITTERAE
1072 138 1432 171 QUADRIMESTRES

297 220 413 262 tiam
435 225 480 263 et
502 223 689 264 animae
710 225 924 275 salutem,
950 236 1006 265 ac
1025 225 1152 266 uitiis
1183 225 1383 267 refertus
1411 227 1670 278 spatiosam
1691 234 1736 267 et
1756 227 1944 270 facilem

296 292 423 333 uiam
438 294 695 346 uoluptatis
716 295 869 336 suerat
890 296 1149 347 ingressus,
1175 308 1202 337 a
1222 298 1355 337 cuius
1374 298 1566 338 tandem
1588 309 1730 338 cursu
1752 310 1945 341 reuoca-

296 369 386 414 tus,
406 365 590 417 impulit
612 367 820 408 animum
841 368 901 408 ad
921 368 1144 408 uirtutem
1166 374 1211 409 et
1239 379 1398 408 rerum
1424 368 1691 409 diuinarum
1719 371 1939 412 studium.

294 434 414 476 Nam
439 443 642 488 quatuor
663 444 743 479 aut
765 439 966 490 quinque
990 439 1089 479 dies
1116 439 1341 491 impendit
1370 440 1593 480 uitiorum
1621 440 1940 493 extirpationi,

295 508 513 559 exposita
535 510 679 550 totius
700 510 826 550 uitae
847 511 1045 551 historia
1068 522 1149 562 per
1173 510 1516 551 confessionem
1539 513 1824 561 generalem.

375 578 479 619 Hac
500 580 685 621 ratione
709 581 828 622 adeo
852 587 1019 633 captus
1047 581 1134 622 fuit
1167 582 1356 622 uirtutis
1384 592 1561 631 amore,
1585 588 1635 622 ut
1656 584 1846 624 omnino
1869 585 1943 625 de—

295 650 498 691 creuerit
531 651 760 693 familiam
791 653 839 693 in
869 652 959 694 Dei
992 653 1160 694 timore
1190 660 1235 694 et
1257 653 1404 693 ueteri
1430 653 1673 693 Ecclesiae
1695 654 1942 707 disciplina

295 721 538 762 continere
559 733 832 775 regereque.

372 791 564 843 Omitto,
601 805 659 834 ne
687 796 855 846 longus
891 795 1001 845 sim,
1032 795 1258 846 plurimos
1287 801 1481 836 onustos
1515 795 1944 849 suffarcinatosque

289 864 588 913 grauissimis
609 866 831 917 peccatis,
852 866 929 918 qui
951 867 1121 916 partim
1139 866 1410 915 inimicitiis,
1434 866 1607 918 partim
1629 867 1849 908 uindictis
1872 869 1936 908 in-

290 933 518 986 iuriisque
559 936 803 977 obcaecati
834 949 889 978 ac
921 937 1168 988 debilitati,
1206 938 1462 989 nequibant
1502 943 1701 978 conatus
1737 938 1943 980 nefarios

293 1005 444 1046 hostis
461 1019 487 1047 a
505 1018 609 1048 sese
625 1009 869 1060 repellere.
890 1008 962 1049 Ac
979 1009 1259 1061 simulatque
1278 1009 1429 1049 omnis
1450 1010 1635 1060 peccati
1651 1011 1837 1050 sentina
1858 1023 1941 1063 per

295 1077 642 1119 consessionem
664 1091 722 1119 ex
743 1079 836 1120 imo
857 1087 1048 1132 pectore
1068 1080 1155 1121 fuit
1177 1081 1422 1131 exhausta,
1446 1080 1600 1121 subito
1626 1081 1674 1121 in
1694 1082 1821 1122 uiam
1851 1081 1942 1122 Do-

297 1148 412 1189 mini
439 1150 692 1191 redierunt.

373 1219 623 1273 Reliquum
658 1229 750 1273 est,
789 1223 944 1274 Pater,
974 1229 1024 1264 ut
1055 1223 1263 1264 breuiter
1300 1223 1508 1274 accipias
1549 1224 1937 1267 consuetudinem

294 1298 511 1333 nostram
538 1299 583 1333 et
610 1293 950 1335 institutionem
977 1295 1232 1335 iuuentutis
1261 1300 1473 1345 nostrae,
1505 1295 1629 1346 quod
1657 1301 1707 1335 tu
1734 1297 1939 1338 maxime

294 1364 418 1404 scire
435 1364 609 1405 studes.
630 1364 796 1406 Patres
812 1377 862 1406 se
880 1365 1084 1406 officiose
1100 1372 1350 1417 gesserunt
1370 1366 1510 1416 domi,
1534 1372 1633 1406 tum
1650 1367 1938 1409 consulendo

284 1434 487 1476 fratrum
508 1437 663 1487 saluti,
683 1442 782 1477 tum
802 1437 1041 1478 incitando
1063 1438 1279 1489 exemplo
1297 1436 1356 1477 ad
1372 1437 1592 1477 uirtutem
1614 1445 1657 1477 et
1681 1439 1930 1480 actionem.

285 1505 509 1547 Fratrum
530 1508 850 1560 unusquisque
873 1509 1127 1559 contendit,
1152 1509 1291 1549 rebus
1313 1509 1473 1549 mundi
1493 1510 1737 1561 neglectis,
1763 1509 1934 1551 offerre

290 1589 340 1618 se
364 1577 553 1619 Christo
574 1580 780 1620 hostiam
803 1581 975 1629 uiuam,
1001 1586 1215 1621 sanctam
1236 1587 1280 1620 et
1297 1580 1398 1620 Deo
1417 1581 1679 1632 placentem
1691 1587 1736 1621 et
1757 1581 1932 1623 imitari

294 1649 441 1690 filium
460 1650 677 1701 hominis,
702 1652 781 1703 qui
801 1664 894 1692 non
924 1663 1056 1692 suam
1085 1652 1167 1692 sed
1194 1651 1347 1692 Patris
1376 1658 1603 1693 executus
1624 1659 1694 1693 est
1716 1654 1934 1694 uolunta-

292 1727 401 1761 tem.
433 1722 551 1762 Cum
582 1723 674 1763 sint
711 1735 905 1764 numero
936 1724 1098 1776 pauci,
1137 1729 1243 1764 sunt
1271 1724 1504 1764 charitate
1535 1730 1580 1765 et
1615 1735 1755 1775 opere
1786 1726 1933 1777 multi3

285 1798 476 1845 tempus
497 1805 632 1834 omne
654 1795 835 1845 studiiS,
860 1794 1022 1835 officiis
1052 1796 1322 1835 domesticis
1347 1802 1391 1835 et
1413 1795 1704 1836 orationibus
1726 1797 1933 1847 partiun-

289 1870 381 1915 tur,
405 1865 594 1906 minima
620 1866 773 1917 portio
795 1866 1014 1906 tribuitur
1036 1878 1215 1916 somno,
1241 1867 1390 1906 minor
1415 1867 1535 1917 cibo,
1558 1867 1685 1906 nulla
1704 1867 1810 1907 otio,
1831 1866 1932 1908 Stu-

293 1936 477 1976 diorum
509 1942 552 1976 et
580 1937 886 1978 institutionis
917 1937 1241 1978 lassitudinem
1272 1944 1458 1978 recreat
1487 1938 1778 1989 deprecati03
1810 1939 1933 1980 hanc

293 2019 406 2048 mox
427 2014 507 2048 aut
531 2009 895 2059 aegrotantium,
925 2015 1003 2049 aut
1024 2010 1092 2049 rei
1113 2009 1370 2049 culinariae
1392 2017 1435 2050 et
1459 2010 1658 2049 aliarum
1681 2010 1932 2050 necessita-

297 2085 395 2120 tum
419 2080 616 2131 suscipit
638 2092 766 2130 cura,
790 2086 840 2120 ut
861 2081 1013 2121 lassos
1035 2081 1094 2121 ad
1115 2088 1314 2121 stratum
1345 2082 1519 2131 uenire,
1545 2081 1932 2133 ambulantesque

291 2151 567 2202 dormitare,
591 2158 635 2191 et
656 2152 857 2192 necdum
879 2153 1065 2204 expleto
1088 2164 1251 2192 somno
1274 2163 1468 2203 surgere
1490 2153 1669 2192 uideas.

363 2223 586 2263 quentus
616 2224 830 2264 instituta
857 2224 942 2264 fuit
969 2224 1232 2274 diligenter,
1259 2231 1303 2264 et
1334 2224 1591 2265 informata
1621 2235 1706 2276 pro
1735 2224 1929 2273 uiribus,

284 2300 329 2334 et
358 2294 417 2335 ad
446 2295 666 2346 pietatem
697 2302 742 2335 et
767 2295 1122 2336 humanitatem.
1151 2294 1285 2335 Multi
1315 2307 1427 2335 sane
1458 2296 1505 2336 in
1533 2295 1680 2336 literis
1710 2301 1755 2335 et
1787 2296 1924 2336 hone-

285 2371 407 2406 state
428 2378 628 2417 magnos
650 2366 822 2407 habent
843 2378 1139 2418 progressus;
1164 2374 1269 2406 sunt
1288 2368 1409 2407 enim
1430 2367 1477 2407 hi
1497 2366 1699 2419 praediti
1722 2367 1927 2417 singula-

281 2437 337 2481 ri,
376 2442 473 2477 tum
503 2437 708 2489 ingenio,
738 2445 836 2478 tum
877 2438 1122 2487 modestia,
1153 2446 1196 2478 et
1224 2450 1326 2478 sese
1356 2439 1468 2478 dant
1490 2437 1923 2489 exercitationibus,

282 2514 383 2548 tum
404 2509 726 2560 epistolarum,
750 2515 847 2550 tum
871 2510 1151 2559 orationum,
1185 2517 1282 2549 tum
1305 2511 1580 2559 carminum,
1611 2516 1730 2561 quae
1764 2509 1919 2549 omnia

286 2579 586 2620 foelicissime
621 2587 884 2632 praestant,
931 2587 975 2620 et
1015 2587 1227 2622 nostram
1265 2587 1490 2632 superant
1528 2580 1919 2632 expectationem.

287 2649 406 2691 Sunt
427 2657 672 2703 praeterea
694 2653 903 2692 nonnulli
930 2652 1027 2692 nati
1062 2652 1405 2693 honestissimis
1432 2659 1476 2692 et
1503 2651 1691 2703 optimis
1722 2652 1922 2703 parenti-

284 2722 387 2773 bus,
412 2723 490 2774 qui
511 2723 791 2775 percupiunt
811 2722 932 2763 filios
953 2735 1046 2763 non
1068 2724 1220 2764 minus
1242 2724 1355 2764 dare
1383 2735 1575 2776 operam
1605 2723 1752 2763 literis
1783 2734 1927 2775 quam

287 2794 464 2834 uirtuti.

366 2865 562 2906 Multam
584 2866 754 2918 ubique
775 2866 986 2918 gentium
1003 2878 1144 2906 cerno
1162 2878 1377 2918 messem,
1401 2866 1555 2915 Pater,
1579 2864 1662 2905 sed
1679 2865 1922 2917 operarios

284 2949 480 2989 paucos;
505 2937 747 2989 rogandus
767 2938 911 2989 igitur
932 2937 1176 2988 Dominus,
1206 2944 1256 2978 ut
1282 2939 1437 2979 mittat
1458 2936 1716 2989 operariOS,
1755 2943 1800 2976 et
1832 2948 1927 2976 ma-
