2104 3189
231 107 255 144 6
748 107 978 147 Lim-mun
998 117 1359 153 QUADRtnffisTREs

234 205 587 257 consolationis,
606 205 771 258 largiri
786 206 950 257 voluit,
969 212 1021 247 vt
1037 206 1203 248 eodem
1218 217 1465 258 regressus
1480 212 1525 247 et
1543 206 1771 259 reliquam
1789 205 1878 246 sibi

237 282 441 318 aetatem
463 277 524 318 ad
543 277 883 319 monasterium
903 278 1168 318 habendam
1188 289 1382 319 suorum
1408 278 1455 318 in
1476 277 1684 318 maximo
1705 276 1876 318 facino-

240 360 345 390 rum
362 348 741 401 flagitiorumque
761 360 978 390 moerore
1000 360 1056 389 ac
1076 348 1401 391 satisfactione
1422 347 1653 389 statuerit.
1675 346 1881 389 Videtur

239 420 466 472 profecto,
490 420 678 461 tametsi
696 431 794 461 non
814 420 906 461 alia
928 421 985 461 de
1007 431 1152 461 causa
1173 426 1366 461 sanctus
1383 420 1459 460 hic
1481 419 1749 460 aduenisset
1765 419 1881 460 iubi-

239 493 386 544 laeus,
403 492 530 532 haud
541 492 765 543 exiguum
777 491 898 533 foret
909 492 1189 533 beneficium
1200 493 1277 533 vel
1287 492 1396 533 huic
1408 491 1488 532 uni
1504 490 1725 531 collatum
1741 502 1768 531 a
1788 489 1880 531 Do-

241 563 383 604 mino.
407 563 665 615 Hactenus,
685 563 873 605 Christo
891 564 1008 615 laus,
1030 564 1337 604 concionibus
1359 561 1603 604 audiendis
1623 573 1882 603 concursus

241 646 356 675 sane
382 635 536 676 extitit
570 636 758 676 multus.
788 634 1041 676 Praeterea
1072 641 1117 675 et
1145 634 1277 675 festis
1303 641 1348 675 et
1376 633 1624 675 dominicis
1654 633 1818 674 diebus
1856 645 1884 674 a

240 706 358 747 viris
378 707 636 758 permultis,
661 712 705 747 et
737 706 924 758 quidem
955 706 1059 758 piis,
1083 705 1223 747 aedes
1244 711 1435 746 nostrae
1456 704 1644 756 vesperi
1669 710 1776 745 sunt
1795 703 1884 745 fre-

243 784 512 830 quentatae,
535 777 814 818 adeuntibus
835 777 1100 829 spiritualia
1121 777 1179 818 ob
1202 776 1477 829 accipienda
1504 776 1703 828 eloquia,
1728 775 1885 817 iidem-

246 860 335 901 que
356 849 461 889 hice
483 848 592 899 (sic)
613 855 784 889 octauo
805 860 990 901 quoque
1012 848 1085 889 die
1107 854 1319 889 nostrum
1342 849 1390 888 in
1409 848 1649 899 sacellum,
1677 847 1888 900 peccatis

246 919 543 961 confessione
566 920 749 971 ablutis,
787 920 848 961 ad
875 931 1051 972 corpus
1079 918 1381 961 Dominicum
1402 919 1596 960 veniunt
1630 918 1887 960 accessuri.

249 990 488 1032 Adhibeat
509 991 740 1032 Dominus
762 991 1092 1032 constantiam.

328 1062 401 1104 De
428 1063 595 1104 studiis
626 1069 786 1104 autem
816 1062 1031 1114 fratrum,
1064 1063 1293 1115 pergitur,
1321 1063 1709 1115 potissimumque
1735 1073 1890 1114 gram-

249 1135 423 1175 matica
447 1134 473 1186 ¹,
498 1135 574 1176 cui
608 1147 668 1176 ex
693 1134 922 1175 fratribus
949 1134 1224 1175 incumbunt
1245 1141 1439 1186 septem;
1476 1134 1544 1174 rei
1579 1133 1890 1174 solicitudinis

249 1207 614 1259 diligentiaeque
637 1206 886 1247 adhibetur
908 1206 1038 1246 satis.
1062 1206 1183 1247 Nam
1204 1206 1329 1258 quod
1349 1206 1516 1247 attinet
1537 1205 1596 1246 ad
1627 1204 1891 1246 aedificium

254 1278 467 1330 Collegii‚
491 1278 720 1319 foeliciter
743 1277 861 1318 adeo
883 1289 986 1317 sese
1007 1277 1160 1328 habet,
1186 1285 1236 1317 vt
1252 1278 1461 1329 plerique
1484 1277 1530 1317 id
1547 1276 1892 1328 conspicientes

254 1351 500 1391 mirentur:
524 1350 624 1390 eius
641 1355 813 1400 autern,
838 1360 957 1401 quae
978 1360 1103 1389 nunc
1125 1349 1416 1389 construitur
1438 1360 1565 1400 pars,
1589 1348 1712 1388 hanc
1733 1358 1892 1400 quam-

249 1422 454 1474 primum
468 1421 697 1471 (divinum
709 1420 847 1461 modo
866 1420 988 1460 adsit
1001 1420 1242 1471 auxilium)
1257 1420 1501 1460 absoluere
1518 1418 1890 1472 properabimus.
1916 1475 1919 1478 Ι

334 1493 455 1545 Quid
482 1492 538 1533 de
574 1492 756 1544 ingenti
777 1491 1114 1542 consolatione,
1140 1503 1232 1543 qua
1261 1491 1390 1531 Deus
1426 1491 1630 1542 optimus
1659 1489 1895 1531 maximus

253 1571 467 1605 nostrum
488 1564 879 1605 charissimorum
908 1561 1101 1603 Patrum
1122 1563 1212 1603 huc
1233 1563 1311 1614 qui
1340 1555 1573 1614 coierunt,
1598 1561 1893 1614 optatissimo

257 1636 463 1677 aduentu
484 1647 571 1676 nos
593 1634 773 1676 affecit?
795 1633 931 1686 Quod
952 1635 991 1674 si
1012 1645 1174 1674 omnes
1202 1640 1430 1686 quotquot
1451 1634 1528 1674 hic
1549 1633 1734 1685 agimus
1766 1638 1895 1673 recte

257 1708 414 1749 animo
443 1706 846 1759 perpenderimUS,
884 1712 1073 1746 nostros
1105 1705 1312 1746 omnium
1347 1705 1532 1745 animos
1566 1711 1791 1757 paternus
1821 1703 1897 1743 ille

256 1785 519 1820 conuentus
553 1790 649 1819 non
681 1784 936 1829 Vtcumque
964 1777 1175 1817 excitare
1202 1782 1246 1816 et
1275 1777 1423 1828 potuit
1452 1783 1496 1817 et
1519 1776 1691 1828 debuit,
1715 1781 1766 1816 vt
1789 1774 1897 1827 quia

260 1851 336 1892 hic
357 1851 574 1902 primitus
595 1854 881 1890 conuentum
901 1855 987 1898 est,
1011 1855 1056 1888 et
1076 1859 1162 1888 nos
1185 1848 1326 1888 etiam
1347 1848 1486 1900 primi
1503 1855 1555 1889 vt
1575 1847 1779 1888 Domino
1796 1858 1900 1898 pro-

257 1924 492 1975 ximisque
514 1922 734 1962 vniamur
750 1920 962 1961 vicissim
978 1919 1305 1971 properemus?
1323 1919 1445 1971 Quid
1461 1919 1665 1960 referam
1685 1917 1901 1971 equidem

258 1996 362 2036 illos
385 1993 560 2036 Christi
581 1992 836 2043 ministros,
860 1991 1143 2042 Magistrum
1162 1990 1333 2043 Nadal‚
1365 1990 1674 2032 Franciscum
1700 1990 1757 2031 de
1791 1990 1904 2030 Bor-

260 2067 356 2119 gia,
379 2065 636 2107 Doctorem
657 2063 831 2114 Araoz,
855 2061 1112 2103 Doctorem
1135 2062 1325 2113 Torres,
1348 2062 1632 2114 Magistrum
1651 2061 1849 2103 Strada?
1872 2060 1902 2112 ²,

262 2150 380 2189 quos
399 2136 573 2178 intueri
594 2136 765 2176 mirum
787 2135 978 2175 omnino
1002 2146 1058 2175 ac
1080 2134 1267 2175 diuinae
1297 2134 1448 2174 laudis
1476 2132 1782 2174 seminarium
1801 2132 1902 2173 fuit.

261 2209 385 2261 Quid
406 2209 576 2249 horum
596 2217 839 2247 sermones
861 2212 905 2246 et
927 2205 1174 2257 colloquia,
1195 2205 1305 2257 quid
1327 2205 1597 2246 conuictum
1614 2211 1659 2245 et
1675 2203 1908 2245 sermonis

263 2278 554 2322 comitatem?
576 2278 699 2330 Quot
730 2278 1010 2329 quantisque
1033 2276 1185 2317 dubiis
1206 2276 1352 2317 corda
1379 2282 1542 2317 nostra
1564 2276 1741 2328 passim
1769 2274 1908 2316 extri-

265 2353 452 2393 cabant!
477 2357 702 2403 quantam
724 2348 912 2389 demum
933 2348 1292 2388 admirationem
1313 2347 1610 2388 adducebant
1640 2346 1838 2388 cunctis!
1869 2344 1908 2386 O

266 2424 379 2478 Jesu
401 2422 590 2474 optime!
613 2427 663 2461 vt
684 2426 847 2461 nostra
875 2419 1083 2460 omnium
1110 2425 1304 2471 pectora
1328 2418 1592 2460 exhilarata
1621 2425 1665 2459 et
1687 2417 1909 2460 roborata

267 2502 375 2537 sunt
396 2505 509 2547 prae
530 2499 661 2533 tanta
682 2492 992 2542 fraternitate,
1022 2490 1347 2532 aedificatione
1370 2497 1414 2532 et
1436 2491 1681 2541 charitate,
1712 2500 1831 2541 quae
1862 2488 1911 2530 in

268 2566 561 2608 charissimis
582 2565 757 2605 nostris
779 2563 1123 2616 perspeximus!

351 2637 491 2679 Pater
502 2636 653 2677 Nadal
668 2636 759 2676 huc
777 2634 1051 2675 adventauit
1068 2622 1219 2686 pridie
1236 2634 1397 2675 Nonas
1409 2633 1630 2687 Aprileis:
1649 2643 1914 2673 commora-

270 2718 345 2751 tus
368 2717 437 2750 est
459 2721 541 2761 per
563 2709 680 2749 duos
701 2714 746 2748 et
768 2706 938 2759 viginti
959 2706 1071 2757 dies,
1105 2718 1198 2758 quo
1228 2706 1454 2759 temporis
1475 2704 1626 2758 spatio
1647 2703 1813 2744 Patres
1842 2715 1916 2745 su-

328 2847 340 2869 ¹
377 2847 444 2881 Sic;
458 2848 580 2875 melius
595 2847 631 2874 in
645 2846 779 2873 studiis
792 2844 1087 2880 autemfratrum
1100 2845 1595 2879 pergitur,potissimumque
1610 2842 1646 2869 in
1661 2842 1918 2876 grammatica.

326 2896 340 2916 Ξ
379 2895 503 2923 Patres
518 2902 636 2929 nempe
653 2894 900 2930 Hieronymum
914 2893 1038 2927 Nadal,
1057 2892 1243 2920 Antonium
1259 2892 1299 2919 de
1317 2892 1442 2926 Araoz,
1458 2890 1661 2918 Michaelem
1683 2889 1722 2917 de
1737 2889 1865 2918 Torres
1883 2892 1918 2916 et

273 2943 365 2978 Mag.
381 2942 604 2971 Franciscum
619 2943 658 2969 de
675 2942 840 2969 Estrada.
