2047 3179
874 156 958 193 AN.
990 156 1081 193 1554
1754 156 1800 191 33

171 256 261 295 huc
291 254 368 306 qui
402 253 757 302 calumnientur,
793 251 1138 303 patientiaeque
1165 250 1410 290 materiam
1445 262 1537 290 non
1567 251 1799 291 modicam

173 324 402 366 immerito
423 324 692 375 praebeant,
715 334 808 362 non
826 323 973 362 solam
995 321 1194 361 docendi
1212 321 1456 371 rationem,
1481 320 1536 360 de
1558 333 1650 372 qua
1672 333 1799 372 prac-

174 395 298 447 cipui
327 401 435 435 sunt
470 394 726 443 conflictus,
764 392 861 441 sed,
894 393 933 433 si
969 392 1079 444 quid
1109 392 1249 432 etiam
1275 392 1322 432 in
1353 392 1526 432 ciuium
1555 392 1801 432 Vtilitatem

174 466 367 516 edimus,
400 471 660 517 carpentes.
683 464 978 515 Quamquam
1008 475 1099 503 non
1120 463 1166 503 id
1188 463 1390 514 impune,
1414 463 1497 503 sed
1517 463 1640 503 vnde
1663 463 1802 503 maio-

175 549 273 577 rem
294 536 380 576 sibi
400 537 585 577 laudem
607 547 884 588 comparare
904 535 1023 575 falso
1039 534 1263 585 iudicant,
1289 535 1397 574 hinc
1418 535 1675 586 turpiorem
1695 546 1806 575 non-

177 607 287 648 nulli
309 607 522 659 (quorum
544 614 613 647 est
634 607 894 647 authoritas
916 606 1112 656 summa)
1134 606 1418 657 ignominiae
1440 612 1602 646 notam
1623 611 1805 646 contra-

178 680 306 719 hunt.
331 678 566 718 Adiiciam
587 677 899 729 ludimagistri
918 678 1160 718 cuiusdam
1181 678 1365 728 insigne
1388 683 1693 728 stratagema,
1717 688 1807 728 quo

178 755 403 801 quantum
434 749 567 789 nobis
595 749 701 789 fidei
727 748 973 789 detrahere
1005 754 1075 789 est
1104 754 1314 798 conatus,
1339 754 1520 788 tantum
1550 748 1636 788 sibi
1658 749 1810 799 acqui-

177 821 286 861 siuit
305 820 606 872 ignominiae.
630 819 750 860 Nam
772 820 839 870 (vt
860 827 1063 869 caetera,
1093 831 1150 859 ne
1185 820 1273 859 sim
1306 819 1395 859 hac
1424 820 1470 859 in
1496 831 1547 859 re
1566 819 1807 871 prolixior.

178 892 422 941 omittam),
448 903 553 931 cum
574 890 769 942 Neapoli
798 891 889 931 huc
921 890 1189 941 adueniens,
1223 891 1513 930 aemulorum
1544 891 1726 930 solicita
1748 891 1810 930 di-

179 962 372 1014 ligentia
405 963 703 1011 subornatus,
743 962 929 1002 scholas
964 968 1151 1002 nostras
1186 962 1378 1002 adiisset
1408 961 1730 1013 coepissetque
1766 962 1811 1001 in

179 1033 489 1085 quorumdam
510 1044 798 1073 summorum
822 1033 1034 1073 virorum
1068 1038 1338 1084 conspectu,
1368 1033 1446 1084 qui
1473 1039 1582 1072 tunc
1617 1032 1812 1072 aderant

181 1105 599 1145 examinandorum
617 1104 952 1155 discipulorum
972 1105 1141 1155 gratia,
1161 1104 1390 1152 foelicern,
1409 1111 1459 1144 Vt
1477 1104 1808 1153 arbitrabatur,

183 1183 349 1217 nactus
384 1176 681 1217 occasionem
714 1176 929 1228 discipuli
963 1176 1207 1216 cuiusdam
1233 1176 1495 1227 epistolium
1525 1177 1696 1226 legere,
1734 1176 1813 1215 ini-

183 1248 298 1287 tium
331 1248 629 1299 reprehendit
655 1247 988 1299 imprudenter.
1018 1246 1177 1298 Neque
1198 1247 1321 1287 enim
1355 1246 1447 1287 dici
1467 1259 1605 1298 posse
1627 1247 1814 1287 volebat

186 1319 365 1370 “recepi
387 1319 673 1370 epistolam‚,‚
699 1319 856 1369 immo,
881 1318 1003 1370 quod
1026 1319 1207 1370 turpius
1234 1324 1318 1369 est,
1343 1319 1519 1358 nullum
1540 1318 1713 1358 latinae
1734 1319 1814 1358 lin-

181 1401 302 1441 guae
332 1389 579 1430 authorem
608 1390 673 1430 ita
694 1390 836 1430 fuisse
872 1391 1090 1439 locutum,
1128 1390 1287 1430 nescio
1319 1401 1410 1441 qua
1432 1389 1577 1429 fretus
1600 1389 1813 1439 audacia,

182 1466 454 1501 constanter
477 1461 733 1501 asserebat.
756 1460 901 1501 Cuius
922 1461 1000 1501 vbi
1030 1461 1150 1500 ratio
1181 1460 1494 1501 temeritatem
1521 1461 1815 1511 compressit,

181 1532 416 1572 volvimus
437 1532 679 1572 Ciceronis
708 1531 767 1572 ad
795 1531 1006 1572 Atticum
1029 1532 1264 1584 epistolas,
1298 1531 1374 1572 ubi
1396 1532 1629 1583 recepisse
1651 1544 1700 1572 se
1721 1532 1817 1572 lite-

184 1614 261 1643 ras
281 1609 325 1643 et
349 1603 571 1654 epistolas
592 1602 843 1643 fatebatur.
875 1602 1010 1654 Quod
1045 1614 1151 1643 cum
1179 1603 1453 1654 accepisset,
1478 1602 1631 1643 famae
1654 1613 1819 1642 consu-

182 1675 297 1724 lens,
321 1675 410 1714 alio
431 1685 494 1721 se,
519 1674 680 1714 relicta
704 1673 911 1724 Perusia,
935 1675 1145 1714 contulit.
1170 1674 1326 1725 Atque
1349 1675 1465 1714 haec
1488 1674 1543 1714 de
1565 1674 1745 1714 studiis.

267 1744 396 1795 Quae
419 1757 532 1785 vero
555 1745 613 1785 ad
635 1745 896 1796 spiritualia
918 1746 1166 1797 pertinent,
1191 1746 1308 1785 haec
1330 1745 1431 1785 istis
1452 1745 1595 1785 nihilo
1614 1752 1720 1785 sunt
1742 1745 1821 1785 mi-

188 1827 318 1856 nora.
355 1815 527 1856 Totum
562 1822 744 1867 tempus
784 1816 1213 1867 quadragenarium
1248 1821 1653 1856 sacramentorum
1681 1816 1823 1855 admi-

190 1887 457 1927 nistrationi
493 1898 770 1927 concessum
799 1894 882 1937 est,
917 1900 972 1927 ex
1005 1899 1095 1939 quo
1132 1900 1224 1927 non
1246 1899 1421 1939 paruus
1449 1888 1711 1927 animarum
1733 1887 1825 1927 fru-

189 1964 306 1998 ctus.
327 1958 460 1998 Multi
481 1959 710 2010 siquidem
721 1959 779 1999 ad
793 1960 1033 1999 meliorem
1049 1960 1176 1999 vitae
1191 1971 1405 1999 normam
1423 1970 1525 1999 sese
1543 1959 1824 2009 redigenteS,

189 2030 366 2069 relictis
387 2030 637 2080 erroribus,
662 2029 847 2071 Christo
875 2031 1202 2078 adhaeserunt,
1227 2042 1428 2082 quorum
1462 2030 1634 2081 partim
1655 2030 1827 2070 adulte-

192 2100 288 2149 riis,
312 2100 481 2152 partim
503 2101 654 2151 furtis,
687 2102 873 2152 plurimi
901 2102 1179 2154 capitalibus
1209 2102 1328 2142 odiis
1358 2113 1413 2141 ac
1435 2101 1681 2151 diuturnis,
1707 2101 1827 2141 aliis-

187 2183 281 2223 ‹que
310 2171 357 2211 id
385 2182 536 2222 genus
565 2172 818 2212 sceleribus
846 2172 1053 2224 impediti
1090 2172 1276 2213 fuerant
1307 2184 1398 2224 quo
1428 2173 1580 2212 minus
1602 2184 1627 2212 a
1650 2172 1826 2221 decem,

188 2242 474 2293 quindecim,
507 2243 692 2293 viginti,
726 2243 866 2283 etiam
893 2244 1083 2294 triginta
1115 2244 1249 2283 annis
1276 2249 1682 2283 sacramentorum
1712 2243 1830 2283 salu-

196 2313 284 2352 tari
305 2313 460 2364 gratia
494 2313 776 2355 fruerentur.
800 2314 901 2356 Hoc
930 2316 1031 2366 ipso
1063 2322 1272 2367 ternpore
1301 2315 1623 2355 adolescentes
1646 2314 1834 2354 circiter

198 2390 390 2435 septem,
415 2385 492 2436 qui
514 2385 688 2425 nostris
710 2385 1065 2437 confitebantur,
1091 2387 1250 2426 diuino
1272 2398 1321 2426 se
1343 2392 1466 2426 totos
1488 2386 1711 2437 obsequio
1744 2392 1835 2426 tra-

193 2455 372 2504 didere,
404 2467 462 2495 ex
492 2456 658 2507 quibus
688 2457 766 2496 alii
787 2464 893 2497 sunt
915 2458 1190 2508 religionem
1227 2458 1444 2508 ingressi,
1469 2457 1547 2497 alii
1570 2457 1692 2497 idem
1715 2468 1836 2496 asse-

200 2526 279 2578 qui
299 2526 534 2567 festinant.
560 2527 788 2568 Effectum
810 2535 880 2568 est
902 2529 1042 2569 etiam
1063 2536 1114 2568 vt
1136 2529 1421 2579 sacerdotes,
1446 2528 1611 2580 quibus
1634 2528 1690 2568 ob
1711 2528 1839 2568 vitae

201 2596 444 2637 infamiam
464 2598 615 2638 sacris
636 2605 736 2638 erat
757 2599 1070 2650 interdictum,
1096 2600 1155 2640 ad
1184 2600 1382 2651 pristina
1410 2599 1561 2640 officia
1583 2598 1709 2639 omni
1729 2604 1841 2639 nota

202 2669 392 2719 purgati
420 2669 793 2710 restituerentur.
824 2670 1039 2723 Plerique
1067 2671 1241 2722 duplici
1278 2683 1469 2712 carcere
1504 2670 1724 2722 exempti,
1763 2670 1842 2722 qui

205 2739 405 2779 vinculis
423 2752 450 2779 a
470 2739 578 2780 R.d0
601 2740 793 2781 Vicario
816 2742 999 2783 liberati
1020 2743 1155 2783 nobis
1186 2743 1491 2783 tradebantur
1514 2754 1620 2794 quo,
1644 2742 1843 2782 strictio-

206 2809 334 2850 ribus
354 2818 658 2861 peccatorum
679 2812 876 2853 nexibus
897 2814 1050 2864 soluti,
1065 2814 1308 2854 liberiores
1324 2813 1609 2854 incederent.
1632 2812 1747 2853 Sunt
1767 2813 1846 2864 qui

209 2880 380 2931 peioris
401 2882 526 2922 vitae
544 2884 837 2924 correctione
858 2884 1043 2925 animae
1064 2886 1241 2937 pariter
1263 2891 1307 2925 et
1324 2885 1536 2936 corporis
1558 2885 1756 2924 salutem
1778 2895 1846 2923 re-

208 2959 509 3001 cuperarunt.
533 2952 679 2994 Porro
708 2955 792 2995 sub
821 2956 942 2996 diem
964 2956 1267 3007 Parasceues,
1292 2968 1349 2996 ne
1384 2956 1486 3008 quis
1509 2956 1604 2995 otio
1636 2960 1846 3001 vacaret,
