2047 3179
853 147 937 184 AN.
968 146 1059 183 1555
1707 124 1778 184 275

142 241 302 286 uitatis
324 257 533 286 errorem
555 256 578 285 e
601 243 834 295 corruptis
861 243 1093 282 mentibus
1121 243 1377 293 expellere:
1403 253 1564 282 earum
1587 243 1776 293 multae,

139 316 360 367 quamuis
385 316 507 356 idem
527 327 619 355 non
640 314 848 362 fecerint,
878 313 1150 364 parentibus
1173 324 1257 363 pro
1281 323 1409 352 more
1431 313 1775 363 recusantibus,

144 387 302 428 animo
330 393 486 427 tamen
512 387 558 427 in
586 386 707 426 hanc
729 395 888 424 omnes
917 389 1220 423 accesserunt
1249 383 1542 422 sententiam:
1574 382 1777 433 quinque

147 469 280 508 vero,
303 458 430 497 nulla
451 462 696 509 parentum
716 455 805 495 hac
825 454 872 494 in
902 459 1035 505 parte
1057 453 1217 493 habita
1239 454 1436 503 ratione,
1461 453 1682 505 quicquid
1703 452 1779 492 bo-

141 540 312 569 norum
341 528 653 579 possiderent,
685 525 909 566 concione
936 524 1171 575 perfecta,
1202 523 1362 564 diuino
1393 523 1465 573 (ut
1493 523 1778 564 credendum

141 601 238 647 est)
270 598 455 639 afflatae
486 598 674 648 spiritu,
703 596 763 637 ad
789 595 1071 636 Abbatissae
1097 595 1240 646 pedes
1269 594 1437 635 humili
1460 594 1778 645 resignatione

145 671 438 722 prouolutae,
468 674 799 720 exposuerunt.

228 739 352 780 R.dus
374 746 528 779 autern
551 739 597 779 P.
623 737 922 789 Praepositus
943 735 950 754 ¹
970 736 1288 776 subleuandae
1305 737 1558 777 multorum
1580 736 1783 787 inopiae,

147 816 336 862 praeter
353 810 489 850 solita
508 809 748 858 exercitia,
763 807 1055 860 potissimum
1069 806 1154 847 fuit
1170 807 1389 857 intentus,
1415 819 1504 858 qua
1519 819 1612 847 non
1634 807 1784 848 solum

147 883 280 932 haec,
311 881 392 921 sed
424 881 564 920 etiam
592 881 711 920 aliae
745 879 881 919 huius
909 878 1089 918 insulae
1120 878 1335 918 ciuitates
1365 884 1593 929 urgentur
1617 886 1661 918 et
1683 889 1782 929 pre-

147 958 339 992 muntur
360 963 505 1003 usque
541 951 673 999 adeo,
702 957 752 990 ut
778 949 902 990 fame
928 949 1059 989 multi
1089 949 1300 1000 oppressi
1330 949 1544 989 ultimum
1565 948 1785 989 claudere

146 1023 272 1063 diem
294 1029 537 1074 cogantur.
562 1021 779 1062 Occurrit
799 1020 955 1072 itaque
973 1019 1079 1059 huic
1098 1019 1370 1059 necessitati
1386 1031 1480 1059 non
1497 1031 1610 1059 sane
1632 1020 1785 1070 segni-

147 1101 239 1144 ter;
275 1093 551 1133 breuissimo
587 1091 709 1132 enim
744 1092 924 1132 dierum
959 1102 1155 1130 numero
1189 1102 1283 1130 non
1319 1091 1472 1130 minus
1507 1102 1648 1142 quarn
1682 1090 1790 1131 7500

152 1172 285 1206 scuta
306 1164 553 1205 Messanae
574 1176 633 1204 ex
653 1163 947 1203 eleemosinis
968 1162 1169 1213 collegit,
1189 1168 1237 1201 ut
1259 1162 1450 1202 domum
1466 1161 1625 1214 (quam
1643 1163 1787 1213 uulgo

154 1243 359 1276 montem
375 1235 561 1287 pietatis
579 1233 830 1286 appellant)
849 1233 1154 1274 constitueret
1170 1232 1198 1273 2.
1219 1232 1325 1273 Duo
1342 1233 1523 1284 peregit
1536 1233 1790 1274 hincitine-

154 1318 222 1357 ra,
246 1306 474 1347 Bibonam
497 1307 708 1355 alterum,
733 1306 930 1344 alterurn
951 1304 1250 1355 Panormum,
1270 1316 1469 1355 quorum
1486 1305 1658 1356 priore,
1684 1316 1790 1345 cum

156 1378 337 1419 Catana
359 1377 596 1427 transiret,
621 1377 850 1416 allocutus
873 1375 935 1415 ibi
957 1382 1026 1415 est
1053 1374 1416 1425 Ferdinandum,
1448 1374 1669 1426 Proregis
1697 1387 1792 1416 ma-

156 1450 302 1490 iorem
324 1454 437 1488 natu
457 1447 614 1495 filium,
639 1447 718 1499 qui
740 1447 923 1487 dixerat
945 1452 1105 1486 nostro
1127 1445 1229 1486 R.d0
1251 1445 1379 1486 Patri
1401 1447 1518 1486 uelle
1537 1458 1586 1486 se
1610 1447 1793 1487 uniuer-

156 1521 348 1561 sitatem
368 1520 495 1559 illam
524 1518 731 1559 Catanae
755 1518 890 1569 (quae
919 1519 1019 1557 sola
1040 1517 1085 1557 in
1113 1518 1201 1557 hoc
1230 1528 1377 1568 regno
1402 1517 1616 1567 habetur)
1639 1516 1793 1558 Socie-

152 1592 243 1632 ‘tati
264 1590 564 1631 demandare.
589 1589 682 1630 Vbi
708 1590 849 1629 etiarn
870 1589 1189 1640 orphanorum
1211 1588 1400 1628 domum
1423 1589 1624 1629 restituit
1646 1587 1658 1607 ³
1680 1590 1794 1629 elee-

158 1662 449 1703 mosinarum
470 1661 792 1701 subuentione.

238 1733 289 1773 In
326 1732 495 1784 oppido
532 1731 672 1771 etiarn
707 1730 821 1770 Itala
858 1729 1048 1770 Domini
1086 1730 1222 1770 uinea
1259 1729 1508 1781 diligenter
1547 1733 1792 1783 exeolitur;

156 1816 267 1844 'nam
299 1810 486 1855 praeter
521 1801 841 1842 confessiones
869 1807 913 1841 et
944 1801 1312 1851 communiones,
1344 1813 1463 1853 quae
1492 1803 1537 1842 in
1573 1802 1671 1843 dies
1706 1803 1794 1843 fre-

157 1875 429 1926 quentiores
464 1874 526 1913 ibi
554 1879 683 1923 sunt,
714 1883 863 1924 nuper
890 1871 976 1922 (ita
1003 1872 1187 1912 iubente
1217 1872 1443 1924 Prorege)
1480 1874 1651 1914 missus
1686 1875 1795 1915 hinc

156 1945 398 1997 professor
421 1956 538 1984 unus
560 1949 643 1994 est,
677 1943 768 1994 qui,
799 1942 1095 1983 audientibus
1116 1944 1359 1983 monachis
1383 1950 1426 1984 et
1456 1945 1703 1996 oppidanis
1731 1945 1794 1985 iu-

162 2016 373 2065 uenibus,
398 2026 598 2066 graecas
620 2020 664 2053 et
685 2014 856 2053 latinas
876 2013 1036 2053 literas
1056 2013 1371 2065 profiteretur.

241 2086 596 2138 Syracusanum
622 2084 881 2134 Collegium
913 2084 984 2134 (de
1015 2096 1105 2135 quo
1140 2085 1234 2124 iarn
1261 2085 1379 2125 alias
1411 2086 1677 2126 Paternitas
1717 2094 1797 2128 tua

219 2199 229 2219 ¹
269 2198 304 2225 P.
322 2198 550 2233 Hieronymus
566 2197 773 2227 Domenech.
796 2195 934 2223 Siciliae
950 2196 1190 2223 Provincialis.

217 2245 232 2265 ⁴?-
269 2245 536 2272 “Domenechius
564 2252 657 2274 vero.
681 2251 779 2279 quem
803 2244 932 2271 Prorex
954 2244 1031 2271 dum
1055 2244 1234 2271 Messanae
1258 2252 1365 2277 esset,
1390 2245 1612 2272 adventantis
1634 2245 1802 2274 Turcicae

166 2294 286 2320 elassis
303 2293 395 2320 sama
411 2300 449 2319 eo
464 2297 661 2325 revocatuS,
676 2299 780 2326 prope
796 2292 957 2319 calendas
978 2292 1120 2319 sextiles
1144 2292 1326 2319 Bisbonam
1343 2292 1496 2325 miserat,
1512 2299 1547 2320 ut
1563 2293 1652 2321 filiae
1676 2294 1803 2322 Isabel-

165 2342 218 2368 lae
237 2341 367 2368 crebris
382 2340 513 2367 nunciis
528 2339 712 2374 flagitanti.
729 2340 816 2373 quod
833 2340 975 2373 primum
987 2340 1180 2366 immineret
1196 2341 1425 2374 puerperium,
1442 2345 1588 2374 paterna
1601 2349 1684 2369 cura
1700 2342 1800 2370 satis-

167 2388 311 2420 faceret,
327 2387 519 2415 Messanam
534 2391 569 2414 ut
591 2386 703 2418 rediit.
719 2386 861 2420 Proregi
885 2387 1069 2421 persuasit,
1086 2394 1126 2413 ne
1147 2392 1337 2421 pateretur,
1362 2387 1510 2415 Montem
1535 2388 1689 2421 Pietatis.
1706 2397 1805 2424 quem

167 2443 255 2463 anno
270 2436 445 2470 superiore
470 2435 605 2462 Natalis
622 2438 718 2461 tanto
741 2435 870 2467 labore,
887 2439 990 2468 atque
1013 2435 1166 2468 impensa
1191 2435 1429 2467 inchoaverat,
1453 2443 1492 2462 eo
1514 2437 1656 2464 absente
1678 2438 1807 2465 obsole-

164 2491 274 2517 scere,
296 2483 384 2517 quod
409 2483 544 2517 publica
569 2481 716 2508 nondum
740 2482 963 2514 auctoritate,
978 2489 1086 2516 neque
1111 2482 1190 2509 ullis
1214 2482 1346 2516 legibus
1370 2483 1590 2517 constitutus,
1608 2485 1806 2518 propediem

167 2531 370 2558 interiturus
394 2530 588 2557 videbatur.
615 2529 745 2556 Prorex
772 2529 851 2556 boui
874 2529 998 2563 publici
1025 2530 1199 2556 asserendi
1226 2537 1286 2564 per
1311 2537 1346 2556 se
1371 2530 1531 2564 cupidus,
1560 2535 1591 2558 et
1618 2539 1808 2566 pauperum

167 2579 293 2605 vindex
309 2578 509 2610 acerrimus,
526 2577 700 2610 negotium
716 2580 854 2603 strenue
869 2577 1020 2611 suscipit,
1044 2576 1287 2611 Magistratum
1303 2585 1409 2611 creat,
1426 2579 1481 2612 qui
1505 2579 1655 2606 codicem
1673 2582 1807 2615 accepti

167 2631 201 2653 et
226 2626 364 2660 expensi
391 2626 478 2660 apud
501 2632 534 2651 se
558 2625 695 2656 habeat,
719 2624 899 2658 pecuniam
914 2629 1022 2657 curet,
1047 2625 1192 2658 pignora
1215 2625 1249 2651 in
1270 2624 1369 2652 fidem
1395 2625 1551 2660 recipiat.
1569 2631 1602 2654 et
1625 2627 1809 2659 distrahat;

167 2676 261 2708 leges
276 2674 399 2704 condit.
415 2673 535 2707 quibus
551 2672 719 2699 mutuatio
741 2671 821 2698 dato
844 2673 986 2705 pignore
1002 2672 1218 2705 instituatur,
1235 2677 1267 2699 et
1284 2679 1455 2707 servetur,
1472 2678 1505 2701 et
1528 2675 1729 2702 remittatur
1751 2675 1808 2703 de-

168 2720 328 2754 posituun
343 2727 487 2755 poenam
503 2719 681 2746 constituit
697 2719 1011 2751 conturbatoribus,
1030 2722 1062 2745 et
1078 2719 1326 2752 decoctoribus,
1343 2720 1369 2747 si
1387 2720 1474 2748 forte
1498 2721 1573 2749 dolo
1596 2723 1684 2750 malo
1706 2730 1807 2757 pecu—

167 2769 224 2795 nia
249 2769 386 2802 publica
411 2771 642 2795 averteretur.
669 2765 920 2793 Domenechius
945 2767 1149 2800 quingentos
1175 2774 1298 2794 aureos
1324 2767 1465 2795 vicatim
1495 2774 1700 2804 corrogatos
1729 2778 1808 2798 con-

170 2815 288 2847 trabit;
310 2815 550 2849 locupletiores
564 2813 691 2848 partim
706 2817 970 2847 repraesentant
994 2815 1183 2848 pecuniam,
1201 2815 1328 2848 partim
1349 2816 1567 2850 pollicentur.
1592 2817 1653 2845 His
1677 2819 1811 2846 artibus

171 2862 265 2890 Mons
280 2863 425 2890 Pietatis
441 2870 524 2897 pene
540 2862 704 2895 dilapsuS,
726 2868 851 2894 magna
874 2869 1062 2896 pauperum
1084 2863 1344 2895 acclamatione,
1367 2865 1561 2892 amandatis
1583 2866 1695 2893 usuris
1710 2867 1811 2893 resti-

170 2911 313 2944 tuitu1·.„
329 2910 520 2943 Aeonem,
548 2908 758 2935 Provinciae
783 2908 925 2936 Siculae
943 2909 974 2935 S.
992 2909 1024 2943 J.
1054 2911 1154 2936 ortus
1169 2912 1201 2936 et
1220 2917 1276 2936 res
1291 2913 1445 2944 gestae...
1463 2911 1497 2940 P.
1515 2912 1640 2948 1,c.1v,
1658 2921 1688 2941 n.
1716 2922 1812 2946 xxm,

227 2957 242 2978 ³
278 2958 354 2993 Ipse
370 2958 405 2985 Ρ.
423 2956 632 2985 Domencch.
