2047 3179
894 159 978 196 AN.
1010 159 1101 196 1555
1755 158 1829 195 265

188 262 404 296 nostrum
425 256 774 308 adscripsimus.
811 256 988 296 Eorum
1014 255 1104 295 duo
1132 260 1239 295 sunt
1266 254 1465 306 hispani,
1496 255 1664 294 tertius
1686 255 1825 294 italus

192 332 238 367 et
264 327 553 367 florentinus:
590 339 750 368 omnes
784 333 941 367 autem
975 326 1167 366 nobiles:
1208 337 1327 365 unus
1363 325 1487 365 enim
1520 325 1826 376 hispanorum

193 398 363 450 equitis
384 398 561 439 honore
583 398 909 448 decorabatur,
935 399 1053 438 alter
1075 403 1144 437 est
1165 397 1213 437 P.
1237 396 1402 449 Jacobi
1424 408 1586 447 nepos:
1618 397 1756 436 ambo
1780 397 1826 436 in

192 469 366 521 pietate
401 475 445 509 et
475 469 744 510 christianis
780 469 1030 509 uirtutibus
1058 468 1202 519 probe
1224 467 1437 508 instituti.
1463 467 1663 517 Tertius,
1689 479 1826 517 quem

194 540 357 580 italum
392 546 437 580 et
470 541 766 580 florentinum
801 539 917 590 dixi,
955 539 1014 579 ad
1048 538 1287 579 Pratensis
1321 538 1829 590 Archipresbyteratus

194 611 471 661 dignitatem
499 618 705 663 euectus,
738 617 868 651 tanto
902 611 1039 662 plane
1067 610 1263 660 muneri,
1289 616 1333 650 et
1364 609 1600 660 religiosis
1623 609 1831 649 moribus

193 688 237 721 et
259 682 384 721 uitae
404 682 637 733 probitate
658 681 922 734 respondet.
947 681 1148 732 Quidam
1182 682 1322 721 etiam
1358 681 1632 721 adolescens
1665 680 1828 720 floren-

192 753 332 802 tinus,
352 753 496 792 nobili
514 765 538 793 e
554 753 732 793 familia
749 759 893 804 ortus,
914 752 1219 793 Cortonensis
1236 752 1458 804 Episcopi
1475 763 1637 804 nepos,
1663 752 1709 791 in
1730 751 1830 791 lati-

193 824 265 863 nis
299 824 447 863 literis
481 824 596 863 satis
630 830 885 876 promotus,
920 824 1109 875 graecis
1144 824 1286 864 etiam
1320 823 1540 873 imbutus,
1575 823 1833 862 modestiae

195 895 462 945 singularis,
488 906 543 935 ac
564 895 756 935 maioris
778 895 899 936 inter
919 895 1124 947 reliquos
1146 901 1335 935 nostros
1352 894 1608 946 discipulos
1627 894 1833 946 probita-

194 966 268 1016 tis,
294 977 468 1006 annum
490 978 604 1006 vero
628 966 720 1007 XV
749 971 901 1018 natus,
926 977 1100 1017 magno
1136 966 1334 1018 denique
1370 965 1604 1006 seruiendi
1632 965 1733 1005 Deo
1755 965 1832 1005 fla-

194 1048 339 1088 grans
363 1037 608 1087 desiderio,
633 1038 755 1078 hanc
776 1037 1058 1079 Societatem
1079 1037 1264 1088 ingredi
1286 1037 1365 1078 diu
1393 1038 1683 1088 multumque
1706 1042 1834 1087 opta-

194 1109 282 1159 uit;
316 1108 454 1159 idque
486 1115 582 1148 tam
604 1109 813 1149 modeste
840 1114 1028 1161 tamque
1049 1108 1284 1149 humiliter
1311 1109 1521 1160 rogauit,
1555 1114 1605 1148 ut
1626 1119 1719 1147 non
1742 1108 1833 1147 alio

196 1191 336 1230 quam
363 1178 522 1219 diuino
549 1180 773 1220 instinctu
800 1186 953 1220 motus
980 1179 1179 1220 iudicari
1206 1185 1379 1231 posset.
1409 1179 1501 1220 Sed
1527 1179 1618 1230 hic,
1650 1191 1676 1218 a
1697 1178 1835 1218 nobis

195 1249 377 1290 admitti
399 1251 497 1290 sine
519 1257 767 1302 parentum
788 1262 981 1291 suorum
1001 1251 1241 1291 uoluntate
1263 1263 1357 1291 non
1390 1262 1527 1302 posse
1540 1249 1833 1299 admonitus,

196 1322 452 1373 desperans
479 1328 634 1362 autem
655 1321 922 1363 huiusmodi
943 1334 993 1362 se
1014 1323 1201 1363 ueniam
1223 1334 1250 1362 a
1271 1334 1356 1363 sua
1378 1328 1528 1363 matre
1561 1323 1837 1373 impetratu-

196 1405 316 1444 rum,
342 1393 478 1444 clam,
502 1394 616 1433 nulli
637 1405 829 1434 suorum
850 1400 1013 1434 sancto
1035 1393 1301 1444 significato
1324 1394 1534 1443 consilio,
1561 1405 1618 1433 ne
1640 1405 1689 1433 se
1711 1393 1837 1433 uide-

197 1465 306 1504 licet
328 1464 614 1504 domesticus
631 1465 953 1516 insequeretur
974 1465 1136 1516 hostis,
1162 1466 1283 1505 clam
1298 1465 1490 1516 inquam
1511 1465 1621 1505 hinc
1639 1463 1837 1504 discedit

198 1535 482 1575 fortissimus
504 1535 678 1576 Christi
698 1536 845 1587 miles;
868 1537 977 1576 licet
999 1536 1240 1587 delicatus,
1272 1537 1380 1576 licet
1408 1538 1621 1586 tenellus,
1645 1536 1752 1576 licet
1774 1541 1840 1575 te-

201 1606 280 1646 nui
300 1606 377 1646 filo
401 1612 640 1657 consutus,
666 1613 823 1647 tamen
855 1608 1010 1647 animo
1036 1607 1336 1658 fortissimus,
1369 1608 1496 1648 uiam
1523 1608 1649 1648 solus
1672 1618 1838 1658 aggre-

200 1676 338 1728 ditur,
362 1689 503 1729 quam
530 1689 770 1729 nunquam
791 1684 928 1719 antea
957 1685 1169 1730 nouerat,
1195 1678 1277 1719 sed
1311 1691 1452 1730 quam
1479 1684 1608 1719 certo
1631 1678 1690 1718 ad
1711 1677 1840 1718 Chri-

200 1753 323 1788 stum
344 1748 514 1789 ducere
532 1749 722 1799 sciebat,
742 1761 939 1801 eumque
956 1750 1003 1790 in
1020 1750 1159 1791 corde
1176 1750 1393 1801 habebat,
1413 1750 1491 1802 qui
1508 1751 1660 1801 ipsum
1683 1749 1840 1789 omnia

199 1818 414 1869 docebat,
438 1820 485 1859 in
506 1831 596 1871 quo
619 1821 775 1860 omnia
794 1821 892 1872 ipse
912 1827 1110 1872 poterat,
1127 1828 1171 1862 et
1199 1834 1225 1861 a
1248 1833 1337 1873 quo
1358 1822 1495 1862 unice
1517 1822 1838 1862 recreabatur.

205 1890 399 1931 Romam
418 1891 561 1942 igitur
577 1891 725 1942 petiit,
748 1897 797 1931 ut
816 1891 956 1943 (quod
972 1893 1071 1944 ipse
1088 1892 1347 1944 flagranter
1369 1893 1682 1943 desiderabat)
1700 1892 1841 1932 isthic

201 1974 228 2001 a
248 1962 300 2002 T.
326 1961 379 2002 R.
405 1962 454 2002 P.
489 1962 795 2013 reciperetur.
830 1962 1128 2015 Quapropter
1149 1963 1276 2004 haud
1304 1965 1503 2016 exiguus
1533 1965 1580 2004 in
1608 1965 1697 2004 hac
1725 1964 1841 2003 Vrbe

203 2045 366 2074 rumor
388 2045 442 2073 ac
469 2034 696 2073 tumultus
727 2034 833 2074 inde
861 2040 1050 2075 secutus
1079 2041 1164 2075 est:
1195 2047 1332 2087 quem
1363 2042 1521 2076 tamen
1547 2035 1753 2076 Ducissa
1776 2035 1842 2086 (ut

202 2105 398 2154 uocant)
430 2115 604 2155 magna
636 2116 695 2144 ex
725 2111 858 2156 parte
894 2106 1101 2147 sedauit:
1139 2113 1209 2147 est
1246 2107 1369 2147 enim
1403 2107 1450 2147 in
1486 2107 1650 2158 primis
1680 2106 1842 2147 admo-

201 2175 311 2215 dum
339 2175 415 2226 pia
445 2181 490 2215 et
525 2175 763 2226 religiosa,
797 2181 896 2216 tum
925 2177 1062 2218 huius
1093 2176 1345 2218 Societatis
1367 2178 1593 2228 studiosa,
1618 2178 1752 2233 cuius
1775 2177 1842 2217 rei

201 2246 318 2286 haec
339 2252 446 2286 sunt
469 2252 764 2297 argumenta,
789 2248 914 2299 quod
948 2249 1048 2289 eius
1083 2248 1335 2289 Societatis
1366 2250 1633 2300 cognitione
1668 2254 1712 2289 et
1734 2260 1844 2288 con-

201 2315 447 2357 suetudine
464 2328 512 2356 se
526 2317 721 2357 multum
733 2317 781 2357 in
799 2318 970 2369 pietate
984 2319 1157 2360 fatetur
1170 2320 1442 2372 profecisse3
1462 2320 1688 2372 quodR.m
1702 2319 1751 2360 P.
1767 2320 1843 2372 Ja-

202 2388 386 2439 cobum,
410 2399 548 2438 quem
581 2388 787 2429 maxima
815 2391 1078 2431 reuerentia
1102 2392 1211 2432 colit
1239 2397 1283 2431 et
1313 2392 1546 2442 obseruat,
1573 2392 1620 2432 in
1640 2392 1698 2432 D.
1723 2391 1845 2432 Lau·

201 2459 340 2498 rentii
362 2458 554 2498 aedibus
575 2459 664 2499 hac
685 2460 1048 2512 quadragesima
1065 2462 1339 2503 concionari
1359 2463 1573 2514 uoluerit,
1593 2463 1702 2503 licet
1724 2463 1844 2503 alius

207 2530 300 2569 iam
318 2529 378 2569 ad
399 2530 445 2570 id
467 2536 589 2569 esset
611 2530 907 2571 constitutus.
937 2532 1020 2572 Est
1054 2540 1211 2574 autem
1241 2533 1353 2574 illud
1381 2534 1605 2585 templum
1633 2533 1843 2585 magnifi-

207 2612 329 2651 cum,
345 2601 712 2651 celeberrimum,
725 2607 864 2653 atque
881 2603 939 2642 ab
952 2603 1054 2655 ipsa
1068 2604 1359 2644 Medicorum
1379 2603 1387 2623 ¹
1404 2604 1583 2645 familia
1598 2605 1643 2645 in
1654 2605 1711 2645 D.
1724 2605 1846 2645 Lau—

205 2672 345 2711 rentii
365 2683 535 2711 nomen
554 2671 654 2712 Deo
678 2672 854 2723 optimo
876 2674 1080 2715 maximo
1103 2675 1322 2725 dicatum,
1348 2676 1472 2727 quod
1493 2676 1682 2716 domum
1702 2676 1842 2726 hanc,

204 2754 347 2794 quam
373 2743 710 2792 inhabitamus,
743 2744 1029 2795 amplificare
1062 2747 1283 2798 coeperit,
1313 2747 1450 2788 iactis
1479 2746 1622 2788 futuri
1644 2747 1844 2788 aedificii

262 2974 273 2994 ¹
313 2974 542 3010 Frequentius
557 2976 684 3004 dicitur
698 2977 951 3013 Mediceormn,
971 2979 1014 3007 de
1028 2979 1189 3007 Medicis.
