2047 3179
876 123 960 160 AN.
991 123 1082 161 1555
1727 124 1801 161 479

232 219 316 262 'Ex
338 221 589 262 Canonicis
611 221 901 272 caeterisque
923 220 1060 260 huius
1077 219 1204 260 urbis
1235 220 1570 269 sacerdotibuS,
1599 220 1676 270 qui
1702 232 1796 260 mo-

166 305 266 333 rem
288 299 331 332 et
352 293 613 332 institutum
634 297 847 332 nostrum
882 290 1226 340 commendare,
1258 301 1450 341 seseque
1479 291 1524 330 in
1553 302 1637 330 nos
1659 291 1792 330 bene-

165 364 297 404 uolos
318 363 504 403 flectere
527 363 766 414 incipiant,
790 362 1000 402 nonnulli
1017 361 1330 401 inueniuntur.
1345 361 1467 401 Inter
1491 372 1607 412 quos
1629 372 1796 401 reuera

164 434 238 474 ille
273 434 461 474 minime
482 434 726 486 reperitur,
761 433 838 483 qui
873 444 1005 472 suam
1041 430 1177 472 fidem
1199 431 1255 482 (si
1278 432 1394 472 bene
1416 431 1681 478 meministi)
1706 443 1792 471 nos

167 505 326 556 templi
347 504 417 544 sui
438 516 523 544 usu
546 503 934 552 communicandi,
958 514 1040 554 per
1074 503 1340 542 cautionem
1362 501 1534 548 datam,
1558 513 1652 541 non
1674 502 1792 542 citra

169 587 390 627 magnam
418 576 729 615 temeritatem
757 581 1031 626 turpemque
1059 574 1146 613 sibi
1174 573 1326 613 labem
1354 584 1611 624 aspersam,
1636 572 1790 621 fregit.

166 647 303 686 Hunc
324 646 370 686 in
391 646 647 697 perniciem
668 651 878 685 nostram
897 644 1180 694 incumbere,
1207 644 1305 684 eius
1328 643 1374 683 in
1392 654 1477 682 nos
1499 654 1643 694 opera
1665 644 1793 682 nullo

166 717 365 768 negocio
388 722 773 757 commonstrant.
792 715 972 767 Quippe
994 715 1072 766 qui
1090 715 1230 764 (solus
1250 714 1371 754 inter
1393 719 1606 754 caeteros
1634 725 1796 753 omnes

167 790 395 840 pastores)
415 789 457 828 ei
473 788 696 838 subditos,
717 787 794 839 qui
811 787 870 827 ad
886 798 970 826 nos
990 785 1241 826 confitendi
1262 785 1416 836 gratia
1439 784 1682 834 accedunt,
1707 783 1794 824 dis-

166 860 355 899 turbare
373 871 427 899 ac
444 870 705 910 repungere
722 859 847 898 nullo
866 855 991 909 [non]
1008 862 1146 908 pacto
1175 862 1367 907 perstat.
1388 855 1519 907 Ipsos
1541 855 1587 895 in
1609 856 1799 906 culpam

168 936 211 970 et
234 929 539 970 offensionem
559 941 795 981 magnam,
815 929 861 969 in
882 928 1081 979 capitale
1099 927 1288 973 crimen,
1314 927 1361 966 in
1382 925 1607 978 perfidam
1624 927 1796 966 tenaci-

167 1006 323 1050 tatem,
344 1000 390 1040 in
407 1001 625 1047 schisma,
641 1001 688 1040 in
705 998 1236 1040 excommunicationem
1253 997 1486 1047 incidisse,
1502 998 1800 1049 proclamare

165 1084 258 1112 non
288 1071 481 1112 desistit.
512 1070 763 1123 Nunquam
783 1071 896 1122 ipsis
917 1069 1092 1111 Christi
1122 1080 1293 1120 corpus
1314 1068 1793 1108 subministraturum:

165 1154 404 1195 nunquam
439 1143 499 1182 ad
526 1153 661 1182 suum
690 1143 913 1192 templum
947 1141 1124 1181 aditum
1152 1140 1493 1192 praebiturum,
1530 1140 1578 1178 ni
1613 1139 1799 1190 publica

165 1226 316 1266 poena
336 1214 466 1265 prius
486 1213 695 1253 mulctati
715 1213 900 1262 fuerint,
930 1212 1181 1264 protestari
1206 1223 1300 1251 non
1330 1210 1514 1251 desinit.
1538 1209 1687 1261 Quid?
1708 1210 1798 1249 hoc

168 1284 398 1337 superiori
431 1284 622 1336 pascha,
660 1285 767 1324 licet
800 1297 826 1324 a
855 1283 961 1323 D.110
991 1283 1224 1335 Episcopo
1255 1293 1550 1333 summopere
1587 1285 1797 1331 rogatus,

166 1356 259 1396 imo
296 1356 464 1406 iussus,
503 1366 584 1394 eos
615 1355 890 1406 angelorum
925 1365 1044 1405 pane
1073 1353 1264 1393 reficere
1294 1352 1462 1392 renuit.
1492 1350 1613 1402 Quid
1641 1351 1797 1402 plura?

166 1427 460 1467 hebdomada
481 1432 660 1476 sancta,
685 1425 903 1465 sacrandi
925 1436 1068 1465 causa
1086 1425 1151 1475 (ut
1168 1424 1312 1464 moris
1328 1423 1412 1473 est)
1431 1423 1594 1463 domos
1612 1433 1802 1473 percur-

167 1510 275 1538 rens
297 1498 506 1548 singulas
529 1497 570 1547 (o
599 1498 718 1537 bone
746 1496 888 1544 Deus,
912 1496 1133 1536 miserere
1159 1496 1343 1547 precor)
1372 1494 1513 1534 aedes
1534 1493 1593 1533 ad
1614 1504 1700 1532 nos
1723 1492 1801 1532 ad-

167 1569 458 1610 uentantiurn
488 1569 770 1619 transiliens,
803 1579 882 1607 eas
917 1579 1038 1618 aqua
1065 1578 1202 1607 sacra
1235 1566 1520 1618 participare
1558 1564 1721 1604 noluit.
1758 1563 1802 1603 Is

167 1625 411 1692 praeterea
429 1652 589 1680 eorum
610 1646 781 1690 patres,
806 1644 994 1689 matres,
1019 1638 1264 1688 coniuges,
1289 1637 1414 1677 uelut
1437 1636 1800 1683 consentientes,

167 1711 380 1752 eumdem
416 1711 669 1751 incurrisse
700 1722 908 1750 errorem
943 1711 989 1750 in
1018 1709 1225 1749 animum
1252 1708 1449 1748 induxit.
1472 1706 1579 1747 Fuit
1602 1717 1714 1746 sane
1746 1705 1802 1745 ri-

168 1783 385 1833 diculum,
422 1783 500 1822 ubi
535 1793 726 1821 cernere
754 1781 894 1831 licuit,
931 1780 1097 1831 quibus
1122 1779 1382 1819 rationibus
1414 1778 1551 1817 istam
1573 1787 1800 1816 uesanam

168 1860 370 1894 mentem
402 1853 656 1893 consultam
672 1852 825 1892 habet:
850 1852 1018 1892 adhibe
1041 1863 1123 1890 oro
1147 1850 1366 1899 animum,
1392 1849 1454 1888 mi
1474 1848 1627 1888 Pater.
1652 1847 1801 1886 Huius

169 1925 374 1965 animum
395 1930 525 1964 tanta
546 1924 728 1964 insania
746 1923 793 1963 P.
818 1923 990 1962 Rector
1006 1922 1268 1962 absterrere
1286 1926 1530 1971 exoptans,
1551 1919 1592 1958 ei
1610 1918 1798 1958 obuiam

166 1996 306 2046 facto,
330 2002 515 2047 praeter
535 1996 669 2046 plura
698 1994 811 2043 alia,
836 1993 980 2045 ipsius
1008 1993 1274 2044 opinionem
1300 1990 1573 2038 refellentia,
1609 1994 1799 2028 nostrae

170 2066 418 2107 Societatis
451 2066 698 2117 priuilegia
731 2065 1014 2115 assignauit,
1048 2075 1166 2115 quae
1197 2062 1383 2112 quidem
1411 2061 1510 2112 ipse
1547 2059 1804 2110 explodens

169 2149 224 2178 ac
245 2149 330 2189 pro
350 2137 493 2177 nihilo
515 2137 737 2188 pendens,
761 2147 868 2185 non,
894 2135 1054 2186 inquit,
1079 2134 1138 2174 ad
1165 2134 1253 2173 hoc
1275 2130 1617 2183 assequendum
1639 2139 1798 2169 uestra

168 2210 327 2249 ualent
348 2208 609 2260 priuilegia,
633 2213 882 2258 propterea
903 2206 1028 2257 quod
1047 2206 1142 2245 uim
1165 2211 1209 2244 et
1228 2203 1499 2243 facultatem
1521 2212 1670 2251 suam,
1702 2201 1803 2240 sine

171 2281 369 2320 alicuius
402 2279 711 2331 praeiudicio,
752 2276 875 2329 [non]
909 2277 1144 2317 obtinent:
1183 2273 1523 2327 praeiudicium
1556 2283 1643 2312 nec
1677 2271 1804 2311 aliud

170 2352 419 2402 quicquam
447 2356 581 2390 sonat
610 2361 750 2401 quam
776 2355 910 2388 extra
937 2347 1183 2387 iudicium:
1213 2345 1295 2385 sed
1326 2344 1371 2384 id
1398 2344 1447 2384 fit
1478 2349 1612 2383 extra
1647 2353 1803 2382 meum

169 2422 407 2472 iudicium3
437 2433 550 2472 ergo
573 2427 660 2460 etc.
691 2421 757 2460 Ea
780 2426 823 2459 et
845 2420 936 2459 alia
958 2419 1013 2458 iis
1035 2419 1204 2458 similia
1236 2416 1525 2467 sophismata
1557 2413 1799 2464 colligens,

170 2493 383 2533 manibus
405 2492 533 2532 libris
554 2492 751 2536 refertis,
776 2490 866 2530 huc
888 2496 1025 2541 atque
1046 2489 1136 2528 huc
1168 2488 1435 2527 discurrens
1456 2517 1463 2536 ,
1494 2485 1803 2536 plurimorum

169 2570 420 2614 penetrans
441 2563 618 2611 domos,
642 2562 730 2601 ista
752 2572 836 2600 sua
859 2566 1135 2610 argumenta
1158 2557 1425 2609 sophisticis
1447 2555 1802 2595 collectionibus

169 2633 538 2684 tortionibusque
569 2633 908 2683 scripturarum
942 2631 1104 2670 fulcire
1125 2630 1301 2669 nititur:
1339 2635 1388 2667 ut
1409 2627 1486 2678 qui
1508 2626 1567 2666 ad
1603 2637 1689 2666 nos
1729 2638 1804 2665 ac-

171 2704 355 2754 cedunt,
386 2715 639 2755 eorumque
669 2709 887 2753 parentes
922 2708 966 2741 et
993 2701 1232 2751 coniuges,
1263 2697 1799 2739 excommunicationem

170 2774 424 2815 incurrisse
446 2774 692 2825 probatum
720 2785 774 2813 ac
800 2778 1021 2812 testatum
1043 2772 1133 2811 det.
1165 2769 1203 2811 O
1239 2767 1573 2820 benignissime
1602 2766 1732 2819 Jesu,
1758 2774 1802 2806 te

173 2847 414 2897 deprecor,
439 2844 661 2884 discussis
682 2843 898 2894 tenebris,
925 2844 1076 2882 lucem
1098 2841 1296 2882 rationis
1317 2840 1424 2879 huic
1447 2838 1588 2878 menti
1609 2838 1800 2888 reddas,

175 2912 264 2968 qua
287 2927 450 2956 uerum
472 2927 498 2956 a
519 2915 636 2955 falso
658 2915 923 2955 discernere
945 2918 1099 2965 queat.
