2047 3179
845 144 926 180 AN.
952 143 1043 180 1555
1680 141 1747 177 571

123 243 493 284 Cordubensium
515 254 646 294 opus,
677 241 799 294 quod
828 240 1051 281 Rectores
1073 239 1398 279 Cordubenses
1427 244 1747 287 construxere,

122 322 171 354 ut
206 327 285 355 eos
321 315 488 354 imitati
523 314 671 353 simile
700 313 960 362 Collegium
988 310 1206 360 condant,
1237 316 1286 348 vt
1321 309 1473 359 ipsum
1503 308 1623 348 idem
1658 315 1747 347 stu-

125 387 264 435 dium,
289 385 412 436 quod
433 385 693 434 Cordubae,
718 383 841 434 apud
862 393 949 422 nos
969 386 1262 421 exerceatur.

204 456 453 497 Admissus
469 462 538 495 est
561 455 619 495 ad
641 454 922 495 Societatem
942 452 1208 492 Canonicus
1228 450 1512 490 Franciscus
1528 448 1701 489 Torres
1720 448 1747 498 ²,

126 528 256 567 cuius
278 528 518 578 ingressus
547 526 702 566 multis
725 527 796 574 (ne
819 525 972 564 dicam
993 523 1222 572 omnibus)
1245 521 1381 561 huius
1409 519 1612 560 ciuitatis
1635 520 1748 559 uiris

126 598 208 638 fuit
228 598 462 638 maximae
484 597 810 638 aedificationi.
835 596 1043 646 Cumque
1060 594 1356 645 impetrasset
1374 604 1399 631 a
1414 591 1463 631 P.
1482 590 1751 631 Prouincia-

126 670 156 709 li
186 676 235 709 vt
266 669 443 708 tamdiu
474 669 598 719 apud
628 674 808 719 patrem
838 671 1062 715 maneret,
1096 674 1235 716 quam
1267 674 1351 703 sua
1379 662 1569 711 negotia
1597 662 1751 712 exige-

125 748 244 790 rent,
264 746 359 780 tam
380 739 469 779 sibi
489 740 660 780 acerba
682 739 760 778 illa
781 749 913 778 mora
934 737 1034 787 fuit,
1057 742 1108 775 vt
1129 734 1228 775 dies
1250 745 1399 774 annus
1416 733 1479 772 illi
1494 732 1748 782 videretur-3

125 810 411 863 proindeque
432 811 544 851 illud
565 811 860 850 interuallum
881 808 1111 848 sustinere
1138 818 1232 846 non
1259 806 1438 855 valens,
1468 815 1626 843 mense
1659 815 1752 842 vno

127 889 377 934 antequam
397 894 423 922 a
445 888 577 933 patre
599 881 817 922 recedere
844 879 930 920 sibi
956 882 1271 931 persuaserat,
1303 876 1362 916 ad
1391 887 1478 915 nos
1507 874 1751 915 remeauit.

127 953 468 995 Canonicatum
489 965 616 1003 uero,
641 964 778 1004 quem
798 950 1034 992 beneficiis
1054 948 1343 1000 simplicibus
1371 953 1660 986 commutare
1682 956 1755 985 co-

127 1025 343 1072 nabatur,
368 1036 564 1075 quorum
587 1023 843 1064 redditibus
874 1021 1041 1062 annuis
1067 1020 1154 1060 hoc
1175 1018 1434 1069 Collegium
1462 1017 1751 1068 aliquantum

87 1128 89 1130 .
129 1096 347 1144 aleretur,
380 1095 565 1146 reliquit
596 1095 723 1134 illum
759 1094 902 1134 libere
930 1091 1024 1133 D.¹¹i
1052 1089 1409 1141 Archiepiscopi
1438 1088 1675 1137 manibus,
1704 1094 1755 1126 vt

128 1167 227 1219 ipse
248 1166 376 1206 illum
397 1166 629 1206 conferret
651 1165 791 1205 alicui
814 1164 913 1204 viro
934 1164 1071 1203 docto
1094 1168 1138 1202 et
1160 1159 1497 1209 concionatori‚
1520 1159 1642 1199 unde
1664 1170 1756 1198 ma—

129 1238 200 1278 ius
229 1237 502 1288 obsequium
528 1236 629 1276 Deo
657 1236 971 1276 exhiberetur.
1005 1233 1253 1274 Caeterum
1272 1231 1398 1273 Ι).11118
1431 1230 1757 1281 Archiepisco-

129 1320 216 1360 pus
236 1307 321 1348 fuit
342 1320 400 1348 ex
417 1320 471 1347 eo
489 1307 625 1347 ualde
647 1307 934 1357 aedificatus,
954 1316 1140 1346 necnon
1161 1304 1459 1345 doctissimus
1481 1303 1556 1342 ille
1577 1301 1759 1341 Doctor

131 1379 461 1427 Cobarrubias,
485 1378 720 1418 Indiarum
742 1376 903 1417 Sancti
929 1376 1163 1416 Dominici
1184 1374 1584 1426 Archiepiscopus
1613 1371 1642 1422 ²3
1674 1372 1755 1411 sed

130 1453 251 1492 ultra
273 1452 399 1491 illam
431 1461 570 1502 quam
600 1449 775 1489 exteris
806 1449 861 1488 de
882 1460 932 1488 se
959 1447 1152 1499 praebet
1183 1445 1570 1494 aedificationem,
1604 1443 1758 1484 dorne-

131 1522 261 1563 sticis
281 1527 326 1562 et
347 1520 622 1561 humilitatis
644 1526 688 1560 et
709 1518 1000 1559 obedientiae
1020 1529 1114 1558 11011
1136 1517 1371 1557 mediocre
1392 1516 1585 1567 praebet
1605 1525 1760 1554 exem*

131 1594 274 1645 plum.

211 1665 446 1716 Receptus
482 1669 551 1703 est
582 1668 827 1714 praeterea
867 1660 1006 1710 alius,
1045 1660 1122 1711 qui
1160 1664 1361 1699 vocatur
1400 1657 1628 1708 Magister
1663 1656 1757 1696 Ma—

133 1736 237 1777 drid
257 1735 285 1786 ⁵,
310 1737 490 1785 collega
512 1734 591 1786 qui
612 1733 695 1773 fuit
717 1732 910 1782 Collegii
930 1731 1039 1772 Diui
1056 1730 1404 1771 Bartholomaei
1425 1728 1757 1777 Salmanticae;

135 1814 203 1848 est
237 1812 396 1847 tamen
430 1806 608 1857 primus
632 1806 697 1853 (ut
724 1803 867 1844 refert
893 1802 1019 1843 D.¹1¹¹S
1048 1800 1462 1852 Archiepiscopus)
1491 1799 1569 1851 qui
1599 1811 1658 1839 ex
1683 1799 1760 1838 illo

134 1878 342 1929 Collegio
372 1876 648 1927 religionem
667 1875 909 1925 ingressus
930 1879 1014 1923 est,
1037 1884 1141 1913 cum
1163 1871 1335 1923 alioqui
1361 1870 1473 1911 illud
1501 1869 1762 1920 Collegium

135 1949 193 1989 sit
213 1948 528 1990 Salmanticae
551 1946 756 1986 omnium
779 1944 1153 1996 antiquissimum
1182 1941 1196 1960 ⁴
1218 1942 1355 1982 simul
1377 1948 1420 1981 et
1447 1941 1762 1992 potissimum.

134 2020 270 2072 Legit
292 2026 447 2060 autem
468 2017 783 2058 Salmanticae
805 2016 974 2056 artium
996 2026 1200 2066 cursum;
1224 2014 1299 2054 1110
1320 2025 1434 2054 vero
1452 2012 1756 2064 profitebatur

135 2091 308 2131 Diuum
330 2090 576 2130 Thomam:
601 2094 701 2128 erat
723 2087 782 2127 ad
802 2087 918 2127 haec
940 2086 1100 2127 sacelli
1119 2085 1262 2141 Regii
1277 2083 1534 2134 sacrificus,
1557 2083 1638 2123 sed
1661 2094 1763 2123 eru-

137 2162 260 2202 ditus
280 2161 532 2201 admodum
552 2166 598 2200 et
625 2159 800 2210 ingenii
831 2157 1044 2198 acumine
1071 2158 1264 2209 pollens,
1296 2156 1373 2207 qui
1396 2165 1619 2205 magnum
1647 2154 1765 2194 foris

140 2234 362 2273 virtutum
383 2237 428 2272 et
448 2231 689 2270 literarum
710 2229 947 2281 specimen
969 2227 1232 2277 exhibebat,
1252 2238 1375 2266 nunc
1393 2232 1547 2265 autem
1565 2225 1766 2276 amplius

137 2304 296 2344 multO.

219 2374 419 2425 Quidam
453 2373 740 2423 Theologiae
776 2372 955 2412 Doctor
989 2371 1169 2422 accepit
1197 2369 1445 2417 exercitia,
1476 2368 1558 2408 sed
1592 2378 1765 2418 magna

140 2457 246 2486 curn
275 2445 476 2485 utilitate
509 2450 553 2484 et
586 2445 784 2484 aliorum
819 2443 1158 2483 aedificatione.
1193 2441 1394 2492 Quidam
1424 2440 1533 2480 item
1569 2438 1766 2487 iuuenis,

145 2660 148 2663 ,
194 2633 201 2650 ¹
244 2630 330 2658 Vide
346 2637 459 2664 supra.
473 2637 551 2664 pag.
569 2629 631 2656 289.

191 2681 204 2698 ‘2
243 2678 393 2705 Didacus
414 2677 454 2704 de
477 2677 708 2704 Cobarrubias
730 2680 763 2703 et
787 2675 907 2707 Leiva,
932 2672 1048 2701 Sancti
1071 2672 1258 2706 Dominiei,
1280 2672 1312 2699 in
1332 2671 1448 2704 Indiis,
1473 2671 1764 2704 Archiepiscopus

139 2729 280 2756 electus.
298 2725 454 2760 quamvis
475 2725 569 2752 illam
593 2725 708 2751 sedem
728 2731 792 2750 non
815 2722 1006 2756 occupavit;
1029 2726 1159 2755 postea,
1179 2728 1267 2748 anno
1291 2719 1368 2752 1559,
1388 2718 1581 2753 Episcopus
1605 2717 1771 2745 Civitatis

139 2773 299 2801 Roderici
314 2772 464 2807 (Ciudczd
477 2772 646 2805 Rodrz'go)
661 2771 725 2798 fuit
740 2771 943 2801 nominatus,
959 2769 1045 2796 unde
1060 2769 1093 2795 in
1109 2768 1278 2802 Segoviae
1299 2766 1412 2794 sedem
1427 2774 1516 2794 anno
1538 2766 1607 2793 1564
1625 2765 1772 2793 transla—

140 2826 194 2849 tus
211 2822 284 2855 fuit,
296 2821 408 2854 ibique
420 2821 508 2848 diem
523 2821 606 2848 obiit
622 2826 815 2853 supremum
831 2825 918 2845 anno
934 2817 1012 2844 1577.
1027 2816 1207 2844 GoNzALEz
1222 2815 1372 2849 DAvnA,
1394 2814 1543 2842 leeatro
1558 2814 1773 2842 ecclesiasti-

142 2877 178 2897 co
195 2869 308 2896 delas
323 2868 476 2902 Iglesz'as
491 2868 533 2895 de
548 2867 708 2901 Eepasz'a,
724 2870 748 2893 t.
763 2873 785 2899 1,
799 2873 879 2900 pag.
893 2865 956 2893 579.

196 2916 209 2935 ⁵
248 2916 378 2943 Doctor
390 2916 561 2943 Antonius
575 2915 615 2942 de
630 2914 772 2941 Madrid.
787 2913 836 2941 Cf.
854 2912 1080 2947 SANTIVANEZ‚
1096 2912 1120 2938 l.
1139 2919 1155 2938 c
1173 2933 1178 2943 .
1194 2915 1285 2945 part.
1300 2917 1320 2945 1,
1333 2910 1390 2938 lib.
1406 2917 1427 2944 1,
1444 2917 1518 2944 cap.
1533 2909 1567 2936 26
1582 2914 1615 2937 et
1630 2909 1674 2936 27.

197 2966 211 2984 4
250 2964 336 2991 Hinc
351 2964 423 2999 ejus
438 2963 625 2998 appellatio
641 2962 774 2995 Colegz'o
797 2961 891 2994 Vicjo
906 2961 948 2987 de
964 2960 1035 2988 San
1051 2959 1266 2987 Bartolome‘.
