2047 3179
889 130 971 166 Ax.
1004 129 1095 166 1555
1739 132 1810 170 289

176 226 325 265 adhuc
352 236 411 264 ex
437 225 526 265 illis
548 224 933 276 Archiepiscopis
972 224 1159 265 Sanctis
1200 228 1210 247 ¹
1247 231 1291 265 et
1326 225 1554 277 Magistro
1596 226 1736 267 Auila
1776 227 1806 277 ²,

174 295 285 335 olim
306 295 383 334 diu
405 295 478 334 hic
499 301 688 335 versato
723 300 767 334 et
796 295 1091 344 concionatO,
1125 307 1408 336 remansere.
1432 295 1549 336 Sunt
1579 297 1808 338 nihilomi-

177 377 265 406 nus
284 377 375 405 non
397 366 534 415 pauci
557 366 715 406 clerici
735 365 946 416 studiosi,
971 366 1088 405 adeo
1116 372 1166 405 vt
1186 364 1367 406 feratur
1397 368 1541 418 vulgo
1571 379 1664 407 non
1693 369 1808 408 alios

176 437 224 476 in
253 442 351 476 tota
381 436 605 488 Hispania
640 443 816 486 extare,
847 436 925 487 qui
952 448 1114 476 eorum
1147 437 1404 477 bonitatem
1440 444 1484 477 et
1514 438 1808 479 honestatem

179 507 428 558 attingant.
453 507 586 558 Quod
608 508 646 547 si
667 507 874 547 vniuersi
897 507 1034 546 huius
1056 507 1261 547 ciuitatis
1283 507 1566 548 Societatem
1587 509 1725 549 vnice
1747 510 1809 549 di-

178 579 343 629 ligunt,
379 578 426 617 hi
461 579 753 629 potissimum
787 578 981 617 charam
1016 578 1201 628 habent,
1238 586 1539 629 venerantur,
1571 586 1615 619 et
1647 579 1812 620 Patres

178 650 348 689 multos
382 649 664 699 desiderant,
702 649 1060 689 concionatores
1093 649 1273 689 solicite
1308 656 1580 700 expectant,
1619 662 1811 701 percon-

177 725 339 760 tantur
365 730 528 759 eorum
559 720 825 760 aduentum.
855 718 1101 760 Solicitant
1131 720 1553 772 Archiepiscopum
1581 728 1630 761 vt
1664 722 1810 772 porri-

176 796 261 841 gat
282 791 588 831 eleemosinas
606 798 685 831 aut
702 796 958 842 prouentus
980 791 1160 842 aliquos
1179 797 1227 831 vt
1249 792 1428 831 accersi
1450 792 1606 832 iubeat
1628 792 1808 832 Patres.

180 861 476 901 Professores
505 862 824 902 vniuersitatis
846 862 1062 902 Videntur
1091 862 1230 902 etiam
1260 863 1564 914 praecipuam
1591 874 1705 914 erga
1726 876 1812 904 nos

181 944 294 984 prae
334 944 384 972 se
417 932 538 972 ferre
577 933 964 983 beneuolentiam,
1001 939 1045 972 et
1080 932 1212 973 Prior
1242 933 1376 973 huius
1408 935 1558 974 almae
1586 935 1813 976 ecclesiae

183 1012 226 1043 ct
262 1003 532 1052 canonicus,
568 1003 850 1044 Franciscus
877 1003 1055 1053 Turris,
1097 1003 1218 1044 filius
1259 1005 1502 1044 cuiusdam
1533 1007 1813 1047 mercatoris

183 1074 390 1114 omnium
412 1075 549 1114 huius
571 1075 773 1115 ciuitatis
795 1074 1024 1125 ditissimi,
1050 1087 1135 1115 nos
1166 1075 1303 1115 vnice
1338 1076 1502 1126 diligit,
1527 1077 1604 1128 qui
1626 1077 1812 1128 quidem

183 1145 289 1185 huic
312 1144 519 1195 Collegio
551 1145 801 1196 quotannis
821 1145 1013 1185 donauit
1034 1145 1280 1186 duodecim
1302 1146 1498 1187 ducatos
1521 1159 1689 1188 aureos
1711 1150 1814 1188 toti-

184 1216 381 1267 demque
402 1216 583 1255 modios
605 1216 761 1267 tritici,
784 1216 978 1256 daturus
1000 1216 1173 1268 alioqui
1203 1218 1348 1258 multo
1370 1219 1520 1269 plura.
1542 1217 1660 1259 Miro
1681 1231 1815 1271 prae-

184 1294 314 1326 terea
334 1293 517 1326 tenetur
539 1287 769 1326 desiderio
792 1287 1016 1327 exercitia
1039 1287 1255 1337 faciendi3
1284 1294 1524 1328 caeterum
1544 1300 1649 1341 ego,
1674 1301 1816 1341 quan-

184 1364 283 1398 tum
303 1357 487 1398 indiciis
509 1358 741 1398 coniicere
773 1358 916 1409 potui,
940 1370 1033 1397 non
1055 1370 1245 1410 possum
1281 1359 1393 1399 mihi
1419 1372 1511 1400 non
1532 1361 1818 1411 persuadere

185 1429 296 1480 quin
317 1428 550 1468 Dominus
577 1441 682 1468 eum
709 1429 756 1469 in
781 1440 913 1468 suam
949 1428 1231 1469 Societatem
1265 1430 1499 1470 adducere
1521 1432 1648 1482 Velit,
1686 1444 1818 1483 prae-

185 1500 346 1540 sertim
366 1512 472 1540 cum
494 1500 681 1540 videam
702 1500 829 1540 illum
849 1500 895 1540 in
915 1501 1014 1541 dies
1035 1502 1187 1552 magis
1210 1513 1265 1541 ac
1300 1502 1453 1553 magis
1475 1503 1669 1554 moueri,
1694 1504 1818 1544 allici

184 1571 243 1611 ad
265 1578 335 1622 ea,
359 1583 478 1623 quae
515 1571 573 1611 ad
600 1570 880 1611 Societatem
915 1578 1179 1623 expectant.
1210 1572 1442 1613 Dominus
1470 1574 1594 1614 enim
1621 1574 1817 1616 Archie-

184 1643 404 1694 piscopus
420 1643 484 1682 illi
500 1642 784 1683 vaticinatus
802 1649 869 1683 est
887 1654 935 1683 se
958 1642 1208 1684 Societatis
1230 1644 1449 1685 futurum.
1475 1644 1673 1686 Adierat
1695 1647 1817 1688 enim

184 1715 328 1754 semel
361 1714 615 1754 canonicus
644 1713 897 1754 Dominum
921 1714 1348 1767 Archiepiscopum
1369 1728 1423 1756 eo
1445 1717 1616 1768 animo,
1641 1724 1692 1757 vt
1720 1730 1820 1769 per-

186 1785 404 1825 suaderet
424 1785 489 1824 illi
511 1785 783 1824 decerneret
805 1785 978 1837 aliquid
1005 1786 1052 1825 in
1079 1786 1290 1837 singulos
1323 1799 1489 1838 annos,
1523 1800 1614 1839 quo
1643 1789 1821 1841 aliquot

186 1856 356 1896 fratres
378 1855 424 1895 in
444 1856 533 1896 hoc
556 1856 755 1906 collegio
776 1857 1024 1904 alerentur3
1056 1857 1180 1908 quod
1208 1858 1316 1898 dum
1348 1859 1457 1898 totis
1480 1859 1659 1900 viribus
1681 1866 1820 1912 atque

187 1917 446 1967 rationibus
468 1927 524 1967 ab
556 1938 610 1967 eo
642 1927 892 1978 impetrare
913 1934 1178 1979 conaretur,
1202 1929 1300 1980 ipse
1320 1928 1551 1970 Dominus
1577 1930 1822 1984 Archiepi-

188 2010 374 2050 scopus,
393 1998 646 2038 verborum
663 1998 761 2038 eius
780 1999 1120 2049 perspicaciam
1137 2011 1348 2051 cernens,
1369 2002 1496 2040 velut
1514 2002 1639 2042 aliud
1656 2014 1819 2054 agens:

189 2069 338 2120 visne,
361 2069 523 2120 inquit,
547 2076 595 2109 tu
632 2067 880 2109 Societatis
901 2070 1022 2110 esse?
1046 2069 1130 2110 Cui
1165 2071 1255 2110 ille:
1279 2071 1473 2112 Vtinam
1495 2083 1568 2112 me
1590 2072 1822 2114 Dominus

186 2140 392 2180 efficeret
412 2140 489 2180 illa
508 2141 714 2191 dignum.
738 2140 887 2181 Natus
907 2147 976 2181 est
998 2142 1253 2182 canonicus
1276 2154 1425 2183 annos
1448 2144 1548 2194 plus
1571 2144 1724 2185 minus
1747 2146 1825 2185 tri-

190 2211 338 2263 ginta;
362 2217 430 2252 est
451 2211 643 2263 egregia
664 2211 800 2261 facie,
825 2211 973 2263 hilari,
994 2213 1296 2263 sanguineus,
1321 2214 1492 2254 rubeus
1515 2216 1822 2268 aliquantum,

192 2283 353 2323 scribit
388 2289 529 2333 recte,
563 2284 700 2323 callet
734 2283 875 2323 etiam
910 2295 1175 2324 sermonem
1208 2285 1425 2336 latinum;
1459 2287 1658 2338 audiuit,
1695 2297 1824 2339 puto,

191 2353 485 2394 Pontificium
506 2355 591 2394 ius.
615 2353 768 2394 Vellet
789 2366 838 2394 se
859 2366 886 2394 a
907 2354 1045 2395 Patre
1066 2356 1288 2407 expedire
1310 2369 1399 2408 quo
1422 2366 1579 2408 posset
1600 2360 1827 2400 exercitia

191 2425 363 2465 facere.
395 2425 653 2466 Insinuauit
675 2436 857 2476 quoque
892 2426 1004 2466 mihi
1031 2438 1081 2466 se
1109 2439 1279 2478 cupere
1301 2428 1540 2479 applicare
1561 2429 1670 2470 huic
1693 2431 1828 2471 colle-

193 2497 272 2547 gio
294 2508 413 2548 quae
435 2497 583 2548 possit
606 2496 762 2536 omnia
783 2494 812 2534 ⁵.

273 2568 322 2608 Ρ.
345 2567 596 2608 Baithasar
630 2567 816 2618 Loarte,
854 2567 1009 2609 Patris
1043 2568 1270 2610 Doctoris
1302 2571 1475 2611 Loarte
1497 2570 1511 2590 ⁴
1538 2572 1698 2624 frater,
1722 2574 1833 2615 fecit

249 2705 259 2725 ἱ
299 2704 561 2739 Archiepiscopi
578 2704 813 2731 Granatenses
828 2705 871 2732 ad
886 2706 949 2733 hoc
964 2714 1069 2741 usque
1084 2710 1218 2741 tempus
1233 2707 1336 2735 fuere:
1359 2707 1597 2736 Ferdinandus
1613 2709 1777 2740 Mendoza
1791 2712 1832 2739 de

197 2752 382 2786 TaIavera,
397 2752 560 2783 1492-1507;
575 2752 744 2778 Antonius
759 2752 798 2779 de
816 2752 929 2787 Rojas.
955 2753 1119 2788 1507-i5‘223
1146 2754 1270 2782 Petrus
1296 2754 1556 2791 Portoearrero,
1581 2757 1745 2793 1525-1526;
1769 2759 1831 2786 Pe-

196 2804 272 2827 trus
289 2800 328 2827 de
343 2801 447 2832 Alva‚
465 2800 632 2832 1526-15283
647 2799 783 2834 Gaspar
799 2801 838 2827 de
856 2801 1002 2836 Avalos,
1020 2801 1189 2830 1529-1545.

253 2847 266 2866 Ξ
306 2847 344 2875 Β.
359 2847 487 2880 Joannc
503 2847 542 2873 de
559 2846 677 2874 Avila.

251 2895 264 2914 5
302 2895 480 2930 Ingressus
495 2895 632 2922 tandem
648 2894 675 2922 is
693 2894 755 2922 fuit
771 2894 990 2923 Societatem.
1009 2896 1233 2928 SANrwaEz,
1250 2898 1273 2925 1.
1289 2905 1326 2932 e.,
1344 2899 1401 2926 lib.
1418 2906 1440 2934 1,
1456 2906 1530 2934 cap.
1547 2900 1591 2928 23.

252 2943 266 2963 ⁴
303 2943 471 2977 Gasparis
487 2943 526 2970 de
543 2942 687 2970 Loarte.

390 3002 426 3037 Τ
463 3015 516 3037 m.
1609 3019 1648 3053 .9
