2047 3179
219 135 294 172 272
756 135 982 172 LITTERAE
1003 146 1363 177 QUADRxMESTREs

915 588 1179 643 GCGLH

295 820 563 858 Franciscus
583 820 838 866 Stephanus

347 885 470 923 Patri
488 885 659 933 Ignatio
680 885 733 922 de
754 884 939 931 Loyola.

394 951 615 995 Messana,
635 950 849 996 januario
872 949 963 987 1555
979 949 1004 987 ¹.

1023 1104 1044 1137 .ῖ-

991 1140 1090 1181 IHS

309 1305 475 1346 Gratia
509 1304 701 1344 Domini
735 1304 883 1344 nostri
917 1302 1030 1356 Jesu
1059 1302 1234 1343 Christi
1269 1303 1329 1343 sit
1371 1303 1620 1344 nobiscum
1668 1315 1868 1356 semper.

224 1377 394 1418 Amen.

307 1448 542 1499 Quoniam
563 1447 811 1499 epistolam
832 1447 879 1487 in
902 1447 1097 1498 longum
1119 1447 1398 1499 protrahere
1426 1459 1520 1487 non
1547 1447 1669 1498 licet,
1692 1446 1794 1487 Rde
1822 1447 1871 1487 in

225 1519 415 1561 Christo
449 1518 604 1568 Pater,
638 1530 729 1571 qua
762 1518 998 1570 praecipis
1027 1518 1258 1558 breuitate
1293 1530 1364 1569 ea,
1400 1529 1519 1570 quae
1554 1518 1767 1570 proxime
1795 1518 1869 1558 his

222 1592 406 1632 exactis
427 1591 666 1631 mensibus
687 1590 813 1642 apud
833 1601 920 1630 nos
939 1596 1077 1642 gesta
1098 1596 1219 1642 sunt,
1245 1601 1483 1641 exponere
1507 1590 1727 1630 nitemur.

308 1663 433 1704 Nihil
467 1662 565 1702 fere
594 1662 708 1702 noui
735 1668 829 1713 est,
862 1662 918 1702 de
945 1673 1038 1713 quo
1072 1661 1127 1702 R.
1164 1667 1295 1702 tuam
1324 1661 1571 1701 certiorem
1599 1661 1867 1712 reddamus,

226 1736 315 1775 nisi
336 1734 455 1775 forte
477 1746 652 1774 nouum
668 1733 780 1774 illud
796 1734 1028 1784 uideatur,
1045 1733 1339 1785 spiritualem
1355 1733 1617 1785 profectum
1632 1745 1725 1773 non
1742 1738 1868 1773 start¹

226 1808 394 1858 solum,
418 1812 462 1847 et
480 1806 650 1846 durare
672 1818 726 1846 eo
748 1805 948 1856 feruore,
974 1817 1065 1857 quo
1084 1805 1189 1845 aliis
1205 1805 1354 1845 literis
1371 1805 1611 1856 accepisti,
1629 1804 1711 1844 sed
1728 1805 1868 1844 etiam

229 1879 277 1919 in
300 1879 399 1919 dies
427 1889 551 1918 nouo
582 1878 785 1930 quodam
812 1889 868 1918 ac
895 1876 1097 1917 feruenti
1125 1877 1293 1928 spiritu
1320 1888 1534 1917 crescere
1564 1876 1611 1916 in
1647 1875 1866 1927 Domino,

227 1951 461 2002 latiusque
483 1949 688 1990 extendi.
714 1949 1007 1990 Concionum
1027 1954 1071 1988 et
1093 1948 1489 2000 lectionum‚quae
1506 1948 1554 1987 in
1570 1948 1742 1999 templo
1766 1947 1868 1987 soli-

226 2028 302 2062 tae
324 2027 430 2062 sunt
452 2021 630 2071 haberi,
654 2021 778 2060 idem
799 2026 868 2060 est
891 2020 1020 2071 ordo,
1046 2026 1224 2060 mutata
1249 2020 1500 2060 dumtaxat
1521 2018 1654 2059 Pauli
1669 2019 1870 2059 lectione

226 2095 273 2133 in
292 2093 591 2134 Psalmorum
612 2092 827 2143 Dauidis,
852 2104 946 2132 non
966 2092 1121 2132 minus
1152 2091 1313 2132 utilem
1341 2102 1486 2143 quam
1506 2096 1709 2142 gratam,
1733 2102 1869 2142 expo-

227 2166 459 2205 sitionem.
485 2164 749 2205 Conciones
770 2176 884 2204 uero
906 2170 950 2204 et
972 2175 1160 2204 sacram
1180 2163 1532 2203 Eucharistiam
1557 2169 1601 2202 et
1619 2161 1870 2202 confessio-

226 2249 309 2277 nes
332 2237 730 2288 frequentantium
754 2247 992 2285 numerus,
1015 2235 1231 2287 quamuis
1248 2241 1387 2275 antea
1407 2246 1501 2274 non
1517 2234 1736 2274 minimus
1757 2233 1868 2273 exti-

228 2309 351 2359 terit,
377 2315 536 2348 tamen
567 2308 632 2348 ita
654 2314 723 2347 est
751 2307 995 2357 adauctus,
1031 2312 1081 2347 ut
1118 2312 1349 2357 occupato
1376 2306 1470 2346 iam
1496 2305 1669 2357 templo
1696 2305 1754 2345 ab
1781 2305 1869 2355 his,

225 2380 306 2431 qui
346 2391 527 2420 summo
569 2391 705 2419 mane
745 2379 948 2431 primum
987 2378 1245 2418 aduentare
1286 2378 1461 2428 solent,
1503 2388 1690 2417 necnon
1724 2376 1871 2428 ipsius

227 2451 389 2503 templi
410 2451 563 2491 ianuis
586 2451 741 2502 (quem
764 2451 803 2491 si
825 2451 928 2502 quis
950 2451 1108 2490 locum
1136 2449 1362 2501 consequi
1389 2449 1552 2501 possit,
1582 2460 1677 2488 non
1704 2459 1870 2499 parum

227 2534 276 2562 se
313 2522 569 2562 arbitratur
601 2521 852 2574 adeptum),
884 2521 1016 2562 multi
1042 2528 1200 2561 tamen
1226 2533 1320 2561 non
1355 2520 1455 2560 sine
1488 2530 1669 2560 summo
1705 2517 1869 2558 dolore

227 2593 417 2634 domum
439 2594 615 2633 reuerti
637 2599 884 2644 cogantur,
910 2592 1035 2645 quod
1055 2593 1210 2632 nullus
1236 2592 1307 2643 iis,
1340 2603 1397 2631 ne
1425 2592 1472 2631 in
1493 2590 1654 2642 temp]i
1683 2588 1868 2641 quidem

228 2664 474 2715 uestibulo,
505 2666 637 2704 locus
672 2665 889 2716 supersit:
921 2663 1007 2704 fuit
1042 2669 1197 2704 autem
1233 2661 1680 2704 communicantium
1714 2672 1873 2701 nume-

227 2747 308 2776 rus
324 2735 397 2775 his
420 2735 551 2775 festis
568 2735 804 2776 Natalitiis
826 2736 1015 2776 circiter
1036 2734 1128 2776 600.
1153 2735 1420 2784 Caeterum,
1440 2745 1580 2784 quam
1601 2732 1790 2772 feruens
1812 2733 1872 2772 sit

281 2921 292 2941 ¹
331 2920 546 2954 Exemplum,
566 2920 662 2955 cujus
683 2924 859 2955 postrema
883 2925 1017 2949 tantum
1038 2921 1147 2949 verba
1168 2920 1230 2947 “In
1252 2919 1423 2947 Genaro...
1438 2922 1523 2953 eto„
1544 2921 1623 2946 sunt
1639 2925 1741 2945 manu
1765 2916 1874 2952 ipsius

224 2968 395 3004 Stephani
410 2969 543 3003 scripta
570 2967 714 2996 Constat
731 2969 855 3003 duplici
873 2969 964 3004 folio,
980 2969 1090 3004 primo
1106 2977 1136 2997 n.
1153 2968 1215 3002 214,
1229 2969 1340 2996 altero
1356 2974 1440 2995 vero
1455 2974 1520 2993 non
1532 2969 1723 2994 numerato.
