<?xml version="1.0" encoding="UTF-8"?>
<!DOCTYPE html PUBLIC "-//W3C//DTD XHTML 1.0 Transitional//EN"
    "http://www.w3.org/TR/xhtml1/DTD/xhtml1-transitional.dtd">
<html xmlns="http://www.w3.org/1999/xhtml" xml:lang="en" lang="en">
 <head>
  <title>
</title>
<meta http-equiv="Content-Type" content="text/html;charset=utf-8" />
  <meta name='ocr-system' content='tesseract 3.04.00' />
  <meta name='ocr-capabilities' content='ocr_page ocr_carea ocr_par ocr_line ocrx_word'/>
</head>
<body>
  <div class='ocr_page' id='page_1' title='image "./litteraequadrime15lain_0491.png"; bbox 0 0 2047 3179; ppageno 0'>
   <div class='ocr_carea' id='block_1_1' title="bbox 879 131 1795 171">
    <p class='ocr_par' dir='ltr' id='par_1_1' title="bbox 879 131 1795 171">
     <span class='ocr_line' id='line_1_1' title="bbox 879 131 1795 171; baseline 0.002 -3"><span class='ocrx_word' id='word_1_1' title='bbox 879 136 963 168; x_wconf 70' lang='lat' dir='ltr'>AN.</span> <span class='ocrx_word' id='word_1_2' title='bbox 995 131 1086 168; x_wconf 69' lang='lat'>1555</span> <span class='ocrx_word' id='word_1_3' title='bbox 1722 132 1795 171; x_wconf 76' lang='lat'>485</span> 
     </span>
    </p>
   </div>
   <div class='ocr_carea' id='block_1_2' title="bbox 126 226 1789 2838">
    <p class='ocr_par' dir='ltr' id='par_1_2' title="bbox 147 226 1789 1345">
     <span class='ocr_line' id='line_1_2' title="bbox 158 226 1789 281; baseline 0.002 -15"><span class='ocrx_word' id='word_1_4' title='bbox 158 226 356 279; x_wconf 81' lang='lat' dir='ltr'>Jamque</span> <span class='ocrx_word' id='word_1_5' title='bbox 372 228 482 269; x_wconf 91' lang='lat' dir='ltr'>illud</span> <span class='ocrx_word' id='word_1_6' title='bbox 505 228 790 281; x_wconf 78' lang='lat' dir='ltr'>acceptabile</span> <span class='ocrx_word' id='word_1_7' title='bbox 811 235 992 280; x_wconf 90' lang='lat' dir='ltr'>tempus</span> <span class='ocrx_word' id='word_1_8' title='bbox 1014 228 1072 268; x_wconf 90' lang='lat' dir='ltr'>ab</span> <span class='ocrx_word' id='word_1_9' title='bbox 1094 228 1234 269; x_wconf 87' lang='lat' dir='ltr'>Esaia</span> <span class='ocrx_word' id='word_1_10' title='bbox 1257 228 1563 279; x_wconf 89' lang='lat' dir='ltr'>praedictum,</span> <span class='ocrx_word' id='word_1_11' title='bbox 1584 240 1675 280; x_wconf 89' lang='lat' dir='ltr'>quo</span> <span class='ocrx_word' id='word_1_12' title='bbox 1695 231 1789 281; x_wconf 93' lang='lat' dir='ltr'>lupi</span> 
     </span>
     <span class='ocr_line' id='line_1_3' title="bbox 147 290 1785 351; baseline 0.003 -15"><span class='ocrx_word' id='word_1_13' title='bbox 147 290 210 337; x_wconf 67' lang='lat' dir='ltr'>&#39;in</span> <span class='ocrx_word' id='word_1_14' title='bbox 241 309 390 349; x_wconf 87' lang='lat' dir='ltr'>agnos</span> <span class='ocrx_word' id='word_1_15' title='bbox 420 306 713 341; x_wconf 83' lang='lat' dir='ltr'><strong>mutarentur</strong></span> <span class='ocrx_word' id='word_1_16' title='bbox 745 299 755 319; x_wconf 96' lang='lat'>¹</span> <span class='ocrx_word' id='word_1_17' title='bbox 786 306 891 350; x_wconf 90' lang='lat' dir='ltr'>etc.,</span> <span class='ocrx_word' id='word_1_18' title='bbox 925 298 1172 340; x_wconf 90' lang='lat' dir='ltr'>aduenisse</span> <span class='ocrx_word' id='word_1_19' title='bbox 1194 305 1439 347; x_wconf 88' lang='lat' dir='ltr'>testantur;</span> <span class='ocrx_word' id='word_1_20' title='bbox 1472 300 1595 351; x_wconf 87' lang='lat' dir='ltr'>quod</span> <span class='ocrx_word' id='word_1_21' title='bbox 1622 312 1785 341; x_wconf 90' lang='lat' dir='ltr'>uerum</span> 
     </span>
     <span class='ocr_line' id='line_1_4' title="bbox 161 369 1780 422; baseline 0.001 -14"><span class='ocrx_word' id='word_1_22' title='bbox 161 379 264 409; x_wconf 86' lang='lat' dir='ltr'>esse</span> <span class='ocrx_word' id='word_1_23' title='bbox 285 369 421 410; x_wconf 89' lang='lat' dir='ltr'>facile</span> <span class='ocrx_word' id='word_1_24' title='bbox 444 382 550 411; x_wconf 90' lang='lat' dir='ltr'>cum</span> <span class='ocrx_word' id='word_1_25' title='bbox 570 371 659 411; x_wconf 93' lang='lat' dir='ltr'>illis</span> <span class='ocrx_word' id='word_1_26' title='bbox 681 378 724 411; x_wconf 94' lang='lat' dir='ltr'>et</span> <span class='ocrx_word' id='word_1_27' title='bbox 746 382 833 422; x_wconf 91' lang='lat' dir='ltr'>ego</span> <span class='ocrx_word' id='word_1_28' title='bbox 855 370 1109 411; x_wconf 81' lang='lat' dir='ltr'>crederem.</span> <span class='ocrx_word' id='word_1_29' title='bbox 1134 369 1347 410; x_wconf 80' lang='lat' dir='ltr'>Vidisses</span> <span class='ocrx_word' id='word_1_30' title='bbox 1369 370 1612 421; x_wconf 86' lang='lat' dir='ltr'>siquidem,</span> <span class='ocrx_word' id='word_1_31' title='bbox 1637 370 1690 411; x_wconf 88' lang='lat' dir='ltr'>R.</span> <span class='ocrx_word' id='word_1_32' title='bbox 1715 371 1780 421; x_wconf 84' lang='lat' dir='ltr'>P.,</span> 
     </span>
     <span class='ocr_line' id='line_1_5' title="bbox 163 440 1784 493; baseline 0.002 -15"><span class='ocrx_word' id='word_1_33' title='bbox 163 440 375 488; x_wconf 80' lang='lat' dir='ltr'>proximo</span> <span class='ocrx_word' id='word_1_34' title='bbox 404 442 793 493; x_wconf 73' lang='lat' dir='ltr'>quadragesimae</span> <span class='ocrx_word' id='word_1_35' title='bbox 824 447 1032 493; x_wconf 89' lang='lat' dir='ltr'>tempore</span> <span class='ocrx_word' id='word_1_36' title='bbox 1062 452 1155 481; x_wconf 94' lang='lat' dir='ltr'>non</span> <span class='ocrx_word' id='word_1_37' title='bbox 1183 452 1360 492; x_wconf 90' lang='lat' dir='ltr'>paucos</span> <span class='ocrx_word' id='word_1_38' title='bbox 1391 452 1450 481; x_wconf 85' lang='lat' dir='ltr'>ex</span> <span class='ocrx_word' id='word_1_39' title='bbox 1480 441 1566 492; x_wconf 90' lang='lat' dir='ltr'>his,</span> <span class='ocrx_word' id='word_1_40' title='bbox 1598 442 1677 493; x_wconf 90' lang='lat' dir='ltr'>qui</span> <span class='ocrx_word' id='word_1_41' title='bbox 1709 454 1784 481; x_wconf 94' lang='lat' dir='ltr'>no-</span> 
     </span>
     <span class='ocr_line' id='line_1_6' title="bbox 160 511 1787 564; baseline 0.003 -15"><span class='ocrx_word' id='word_1_42' title='bbox 160 515 307 550; x_wconf 89' lang='lat' dir='ltr'>strum</span> <span class='ocrx_word' id='word_1_43' title='bbox 329 511 486 551; x_wconf 90' lang='lat' dir='ltr'>adiere</span> <span class='ocrx_word' id='word_1_44' title='bbox 515 514 753 564; x_wconf 89' lang='lat' dir='ltr'>templum,</span> <span class='ocrx_word' id='word_1_45' title='bbox 781 513 828 553; x_wconf 90' lang='lat' dir='ltr'>in</span> <span class='ocrx_word' id='word_1_46' title='bbox 848 524 939 564; x_wconf 89' lang='lat' dir='ltr'>quo</span> <span class='ocrx_word' id='word_1_47' title='bbox 968 512 1165 563; x_wconf 88' lang='lat' dir='ltr'>singulis</span> <span class='ocrx_word' id='word_1_48' title='bbox 1192 512 1353 552; x_wconf 89' lang='lat' dir='ltr'>diebus</span> <span class='ocrx_word' id='word_1_49' title='bbox 1381 511 1787 564; x_wconf 80' lang='lat' dir='ltr'>frequentissimae</span> 
     </span>
     <span class='ocr_line' id='line_1_7' title="bbox 159 580 1785 634; baseline 0.002 -14"><span class='ocrx_word' id='word_1_50' title='bbox 159 580 451 622; x_wconf 84' lang='lat' dir='ltr'>habebantur</span> <span class='ocrx_word' id='word_1_51' title='bbox 469 584 732 634; x_wconf 87' lang='lat' dir='ltr'>conciones,</span> <span class='ocrx_word' id='word_1_52' title='bbox 757 584 888 634; x_wconf 85' lang='lat' dir='ltr'>alios,</span> <span class='ocrx_word' id='word_1_53' title='bbox 912 583 1056 624; x_wconf 90' lang='lat' dir='ltr'>armis</span> <span class='ocrx_word' id='word_1_54' title='bbox 1077 595 1104 623; x_wconf 91' lang='lat' dir='ltr'>a</span> <span class='ocrx_word' id='word_1_55' title='bbox 1126 583 1277 634; x_wconf 91' lang='lat' dir='ltr'>capite</span> <span class='ocrx_word' id='word_1_56' title='bbox 1307 583 1447 634; x_wconf 89' lang='lat' dir='ltr'>(quod</span> <span class='ocrx_word' id='word_1_57' title='bbox 1474 583 1619 633; x_wconf 92' lang='lat' dir='ltr'>aiunt)</span> <span class='ocrx_word' id='word_1_58' title='bbox 1641 594 1785 634; x_wconf 89' lang='lat' dir='ltr'>usque</span> 
     </span>
     <span class='ocr_line' id='line_1_8' title="bbox 159 650 1785 706; baseline 0.004 -17"><span class='ocrx_word' id='word_1_59' title='bbox 159 650 217 689; x_wconf 91' lang='lat' dir='ltr'>ad</span> <span class='ocrx_word' id='word_1_60' title='bbox 238 653 414 692; x_wconf 89' lang='lat' dir='ltr'>calcem</span> <span class='ocrx_word' id='word_1_61' title='bbox 436 654 637 703; x_wconf 90' lang='lat' dir='ltr'>indutos,</span> <span class='ocrx_word' id='word_1_62' title='bbox 662 655 709 695; x_wconf 90' lang='lat' dir='ltr'>in</span> <span class='ocrx_word' id='word_1_63' title='bbox 729 656 944 706; x_wconf 88' lang='lat' dir='ltr'>luporum</span> <span class='ocrx_word' id='word_1_64' title='bbox 960 666 1138 695; x_wconf 90' lang='lat' dir='ltr'>morem</span> <span class='ocrx_word' id='word_1_65' title='bbox 1155 654 1416 694; x_wconf 87' lang='lat' dir='ltr'>fraternum</span> <span class='ocrx_word' id='word_1_66' title='bbox 1429 654 1709 704; x_wconf 84' lang='lat' dir='ltr'>sanguinem</span> <span class='ocrx_word' id='word_1_67' title='bbox 1730 654 1785 695; x_wconf 89' lang='lat' dir='ltr'>si—</span> 
     </span>
     <span class='ocr_line' id='line_1_9' title="bbox 155 720 1784 776; baseline 0.003 -16"><span class='ocrx_word' id='word_1_68' title='bbox 155 720 337 774; x_wconf 82' lang='lat' dir='ltr'>tientes,</span> <span class='ocrx_word' id='word_1_69' title='bbox 363 735 472 764; x_wconf 78' lang='lat' dir='ltr'>mox</span> <span class='ocrx_word' id='word_1_70' title='bbox 501 725 564 765; x_wconf 85' lang='lat' dir='ltr'>ita</span> <span class='ocrx_word' id='word_1_71' title='bbox 587 725 722 766; x_wconf 91' lang='lat' dir='ltr'>mites</span> <span class='ocrx_word' id='word_1_72' title='bbox 752 725 955 776; x_wconf 87' lang='lat' dir='ltr'>effectos,</span> <span class='ocrx_word' id='word_1_73' title='bbox 979 736 1209 776; x_wconf 88' lang='lat' dir='ltr'>agnorum</span> <span class='ocrx_word' id='word_1_74' title='bbox 1238 724 1445 765; x_wconf 91' lang='lat' dir='ltr'>induisse</span> <span class='ocrx_word' id='word_1_75' title='bbox 1472 725 1784 765; x_wconf 88' lang='lat' dir='ltr'>mansuetudi-</span> 
     </span>
     <span class='ocr_line' id='line_1_10' title="bbox 155 795 1783 848; baseline 0.003 -17"><span class='ocrx_word' id='word_1_76' title='bbox 155 802 273 843; x_wconf 90' lang='lat' dir='ltr'>nem,</span> <span class='ocrx_word' id='word_1_77' title='bbox 300 801 461 834; x_wconf 90' lang='lat' dir='ltr'>utnon</span> <span class='ocrx_word' id='word_1_78' title='bbox 484 796 619 836; x_wconf 90' lang='lat' dir='ltr'>modo</span> <span class='ocrx_word' id='word_1_79' title='bbox 640 798 872 837; x_wconf 90' lang='lat' dir='ltr'>neminem</span> <span class='ocrx_word' id='word_1_80' title='bbox 903 797 992 848; x_wconf 90' lang='lat' dir='ltr'>ipsi</span> <span class='ocrx_word' id='word_1_81' title='bbox 1020 795 1273 846; x_wconf 85' lang='lat' dir='ltr'>laederent,</span> <span class='ocrx_word' id='word_1_82' title='bbox 1299 795 1380 836; x_wconf 88' lang='lat' dir='ltr'>sed</span> <span class='ocrx_word' id='word_1_83' title='bbox 1407 796 1562 836; x_wconf 90' lang='lat' dir='ltr'>illatas</span> <span class='ocrx_word' id='word_1_84' title='bbox 1590 796 1647 836; x_wconf 90' lang='lat' dir='ltr'>ab</span> <span class='ocrx_word' id='word_1_85' title='bbox 1679 797 1783 836; x_wconf 90' lang='lat' dir='ltr'>aliis</span> 
     </span>
     <span class='ocr_line' id='line_1_11' title="bbox 154 865 1781 919; baseline 0.003 -16"><span class='ocrx_word' id='word_1_86' title='bbox 154 865 460 905; x_wconf 86' lang='lat' dir='ltr'>contumelias</span> <span class='ocrx_word' id='word_1_87' title='bbox 495 868 778 919; x_wconf 87' lang='lat' dir='ltr'>aequissimo</span> <span class='ocrx_word' id='word_1_88' title='bbox 820 868 975 908; x_wconf 89' lang='lat' dir='ltr'>animo</span> <span class='ocrx_word' id='word_1_89' title='bbox 1015 866 1214 918; x_wconf 84' lang='lat' dir='ltr'>ferrent;</span> <span class='ocrx_word' id='word_1_90' title='bbox 1257 867 1375 907; x_wconf 92' lang='lat' dir='ltr'>alios</span> <span class='ocrx_word' id='word_1_91' title='bbox 1413 867 1781 919; x_wconf 82' lang='lat' dir='ltr'>superbientium</span> 
     </span>
     <span class='ocr_line' id='line_1_12' title="bbox 151 934 1782 990; baseline 0.003 -16"><span class='ocrx_word' id='word_1_92' title='bbox 151 934 337 976; x_wconf 91' lang='lat' dir='ltr'>leonum</span> <span class='ocrx_word' id='word_1_93' title='bbox 370 936 543 978; x_wconf 87' lang='lat' dir='ltr'>fastum</span> <span class='ocrx_word' id='word_1_94' title='bbox 578 939 864 989; x_wconf 89' lang='lat' dir='ltr'>deponentes</span> <span class='ocrx_word' id='word_1_95' title='bbox 898 939 1106 990; x_wconf 91' lang='lat' dir='ltr'>quietum</span> <span class='ocrx_word' id='word_1_96' title='bbox 1138 944 1381 990; x_wconf 88' lang='lat' dir='ltr'>tutumque</span> <span class='ocrx_word' id='word_1_97' title='bbox 1416 937 1605 978; x_wconf 91' lang='lat' dir='ltr'>uiuendi</span> <span class='ocrx_word' id='word_1_98' title='bbox 1632 949 1782 989; x_wconf 89' lang='lat' dir='ltr'>genus</span> 
     </span>
     <span class='ocr_line' id='line_1_13' title="bbox 150 1007 1778 1062; baseline 0.003 -17"><span class='ocrx_word' id='word_1_99' title='bbox 150 1017 259 1046; x_wconf 88' lang='lat' dir='ltr'>cum</span> <span class='ocrx_word' id='word_1_100' title='bbox 290 1007 453 1048; x_wconf 93' lang='lat' dir='ltr'>ouibus</span> <span class='ocrx_word' id='word_1_101' title='bbox 485 1010 696 1061; x_wconf 86' lang='lat' dir='ltr'>elegisse.</span> <span class='ocrx_word' id='word_1_102' title='bbox 731 1009 851 1061; x_wconf 86' lang='lat' dir='ltr'>Quid</span> <span class='ocrx_word' id='word_1_103' title='bbox 881 1010 1034 1062; x_wconf 89' lang='lat' dir='ltr'>plura?</span> <span class='ocrx_word' id='word_1_104' title='bbox 1064 1009 1276 1050; x_wconf 89' lang='lat' dir='ltr'>audisses</span> <span class='ocrx_word' id='word_1_105' title='bbox 1303 1021 1398 1050; x_wconf 89' lang='lat' dir='ltr'>non</span> <span class='ocrx_word' id='word_1_106' title='bbox 1426 1009 1533 1050; x_wconf 91' lang='lat' dir='ltr'>ficta</span> <span class='ocrx_word' id='word_1_107' title='bbox 1561 1010 1778 1062; x_wconf 89' lang='lat' dir='ltr'>suspiria,</span> 
     </span>
     <span class='ocr_line' id='line_1_14' title="bbox 153 1080 1780 1133; baseline 0.003 -17"><span class='ocrx_word' id='word_1_108' title='bbox 153 1088 359 1118; x_wconf 90' lang='lat' dir='ltr'>summos</span> <span class='ocrx_word' id='word_1_109' title='bbox 380 1080 620 1132; x_wconf 90' lang='lat' dir='ltr'>utriusque</span> <span class='ocrx_word' id='word_1_110' title='bbox 642 1092 782 1122; x_wconf 78' lang='lat' dir='ltr'>sexus</span> <span class='ocrx_word' id='word_1_111' title='bbox 802 1081 1017 1133; x_wconf 86' lang='lat' dir='ltr'>gemitus:</span> <span class='ocrx_word' id='word_1_112' title='bbox 1040 1092 1377 1133; x_wconf 85' lang='lat' dir='ltr'>nonnunquam</span> <span class='ocrx_word' id='word_1_113' title='bbox 1398 1081 1538 1121; x_wconf 90' lang='lat' dir='ltr'>etiam</span> <span class='ocrx_word' id='word_1_114' title='bbox 1568 1082 1780 1121; x_wconf 91' lang='lat' dir='ltr'>homines</span> 
     </span>
     <span class='ocr_line' id='line_1_15' title="bbox 153 1146 1780 1201; baseline 0.004 -15"><span class='ocrx_word' id='word_1_115' title='bbox 153 1146 350 1188; x_wconf 89' lang='lat' dir='ltr'>uidisses</span> <span class='ocrx_word' id='word_1_116' title='bbox 367 1161 479 1201; x_wconf 87' lang='lat' dir='ltr'>prae</span> <span class='ocrx_word' id='word_1_117' title='bbox 498 1152 640 1191; x_wconf 90' lang='lat' dir='ltr'>nimio</span> <span class='ocrx_word' id='word_1_118' title='bbox 660 1151 814 1192; x_wconf 90' lang='lat' dir='ltr'>cordis</span> <span class='ocrx_word' id='word_1_119' title='bbox 829 1153 998 1192; x_wconf 90' lang='lat' dir='ltr'>ardore</span> <span class='ocrx_word' id='word_1_120' title='bbox 1015 1152 1096 1192; x_wconf 85' lang='lat' dir='ltr'>vix</span> <span class='ocrx_word' id='word_1_121' title='bbox 1113 1153 1368 1192; x_wconf 89' lang='lat' dir='ltr'>clamorem</span> <span class='ocrx_word' id='word_1_122' title='bbox 1387 1152 1604 1193; x_wconf 91' lang='lat' dir='ltr'>cohibere</span> <span class='ocrx_word' id='word_1_123' title='bbox 1625 1154 1780 1192; x_wconf 87' lang='lat' dir='ltr'>valen-</span> 
     </span>
     <span class='ocr_line' id='line_1_16' title="bbox 150 1218 1774 1274; baseline 0.004 -17"><span class='ocrx_word' id='word_1_124' title='bbox 150 1224 234 1258; x_wconf 91' lang='lat' dir='ltr'>tes.</span> <span class='ocrx_word' id='word_1_125' title='bbox 260 1218 396 1260; x_wconf 89' lang='lat' dir='ltr'>Vnde</span> <span class='ocrx_word' id='word_1_126' title='bbox 413 1221 588 1262; x_wconf 80' lang='lat' dir='ltr'>factum</span> <span class='ocrx_word' id='word_1_127' title='bbox 615 1231 700 1271; x_wconf 82' lang='lat' dir='ltr'>est,</span> <span class='ocrx_word' id='word_1_128' title='bbox 725 1230 773 1264; x_wconf 93' lang='lat' dir='ltr'>ut</span> <span class='ocrx_word' id='word_1_129' title='bbox 795 1235 888 1263; x_wconf 91' lang='lat' dir='ltr'>non</span> <span class='ocrx_word' id='word_1_130' title='bbox 914 1225 1064 1263; x_wconf 88' lang='lat' dir='ltr'>minor</span> <span class='ocrx_word' id='word_1_131' title='bbox 1084 1228 1190 1274; x_wconf 88' lang='lat' dir='ltr'>post</span> <span class='ocrx_word' id='word_1_132' title='bbox 1207 1223 1640 1274; x_wconf 84' lang='lat' dir='ltr'>quadragesimales</span> <span class='ocrx_word' id='word_1_133' title='bbox 1662 1223 1774 1274; x_wconf 89' lang='lat' dir='ltr'>dies,</span> 
     </span>
     <span class='ocr_line' id='line_1_17' title="bbox 150 1293 1773 1345; baseline 0.003 -16"><span class='ocrx_word' id='word_1_134' title='bbox 150 1300 288 1340; x_wconf 91' lang='lat' dir='ltr'>quam</span> <span class='ocrx_word' id='word_1_135' title='bbox 310 1297 432 1342; x_wconf 90' lang='lat' dir='ltr'>ante,</span> <span class='ocrx_word' id='word_1_136' title='bbox 456 1293 710 1333; x_wconf 86' lang='lat' dir='ltr'>conflueret</span> <span class='ocrx_word' id='word_1_137' title='bbox 731 1294 1007 1345; x_wconf 84' lang='lat' dir='ltr'>frequentia,</span> <span class='ocrx_word' id='word_1_138' title='bbox 1025 1294 1156 1334; x_wconf 85' lang='lat' dir='ltr'>verbi</span> <span class='ocrx_word' id='word_1_139' title='bbox 1176 1293 1265 1334; x_wconf 92' lang='lat' dir='ltr'>Dei</span> <span class='ocrx_word' id='word_1_140' title='bbox 1286 1293 1506 1334; x_wconf 91' lang='lat' dir='ltr'>audiendi</span> <span class='ocrx_word' id='word_1_141' title='bbox 1527 1294 1773 1335; x_wconf 88' lang='lat' dir='ltr'>desiderio.</span> 
     </span>
    </p>

    <p class='ocr_par' dir='ltr' id='par_1_3' title="bbox 126 1360 1775 2838">
     <span class='ocr_line' id='line_1_18' title="bbox 228 1360 1775 1416; baseline 0.003 -15"><span class='ocrx_word' id='word_1_142' title='bbox 228 1360 334 1411; x_wconf 89' lang='lat' dir='ltr'>Sed,</span> <span class='ocrx_word' id='word_1_143' title='bbox 359 1360 578 1413; x_wconf 87' lang='lat' dir='ltr'>quoniam</span> <span class='ocrx_word' id='word_1_144' title='bbox 600 1376 694 1405; x_wconf 92' lang='lat' dir='ltr'>non</span> <span class='ocrx_word' id='word_1_145' title='bbox 716 1365 872 1405; x_wconf 91' lang='lat' dir='ltr'>omnia</span> <span class='ocrx_word' id='word_1_146' title='bbox 893 1365 1035 1406; x_wconf 90' lang='lat' dir='ltr'>scribi</span> <span class='ocrx_word' id='word_1_147' title='bbox 1064 1371 1274 1416; x_wconf 89' lang='lat' dir='ltr'>possunt,</span> <span class='ocrx_word' id='word_1_148' title='bbox 1305 1365 1417 1406; x_wconf 91' lang='lat' dir='ltr'>illud</span> <span class='ocrx_word' id='word_1_149' title='bbox 1438 1366 1604 1406; x_wconf 90' lang='lat' dir='ltr'>saltem</span> <span class='ocrx_word' id='word_1_150' title='bbox 1632 1377 1775 1406; x_wconf 91' lang='lat' dir='ltr'>unum</span> 
     </span>
     <span class='ocr_line' id='line_1_19' title="bbox 145 1431 1773 1488; baseline 0.004 -17"><span class='ocrx_word' id='word_1_151' title='bbox 145 1431 328 1472; x_wconf 90' lang='lat' dir='ltr'>silentio</span> <span class='ocrx_word' id='word_1_152' title='bbox 348 1445 440 1473; x_wconf 93' lang='lat' dir='ltr'>non</span> <span class='ocrx_word' id='word_1_153' title='bbox 457 1441 526 1474; x_wconf 91' lang='lat' dir='ltr'>est</span> <span class='ocrx_word' id='word_1_154' title='bbox 542 1436 948 1486; x_wconf 88' lang='lat' dir='ltr'>praetereundum.</span> <span class='ocrx_word' id='word_1_155' title='bbox 969 1435 1086 1477; x_wconf 92' lang='lat' dir='ltr'>Cum</span> <span class='ocrx_word' id='word_1_156' title='bbox 1098 1435 1220 1476; x_wconf 77' lang='lat' dir='ltr'>R.&lt;1us</span> <span class='ocrx_word' id='word_1_157' title='bbox 1244 1436 1294 1477; x_wconf 88' lang='lat' dir='ltr'>P.</span> <span class='ocrx_word' id='word_1_158' title='bbox 1313 1436 1630 1488; x_wconf 86' lang='lat' dir='ltr'>Hieronymus</span> <span class='ocrx_word' id='word_1_159' title='bbox 1653 1436 1773 1477; x_wconf 92' lang='lat' dir='ltr'>Otel-</span> 
     </span>
     <span class='ocr_line' id='line_1_20' title="bbox 146 1503 1772 1559; baseline 0.004 -17"><span class='ocrx_word' id='word_1_160' title='bbox 146 1504 215 1543; x_wconf 91' lang='lat' dir='ltr'>lus</span> <span class='ocrx_word' id='word_1_161' title='bbox 236 1503 309 1544; x_wconf 89' lang='lat' dir='ltr'>die</span> <span class='ocrx_word' id='word_1_162' title='bbox 329 1505 533 1556; x_wconf 89' lang='lat' dir='ltr'>quadam</span> <span class='ocrx_word' id='word_1_163' title='bbox 565 1506 620 1546; x_wconf 94' lang='lat' dir='ltr'>de</span> <span class='ocrx_word' id='word_1_164' title='bbox 650 1507 810 1547; x_wconf 89' lang='lat' dir='ltr'>diuina</span> <span class='ocrx_word' id='word_1_165' title='bbox 836 1508 905 1547; x_wconf 90' lang='lat' dir='ltr'>ira</span> <span class='ocrx_word' id='word_1_166' title='bbox 936 1509 983 1548; x_wconf 89' lang='lat' dir='ltr'>in</span> <span class='ocrx_word' id='word_1_167' title='bbox 1012 1514 1286 1559; x_wconf 88' lang='lat' dir='ltr'>peccatores</span> <span class='ocrx_word' id='word_1_168' title='bbox 1314 1508 1672 1548; x_wconf 87' lang='lat' dir='ltr'>concionaretur</span> <span class='ocrx_word' id='word_1_169' title='bbox 1703 1510 1772 1556; x_wconf 89' lang='lat' dir='ltr'>(eo</span> 
     </span>
     <span class='ocr_line' id='line_1_21' title="bbox 144 1574 1771 1630; baseline 0.004 -17"><span class='ocrx_word' id='word_1_170' title='bbox 144 1574 267 1614; x_wconf 88' lang='lat' dir='ltr'>enim</span> <span class='ocrx_word' id='word_1_171' title='bbox 294 1581 502 1627; x_wconf 90' lang='lat' dir='ltr'>tempore</span> <span class='ocrx_word' id='word_1_172' title='bbox 530 1583 739 1618; x_wconf 86' lang='lat' dir='ltr'>extrema</span> <span class='ocrx_word' id='word_1_173' title='bbox 776 1590 920 1630; x_wconf 90' lang='lat' dir='ltr'>prope</span> <span class='ocrx_word' id='word_1_174' title='bbox 953 1578 1102 1618; x_wconf 86' lang='lat' dir='ltr'>fames</span> <span class='ocrx_word' id='word_1_175' title='bbox 1136 1578 1258 1618; x_wconf 91' lang='lat' dir='ltr'>hanc</span> <span class='ocrx_word' id='word_1_176' title='bbox 1285 1584 1583 1630; x_wconf 90' lang='lat' dir='ltr'>oppresserat</span> <span class='ocrx_word' id='word_1_177' title='bbox 1611 1579 1771 1619; x_wconf 87' lang='lat' dir='ltr'>ciuita-</span> 
     </span>
     <span class='ocr_line' id='line_1_22' title="bbox 144 1644 1769 1701; baseline 0.004 -17"><span class='ocrx_word' id='word_1_178' title='bbox 144 1644 269 1695; x_wconf 91' lang='lat' dir='ltr'>tem),</span> <span class='ocrx_word' id='word_1_179' title='bbox 293 1657 348 1685; x_wconf 93' lang='lat' dir='ltr'>eo</span> <span class='ocrx_word' id='word_1_180' title='bbox 370 1647 705 1688; x_wconf 88' lang='lat' dir='ltr'>lachrimarum</span> <span class='ocrx_word' id='word_1_181' title='bbox 724 1661 998 1700; x_wconf 89' lang='lat' dir='ltr'>processum</span> <span class='ocrx_word' id='word_1_182' title='bbox 1019 1655 1103 1701; x_wconf 91' lang='lat' dir='ltr'>est,</span> <span class='ocrx_word' id='word_1_183' title='bbox 1127 1655 1176 1690; x_wconf 94' lang='lat' dir='ltr'>ut</span> <span class='ocrx_word' id='word_1_184' title='bbox 1204 1649 1343 1690; x_wconf 91' lang='lat' dir='ltr'>etiam</span> <span class='ocrx_word' id='word_1_185' title='bbox 1373 1650 1650 1690; x_wconf 85' lang='lat' dir='ltr'>nobilissimi</span> <span class='ocrx_word' id='word_1_186' title='bbox 1677 1651 1769 1701; x_wconf 89' lang='lat' dir='ltr'>qui-</span> 
     </span>
     <span class='ocr_line' id='line_1_23' title="bbox 143 1716 1770 1772; baseline 0.004 -17"><span class='ocrx_word' id='word_1_187' title='bbox 143 1727 232 1767; x_wconf 94' lang='lat' dir='ltr'>que</span> <span class='ocrx_word' id='word_1_188' title='bbox 253 1716 357 1768; x_wconf 90' lang='lat' dir='ltr'>uiri,</span> <span class='ocrx_word' id='word_1_189' title='bbox 380 1719 578 1768; x_wconf 88' lang='lat' dir='ltr'>genibus</span> <span class='ocrx_word' id='word_1_190' title='bbox 599 1719 645 1759; x_wconf 91' lang='lat' dir='ltr'>in</span> <span class='ocrx_word' id='word_1_191' title='bbox 667 1725 839 1760; x_wconf 88' lang='lat' dir='ltr'>terram</span> <span class='ocrx_word' id='word_1_192' title='bbox 855 1720 1103 1772; x_wconf 85' lang='lat' dir='ltr'>prouoluti,</span> <span class='ocrx_word' id='word_1_193' title='bbox 1123 1726 1166 1760; x_wconf 93' lang='lat' dir='ltr'>et</span> <span class='ocrx_word' id='word_1_194' title='bbox 1182 1726 1374 1772; x_wconf 92' lang='lat' dir='ltr'>pectora</span> <span class='ocrx_word' id='word_1_195' title='bbox 1390 1721 1652 1772; x_wconf 91' lang='lat' dir='ltr'>tundentes,</span> <span class='ocrx_word' id='word_1_196' title='bbox 1672 1728 1770 1762; x_wconf 89' lang='lat' dir='ltr'>tan-</span> 
     </span>
     <span class='ocr_line' id='line_1_24' title="bbox 143 1788 1770 1843; baseline 0.003 -16"><span class='ocrx_word' id='word_1_197' title='bbox 143 1793 217 1827; x_wconf 89' lang='lat' dir='ltr'>tae</span> <span class='ocrx_word' id='word_1_198' title='bbox 249 1788 395 1828; x_wconf 91' lang='lat' dir='ltr'>cladis</span> <span class='ocrx_word' id='word_1_199' title='bbox 424 1800 472 1829; x_wconf 90' lang='lat' dir='ltr'>se</span> <span class='ocrx_word' id='word_1_200' title='bbox 500 1801 706 1841; x_wconf 90' lang='lat' dir='ltr'>causam,</span> <span class='ocrx_word' id='word_1_201' title='bbox 731 1791 769 1830; x_wconf 93' lang='lat' dir='ltr'>si</span> <span class='ocrx_word' id='word_1_202' title='bbox 789 1803 882 1831; x_wconf 94' lang='lat' dir='ltr'>non</span> <span class='ocrx_word' id='word_1_203' title='bbox 911 1792 1168 1832; x_wconf 90' lang='lat' dir='ltr'>clamantes</span> <span class='ocrx_word' id='word_1_204' title='bbox 1187 1792 1465 1843; x_wconf 86' lang='lat' dir='ltr'>proferrent,</span> <span class='ocrx_word' id='word_1_205' title='bbox 1488 1792 1580 1832; x_wconf 91' lang='lat' dir='ltr'>imo</span> <span class='ocrx_word' id='word_1_206' title='bbox 1603 1793 1770 1833; x_wconf 90' lang='lat' dir='ltr'>saltem</span> 
     </span>
     <span class='ocr_line' id='line_1_25' title="bbox 143 1861 1768 1910; baseline 0.004 -13"><span class='ocrx_word' id='word_1_207' title='bbox 143 1863 329 1908; x_wconf 90' lang='lat' dir='ltr'>pectore</span> <span class='ocrx_word' id='word_1_208' title='bbox 357 1865 401 1899; x_wconf 95' lang='lat' dir='ltr'>et</span> <span class='ocrx_word' id='word_1_209' title='bbox 431 1867 742 1910; x_wconf 87' lang='lat' dir='ltr'>agnoscerent</span> <span class='ocrx_word' id='word_1_210' title='bbox 771 1868 815 1902; x_wconf 91' lang='lat' dir='ltr'>et</span> <span class='ocrx_word' id='word_1_211' title='bbox 849 1861 1195 1902; x_wconf 89' lang='lat' dir='ltr'>confiterentur.</span> <span class='ocrx_word' id='word_1_212' title='bbox 1233 1862 1461 1903; x_wconf 91' lang='lat' dir='ltr'>Absoluta</span> <span class='ocrx_word' id='word_1_213' title='bbox 1492 1863 1586 1902; x_wconf 87' lang='lat' dir='ltr'>iam</span> <span class='ocrx_word' id='word_1_214' title='bbox 1615 1862 1768 1904; x_wconf 87' lang='lat' dir='ltr'>fuerat</span> 
     </span>
     <span class='ocr_line' id='line_1_26' title="bbox 141 1929 1767 1985; baseline 0.004 -17"><span class='ocrx_word' id='word_1_215' title='bbox 141 1929 319 1980; x_wconf 90' lang='lat' dir='ltr'>concio,</span> <span class='ocrx_word' id='word_1_216' title='bbox 340 1930 525 1982; x_wconf 90' lang='lat' dir='ltr'>iamque</span> <span class='ocrx_word' id='word_1_217' title='bbox 539 1931 726 1972; x_wconf 90' lang='lat' dir='ltr'>domum</span> <span class='ocrx_word' id='word_1_218' title='bbox 738 1944 787 1972; x_wconf 95' lang='lat' dir='ltr'>se</span> <span class='ocrx_word' id='word_1_219' title='bbox 804 1939 1046 1984; x_wconf 89' lang='lat' dir='ltr'>receperat</span> <span class='ocrx_word' id='word_1_220' title='bbox 1062 1933 1380 1983; x_wconf 90' lang='lat' dir='ltr'>concionator,</span> <span class='ocrx_word' id='word_1_221' title='bbox 1399 1939 1538 1985; x_wconf 92' lang='lat' dir='ltr'>atque</span> <span class='ocrx_word' id='word_1_222' title='bbox 1553 1934 1617 1974; x_wconf 86' lang='lat' dir='ltr'>illi</span> <span class='ocrx_word' id='word_1_223' title='bbox 1633 1934 1767 1974; x_wconf 81' lang='lat' dir='ltr'>flexis</span> 
     </span>
     <span class='ocr_line' id='line_1_27' title="bbox 141 2000 1766 2055; baseline 0.004 -16"><span class='ocrx_word' id='word_1_224' title='bbox 141 2000 354 2051; x_wconf 86' lang='lat' dir='ltr'>genibus,</span> <span class='ocrx_word' id='word_1_225' title='bbox 379 2002 509 2041; x_wconf 87' lang='lat' dir='ltr'>multi</span> <span class='ocrx_word' id='word_1_226' title='bbox 531 2014 713 2054; x_wconf 90' lang='lat' dir='ltr'>quoque</span> <span class='ocrx_word' id='word_1_227' title='bbox 737 2004 941 2044; x_wconf 82' lang='lat' dir='ltr'>extensis</span> <span class='ocrx_word' id='word_1_228' title='bbox 962 2005 1191 2055; x_wconf 84' lang='lat' dir='ltr'>manibus,</span> <span class='ocrx_word' id='word_1_229' title='bbox 1215 2005 1433 2055; x_wconf 89' lang='lat' dir='ltr'>precibus</span> <span class='ocrx_word' id='word_1_230' title='bbox 1461 2011 1505 2044; x_wconf 90' lang='lat' dir='ltr'>et</span> <span class='ocrx_word' id='word_1_231' title='bbox 1526 2005 1766 2046; x_wconf 90' lang='lat' dir='ltr'>lachrimis</span> 
     </span>
     <span class='ocr_line' id='line_1_28' title="bbox 138 2069 1764 2127; baseline 0.004 -17"><span class='ocrx_word' id='word_1_232' title='bbox 138 2069 290 2111; x_wconf 91' lang='lat' dir='ltr'>adhuc</span> <span class='ocrx_word' id='word_1_233' title='bbox 311 2072 500 2112; x_wconf 90' lang='lat' dir='ltr'>modum</span> <span class='ocrx_word' id='word_1_234' title='bbox 520 2085 613 2113; x_wconf 90' lang='lat' dir='ltr'>non</span> <span class='ocrx_word' id='word_1_235' title='bbox 634 2075 967 2125; x_wconf 90' lang='lat' dir='ltr'>imposuerant.</span> <span class='ocrx_word' id='word_1_236' title='bbox 989 2076 1167 2117; x_wconf 86' lang='lat' dir='ltr'>Eodem</span> <span class='ocrx_word' id='word_1_237' title='bbox 1183 2076 1256 2116; x_wconf 91' lang='lat' dir='ltr'>die</span> <span class='ocrx_word' id='word_1_238' title='bbox 1273 2076 1329 2116; x_wconf 91' lang='lat' dir='ltr'>de</span> <span class='ocrx_word' id='word_1_239' title='bbox 1345 2088 1394 2116; x_wconf 90' lang='lat' dir='ltr'>re</span> <span class='ocrx_word' id='word_1_240' title='bbox 1410 2088 1504 2116; x_wconf 93' lang='lat' dir='ltr'>non</span> <span class='ocrx_word' id='word_1_241' title='bbox 1520 2077 1658 2127; x_wconf 90' lang='lat' dir='ltr'>longe</span> <span class='ocrx_word' id='word_1_242' title='bbox 1676 2077 1764 2117; x_wconf 92' lang='lat' dir='ltr'>dis-</span> 
     </span>
     <span class='ocr_line' id='line_1_29' title="bbox 136 2142 1763 2199; baseline 0.004 -17"><span class='ocrx_word' id='word_1_243' title='bbox 136 2142 290 2193; x_wconf 91' lang='lat' dir='ltr'>simili,</span> <span class='ocrx_word' id='word_1_244' title='bbox 303 2145 631 2184; x_wconf 91' lang='lat' dir='ltr'>nonnullorum</span> <span class='ocrx_word' id='word_1_245' title='bbox 647 2145 870 2196; x_wconf 87' lang='lat' dir='ltr'>impulsus</span> <span class='ocrx_word' id='word_1_246' title='bbox 887 2147 1199 2198; x_wconf 91' lang='lat' dir='ltr'>petitionibus,</span> <span class='ocrx_word' id='word_1_247' title='bbox 1213 2147 1260 2187; x_wconf 90' lang='lat' dir='ltr'>in</span> <span class='ocrx_word' id='word_1_248' title='bbox 1273 2148 1444 2197; x_wconf 93' lang='lat' dir='ltr'>templo</span> <span class='ocrx_word' id='word_1_249' title='bbox 1458 2148 1659 2199; x_wconf 92' lang='lat' dir='ltr'>quodam</span> <span class='ocrx_word' id='word_1_250' title='bbox 1672 2148 1763 2188; x_wconf 89' lang='lat' dir='ltr'>alio</span> 
     </span>
     <span class='ocr_line' id='line_1_30' title="bbox 136 2214 1759 2270; baseline 0.004 -18"><span class='ocrx_word' id='word_1_251' title='bbox 136 2224 400 2254; x_wconf 89' lang='lat' dir='ltr'>sermonem</span> <span class='ocrx_word' id='word_1_252' title='bbox 416 2214 591 2266; x_wconf 89' lang='lat' dir='ltr'>habuit,</span> <span class='ocrx_word' id='word_1_253' title='bbox 612 2228 702 2268; x_wconf 93' lang='lat' dir='ltr'>quo</span> <span class='ocrx_word' id='word_1_254' title='bbox 716 2228 861 2269; x_wconf 89' lang='lat' dir='ltr'>usque</span> <span class='ocrx_word' id='word_1_255' title='bbox 878 2217 994 2258; x_wconf 90' lang='lat' dir='ltr'>adeo</span> <span class='ocrx_word' id='word_1_256' title='bbox 1012 2218 1299 2258; x_wconf 91' lang='lat' dir='ltr'>audientium</span> <span class='ocrx_word' id='word_1_257' title='bbox 1316 2218 1496 2258; x_wconf 89' lang='lat' dir='ltr'>animos</span> <span class='ocrx_word' id='word_1_258' title='bbox 1513 2219 1759 2270; x_wconf 89' lang='lat' dir='ltr'>permouit,</span> 
     </span>
     <span class='ocr_line' id='line_1_31' title="bbox 136 2285 1758 2341; baseline 0.004 -18"><span class='ocrx_word' id='word_1_259' title='bbox 136 2288 185 2323; x_wconf 93' lang='lat' dir='ltr'>ut</span> <span class='ocrx_word' id='word_1_260' title='bbox 206 2285 281 2324; x_wconf 91' lang='lat' dir='ltr'>uel</span> <span class='ocrx_word' id='word_1_261' title='bbox 301 2286 569 2326; x_wconf 78' lang='lat' dir='ltr'>exclamare</span> <span class='ocrx_word' id='word_1_262' title='bbox 591 2294 885 2338; x_wconf 88' lang='lat' dir='ltr'>cogerentur.</span> <span class='ocrx_word' id='word_1_263' title='bbox 909 2288 1002 2328; x_wconf 86' lang='lat' dir='ltr'>Res</span> <span class='ocrx_word' id='word_1_264' title='bbox 1023 2301 1076 2329; x_wconf 92' lang='lat' dir='ltr'>ea</span> <span class='ocrx_word' id='word_1_265' title='bbox 1099 2295 1182 2340; x_wconf 91' lang='lat' dir='ltr'>est,</span> <span class='ocrx_word' id='word_1_266' title='bbox 1207 2300 1326 2340; x_wconf 90' lang='lat' dir='ltr'>quae</span> <span class='ocrx_word' id='word_1_267' title='bbox 1347 2289 1427 2329; x_wconf 78' lang='lat' dir='ltr'>uix</span> <span class='ocrx_word' id='word_1_268' title='bbox 1448 2289 1575 2329; x_wconf 89' lang='lat' dir='ltr'>credi</span> <span class='ocrx_word' id='word_1_269' title='bbox 1597 2291 1758 2341; x_wconf 90' lang='lat' dir='ltr'>possit,</span> 
     </span>
     <span class='ocr_line' id='line_1_32' title="bbox 135 2354 1759 2411; baseline 0.004 -18"><span class='ocrx_word' id='word_1_270' title='bbox 135 2354 218 2394; x_wconf 91' lang='lat' dir='ltr'>sed</span> <span class='ocrx_word' id='word_1_271' title='bbox 238 2366 351 2394; x_wconf 91' lang='lat' dir='ltr'>sane</span> <span class='ocrx_word' id='word_1_272' title='bbox 373 2367 501 2396; x_wconf 90' lang='lat' dir='ltr'>uera.</span> <span class='ocrx_word' id='word_1_273' title='bbox 525 2356 649 2397; x_wconf 92' lang='lat' dir='ltr'>Inter</span> <span class='ocrx_word' id='word_1_274' title='bbox 666 2370 784 2409; x_wconf 92' lang='lat' dir='ltr'>quos</span> <span class='ocrx_word' id='word_1_275' title='bbox 801 2371 961 2399; x_wconf 91' lang='lat' dir='ltr'>omnes</span> <span class='ocrx_word' id='word_1_276' title='bbox 979 2365 1194 2400; x_wconf 89' lang='lat' dir='ltr'>matrona</span> <span class='ocrx_word' id='word_1_277' title='bbox 1211 2360 1440 2411; x_wconf 89' lang='lat' dir='ltr'>quaedam</span> <span class='ocrx_word' id='word_1_278' title='bbox 1455 2361 1759 2411; x_wconf 85' lang='lat' dir='ltr'>nobilissima,</span> 
     </span>
     <span class='ocr_line' id='line_1_33' title="bbox 136 2426 1758 2483; baseline 0.005 -19"><span class='ocrx_word' id='word_1_279' title='bbox 136 2432 417 2478; x_wconf 90' lang='lat' dir='ltr'>nostraeque</span> <span class='ocrx_word' id='word_1_280' title='bbox 445 2426 670 2469; x_wconf 84' lang='lat' dir='ltr'>Societati</span> <span class='ocrx_word' id='word_1_281' title='bbox 699 2429 1034 2481; x_wconf 87' lang='lat' dir='ltr'>addictissima,</span> <span class='ocrx_word' id='word_1_282' title='bbox 1066 2432 1148 2471; x_wconf 84' lang='lat' dir='ltr'>uix</span> <span class='ocrx_word' id='word_1_283' title='bbox 1169 2431 1314 2471; x_wconf 90' lang='lat' dir='ltr'>diuini</span> <span class='ocrx_word' id='word_1_284' title='bbox 1342 2432 1533 2483; x_wconf 87' lang='lat' dir='ltr'>spiritus</span> <span class='ocrx_word' id='word_1_285' title='bbox 1560 2433 1758 2483; x_wconf 87' lang='lat' dir='ltr'>patiens,</span> 
     </span>
     <span class='ocr_line' id='line_1_34' title="bbox 133 2495 1759 2554; baseline 0.005 -19"><span class='ocrx_word' id='word_1_286' title='bbox 133 2495 286 2536; x_wconf 90' lang='lat' dir='ltr'>effecit</span> <span class='ocrx_word' id='word_1_287' title='bbox 308 2497 430 2548; x_wconf 90' lang='lat' dir='ltr'>apud</span> <span class='ocrx_word' id='word_1_288' title='bbox 452 2499 619 2550; x_wconf 89' lang='lat' dir='ltr'>uirum,</span> <span class='ocrx_word' id='word_1_289' title='bbox 644 2507 692 2540; x_wconf 92' lang='lat' dir='ltr'>ut</span> <span class='ocrx_word' id='word_1_290' title='bbox 713 2501 984 2552; x_wconf 89' lang='lat' dir='ltr'>impetraret</span> <span class='ocrx_word' id='word_1_291' title='bbox 1016 2514 1042 2542; x_wconf 95' lang='lat' dir='ltr'>a</span> <span class='ocrx_word' id='word_1_292' title='bbox 1068 2502 1227 2553; x_wconf 90' lang='lat' dir='ltr'>templi</span> <span class='ocrx_word' id='word_1_293' title='bbox 1254 2502 1446 2542; x_wconf 88' lang='lat' dir='ltr'>maioris</span> <span class='ocrx_word' id='word_1_294' title='bbox 1467 2502 1683 2554; x_wconf 90' lang='lat' dir='ltr'>praeside</span> <span class='ocrx_word' id='word_1_295' title='bbox 1704 2515 1759 2544; x_wconf 91' lang='lat' dir='ltr'>ac</span> 
     </span>
     <span class='ocr_line' id='line_1_35' title="bbox 132 2565 1760 2625; baseline 0.006 -21"><span class='ocrx_word' id='word_1_296' title='bbox 132 2565 348 2607; x_wconf 87' lang='lat' dir='ltr'>Patribus</span> <span class='ocrx_word' id='word_1_297' title='bbox 372 2568 677 2621; x_wconf 88' lang='lat' dir='ltr'>Conscriptis,</span> <span class='ocrx_word' id='word_1_298' title='bbox 702 2577 750 2610; x_wconf 89' lang='lat' dir='ltr'>ut</span> <span class='ocrx_word' id='word_1_299' title='bbox 768 2571 953 2612; x_wconf 84' lang='lat' dir='ltr'>Patrem</span> <span class='ocrx_word' id='word_1_300' title='bbox 971 2572 1324 2624; x_wconf 84' lang='lat' dir='ltr'>Hieronymum,</span> <span class='ocrx_word' id='word_1_301' title='bbox 1345 2585 1435 2625; x_wconf 90' lang='lat' dir='ltr'>quo</span> <span class='ocrx_word' id='word_1_302' title='bbox 1453 2573 1511 2613; x_wconf 93' lang='lat' dir='ltr'>ad</span> <span class='ocrx_word' id='word_1_303' title='bbox 1529 2585 1760 2614; x_wconf 89' lang='lat' dir='ltr'>summum</span> 
     </span>
     <span class='ocr_line' id='line_1_36' title="bbox 130 2639 1760 2696; baseline 0.006 -20"><span class='ocrx_word' id='word_1_304' title='bbox 130 2639 353 2688; x_wconf 84' lang='lat' dir='ltr'>templum</span> <span class='ocrx_word' id='word_1_305' title='bbox 389 2641 749 2681; x_wconf 89' lang='lat' dir='ltr'>concionaturus</span> <span class='ocrx_word' id='word_1_306' title='bbox 784 2643 985 2693; x_wconf 84' lang='lat' dir='ltr'>ueniret,</span> <span class='ocrx_word' id='word_1_307' title='bbox 1021 2650 1286 2694; x_wconf 81' lang='lat' dir='ltr'>exorarent;</span> <span class='ocrx_word' id='word_1_308' title='bbox 1317 2655 1515 2695; x_wconf 89' lang='lat' dir='ltr'>quorum</span> <span class='ocrx_word' id='word_1_309' title='bbox 1544 2645 1760 2696; x_wconf 88' lang='lat' dir='ltr'>precibus</span> 
     </span>
     <span class='ocr_line' id='line_1_37' title="bbox 129 2709 1758 2766; baseline 0.006 -19"><span class='ocrx_word' id='word_1_310' title='bbox 129 2709 350 2759; x_wconf 90' lang='lat' dir='ltr'>quoniam</span> <span class='ocrx_word' id='word_1_311' title='bbox 385 2709 437 2750; x_wconf 87' lang='lat' dir='ltr'>R.</span> <span class='ocrx_word' id='word_1_312' title='bbox 469 2709 517 2750; x_wconf 90' lang='lat' dir='ltr'>P.</span> <span class='ocrx_word' id='word_1_313' title='bbox 555 2712 772 2752; x_wconf 87' lang='lat' dir='ltr'>resistere</span> <span class='ocrx_word' id='word_1_314' title='bbox 802 2725 894 2753; x_wconf 91' lang='lat' dir='ltr'>non</span> <span class='ocrx_word' id='word_1_315' title='bbox 922 2714 1082 2765; x_wconf 90' lang='lat' dir='ltr'>potuit,</span> <span class='ocrx_word' id='word_1_316' title='bbox 1114 2715 1417 2755; x_wconf 88' lang='lat' dir='ltr'>concionatus</span> <span class='ocrx_word' id='word_1_317' title='bbox 1446 2722 1528 2766; x_wconf 91' lang='lat' dir='ltr'>est,</span> <span class='ocrx_word' id='word_1_318' title='bbox 1558 2716 1620 2756; x_wconf 85' lang='lat' dir='ltr'>ita</span> <span class='ocrx_word' id='word_1_319' title='bbox 1644 2728 1758 2756; x_wconf 93' lang='lat' dir='ltr'>sane</span> 
     </span>
     <span class='ocr_line' id='line_1_38' title="bbox 126 2778 1757 2838; baseline 0.006 -19"><span class='ocrx_word' id='word_1_320' title='bbox 126 2778 378 2830; x_wconf 77' lang='lat' dir='ltr'>feruentes,</span> <span class='ocrx_word' id='word_1_321' title='bbox 404 2788 452 2821; x_wconf 91' lang='lat' dir='ltr'>ut</span> <span class='ocrx_word' id='word_1_322' title='bbox 472 2794 603 2833; x_wconf 90' lang='lat' dir='ltr'>spem</span> <span class='ocrx_word' id='word_1_323' title='bbox 620 2784 826 2824; x_wconf 91' lang='lat' dir='ltr'>omnium</span> <span class='ocrx_word' id='word_1_324' title='bbox 846 2784 1024 2825; x_wconf 89' lang='lat' dir='ltr'>uicerit.</span> <span class='ocrx_word' id='word_1_325' title='bbox 1047 2784 1182 2836; x_wconf 85' lang='lat' dir='ltr'>Quod</span> <span class='ocrx_word' id='word_1_326' title='bbox 1204 2788 1278 2826; x_wconf 93' lang='lat' dir='ltr'>uel</span> <span class='ocrx_word' id='word_1_327' title='bbox 1301 2799 1359 2827; x_wconf 84' lang='lat' dir='ltr'>ex</span> <span class='ocrx_word' id='word_1_328' title='bbox 1385 2798 1440 2827; x_wconf 93' lang='lat' dir='ltr'>eo</span> <span class='ocrx_word' id='word_1_329' title='bbox 1469 2798 1757 2838; x_wconf 89' lang='lat' dir='ltr'>cognoscere</span> 
     </span>
    </p>
   </div>
   <div class='ocr_carea' id='block_1_3' title="bbox 125 2891 1758 2971">
    <p class='ocr_par' dir='ltr' id='par_1_4' title="bbox 125 2891 1758 2971">
     <span class='ocr_line' id='line_1_39' title="bbox 181 2891 1758 2934; baseline 0.006 -17"><span class='ocrx_word' id='word_1_330' title='bbox 181 2891 189 2910; x_wconf 78' lang='lat'><strong>⁴</strong></span> <span class='ocrx_word' id='word_1_331' title='bbox 232 2891 420 2920; x_wconf 81' lang='lat' dir='ltr'>Habz&#39;tabz&#39;t</span> <span class='ocrx_word' id='word_1_332' title='bbox 439 2893 546 2928; x_wconf 81' lang='lat' dir='ltr'>lupus</span> <span class='ocrx_word' id='word_1_333' title='bbox 573 2902 652 2922; x_wconf 84' lang='lat' dir='ltr'>cum</span> <span class='ocrx_word' id='word_1_334' title='bbox 677 2902 776 2928; x_wconf 85' lang='lat' dir='ltr'>agno.</span> <span class='ocrx_word' id='word_1_335' title='bbox 796 2895 906 2923; x_wconf 85' lang='lat' dir='ltr'>Isaiae</span> <span class='ocrx_word' id='word_1_336' title='bbox 923 2896 995 2930; x_wconf 85' lang='lat' dir='ltr'>x1,6</span> <span class='ocrx_word' id='word_1_337' title='bbox 1023 2896 1204 2932; x_wconf 69' lang='lat' dir='ltr'>-“Lupus</span> <span class='ocrx_word' id='word_1_338' title='bbox 1219 2900 1251 2925; x_wconf 89' lang='lat' dir='ltr'>et</span> <span class='ocrx_word' id='word_1_339' title='bbox 1266 2906 1381 2932; x_wconf 85' lang='lat' dir='ltr'>agnus</span> <span class='ocrx_word' id='word_1_340' title='bbox 1399 2901 1598 2934; x_wconf 74' lang='lat' dir='ltr'>pascentur</span> <span class='ocrx_word' id='word_1_341' title='bbox 1618 2900 1758 2934; x_wconf 80' lang='lat' dir='ltr'>sz&#39;mul.„</span> 
     </span>
     <span class='ocr_line' id='line_1_40' title="bbox 125 2938 329 2971; baseline 0.005 -6"><span class='ocrx_word' id='word_1_342' title='bbox 125 2938 175 2967; x_wconf 79' lang='lat' dir='ltr'>Id.</span> <span class='ocrx_word' id='word_1_343' title='bbox 191 2946 267 2971; x_wconf 76' lang='lat' dir='ltr'>va.</span> <span class='ocrx_word' id='word_1_344' title='bbox 285 2940 329 2966; x_wconf 73' lang='lat'>¹25.</span> 
     </span>
    </p>
   </div>
  </div>
 </body>
</html>
