2104 3189
884 135 966 175 AN.
1000 134 1089 170 1554
1785 143 1811 169 q

168 242 366 271 uxorem
401 231 730 283 alloqueretur,
769 231 902 282 eique
938 232 1203 272 consuleret
1236 238 1286 272 ut
1317 233 1502 273 reiectis
1537 234 1807 286 deprauatis

169 302 482 353 opinionibus,
521 301 687 353 quibus
718 302 811 341 iam
839 301 918 342 diu
944 308 1015 342 est
1042 301 1233 353 imbuta,
1264 314 1366 343 sese
1394 303 1452 344 ad
1483 304 1720 346 Christum
1740 308 1805 347 in-

169 372 365 413 clinaret
390 371 414 413 ¹.
440 373 616 425 Quibus
638 372 775 412 rebus
795 371 1023 413 foeliciter
1043 379 1087 413 et
1108 373 1328 424 religiose
1347 375 1509 425 gestis,
1531 377 1805 426 aggreditur

170 444 335 486 ducem
373 445 523 495 ipsam
557 443 584 494 ²¹,
617 455 671 484 ac
694 443 982 495 depromptis
1016 450 1113 484 tum
1140 444 1419 485 testimoniis
1446 447 1802 498 scripturarum,

169 520 268 554 tum
296 515 418 566 aptis
446 514 718 564 rationibus,
745 514 1048 555 uehementer
1072 515 1257 555 intorsit
1283 516 1382 556 eius
1404 517 1683 568 magistrum
1710 519 1803 559 dia-

168 586 338 635 bolum,
371 586 449 638 qui
479 597 563 626 suo
591 597 720 626 more
755 585 802 625 in
834 585 1037 625 foemina
1068 587 1213 626 multa
1239 587 1526 628 tumultuans
1555 596 1599 628 et
1626 591 1801 641 passim

169 662 350 708 patrem
372 657 688 709 interpellanS,
711 668 805 697 non
826 668 939 697 uera
962 656 1137 708 audire,
1163 657 1244 698 sed
1264 669 1349 698 sua
1370 658 1487 699 falsa
1506 659 1801 711 impudenter

166 728 381 778 ingerere
401 728 674 768 conabatur.
690 727 769 768 Bis
785 733 948 779 postea
965 739 1069 768 eam
1082 728 1209 778 adiit,
1222 734 1267 769 et
1284 729 1553 781 disceptans
1575 730 1631 771 de
1652 733 1804 773 sacris

164 799 346 849 litteris,
381 800 548 850 quibus
584 799 810 851 apprime,
840 804 889 839 ut
920 799 1007 839 sibi
1029 799 1228 850 uidetur,
1252 806 1322 840 est
1343 800 1531 852 infecta,
1557 803 1802 853 opiniones

167 870 316 920 diluit,
341 877 611 923 mutamque
638 869 826 910 tandem
853 869 1068 921 reddidit,
1086 876 1149 921 ut,
1169 870 1408 922 patefacta
1428 873 1641 923 ueritate,
1664 880 1709 914 et
1731 887 1796 915 re-

164 941 308 981 clusis
336 941 468 989 dolis,
497 941 758 993 pertinacia
785 947 830 981 et
857 941 1171 982 obstinatione
1198 943 1340 983 animi
1369 943 1571 995 quadam
1602 947 1801 997 opprimi

162 1012 393 1052 uideatur.

239 1088 290 1128 In
325 1090 596 1130 celebritate
625 1101 800 1130 coenae
831 1089 1116 1139 dominicae,
1155 1090 1318 1131 habuit
1352 1090 1490 1132 Pater
1524 1094 1799 1135 concionem

158 1160 355 1211 imperio
377 1160 524 1201 Ducis
546 1161 592 1201 in
614 1160 815 1212 quodam
838 1161 1063 1201 coenobio
1086 1161 1338 1212 Virginum
1360 1162 1536 1203 Christi
1557 1162 1571 1181 ⁵
1592 1164 1651 1204 ad
1680 1165 1800 1206 filias

160 1231 293 1271 ducis
315 1238 359 1271 et
381 1243 582 1281 sorores,
609 1232 682 1272 cui
711 1237 755 1272 et
776 1231 1004 1272 interesse
1025 1232 1301 1273 decreuerat
1331 1233 1454 1283 Dux,
1489 1234 1579 1275 nisi
1600 1244 1798 1287 urgente

161 1302 366 1353 quodam
388 1303 576 1354 negotio
597 1303 760 1343 fuisset
782 1303 1048 1354 impeditus:
1077 1303 1201 1343 misit
1227 1311 1384 1345 tamen
1415 1317 1469 1345 eo
1491 1306 1719 1357 quosdam
1739 1319 1797 1348 ex

157 1373 255 1413 suis
277 1374 442 1414 aulicis
464 1380 508 1414 et
529 1374 718 1414 intimis.

238 1444 377 1485 Pater
400 1457 512 1497 ergo
534 1457 706 1497 magno
727 1445 929 1496 fortique
952 1446 1107 1486 animo
1126 1446 1403 1497 aggreditur
1419 1458 1644 1498 magnum
1660 1455 1705 1490 et
1726 1461 1795 1490 ar-

160 1516 304 1556 duum
339 1528 454 1568 opus
476 1517 521 1556 in
544 1517 631 1556 hac
663 1523 792 1557 tanta
824 1529 980 1557 rerum
1009 1516 1273 1557 diuinarum
1298 1517 1567 1569 ignorantia
1597 1525 1641 1560 et
1672 1532 1795 1561 erro-

156 1598 260 1627 rum
282 1588 530 1638 prauitate.
554 1588 625 1628 De
653 1587 960 1628 Sacramento
988 1589 1314 1629 Eucharistiae
1341 1589 1380 1629 is
1411 1590 1608 1631 instituit
1643 1591 1793 1643 dispu-

155 1654 397 1709 tationem,
428 1658 565 1710 idque
601 1659 799 1699 duarum
833 1660 1056 1699 horarum
1097 1660 1331 1700 curriculo
1368 1661 1663 1702 confirmauit
1698 1670 1791 1703 tum

156 1728 321 1779 figuris
342 1735 386 1768 et
407 1729 661 1769 inuolucris
688 1730 861 1770 ueteris
892 1729 1172 1780 testamenti,
1196 1737 1293 1770 tum
1315 1730 1656 1782 Prophetarum
1679 1735 1791 1774 uati-

155 1799 290 1854 ciniis
322 1808 366 1840 et
403 1801 620 1850 oraculis,
659 1807 755 1841 tum
785 1801 1070 1841 authoritate
1098 1802 1372 1853 euangelica
1401 1810 1444 1843 et
1472 1804 1628 1844 uerbis
1649 1805 1792 1856 ipsius

153 1872 361 1919 Domini,
386 1879 482 1911 tum
510 1872 801 1923 testimoniiS,
826 1872 956 1912 libris
985 1878 1028 1912 et
1055 1873 1297 1913 sententiis
1328 1879 1425 1914 tum
1454 1874 1789 1926 Apostolorum

153 1950 197 1984 et
221 1945 471 1984 multorum
494 1944 857 1995 apostolicorum
878 1950 921 1984 et
944 1943 1206 1996 Martyrum
1227 1952 1270 1985 et
1301 1946 1549 1986 illustrium
1573 1953 1668 1987 tam
1690 1959 1789 1988 san-

159 2016 320 2055 ctitate
356 2027 493 2066 quam
536 2015 797 2066 eloquentia
835 2016 1057 2064 uirorum,
1092 2022 1188 2056 tum
1225 2018 1438 2068 exemplo
1476 2019 1714 2058 nascentis
1750 2027 1790 2059 et

160 2086 370 2127 florentis
401 2087 643 2137 ecclesiae,
674 2098 792 2138 quae
819 2087 1025 2138 quotidie
1053 2099 1248 2128 coenam
1275 2088 1449 2128 domini
1477 2089 1658 2130 edebat:
1689 2102 1791 2141 pos-

150 2164 300 2199 tremo
321 2158 694 2210 frequentatione
716 2164 760 2198 et
780 2170 866 2198 usu
887 2164 1088 2210 patrum,
1114 2159 1191 2210 qui
1223 2166 1391 2200 octauo
1415 2172 1599 2212 quoque
1621 2161 1693 2201 die
1715 2173 1791 2212 ge-

149 2230 351 2269 neratim
375 2229 433 2269 ad
454 2241 664 2269 mensam
686 2229 875 2270 Domini
897 2230 1200 2270 accedebant.

232 2300 335 2340 Hac
353 2301 580 2341 concione
603 2301 737 2341 ualde
760 2302 916 2352 angeli
946 2302 1317 2353 delectabantur3
1341 2309 1520 2351 contra,
1546 2309 1790 2355 tantopere

153 2372 303 2412 hostis
322 2373 475 2423 gentis
498 2372 730 2412 humanae
752 2374 1028 2423 uexabatur,
1052 2380 1101 2413 ut
1122 2385 1224 2414 sese
1246 2386 1339 2414 non
1360 2375 1561 2426 potuerit
1584 2375 1787 2415 refrena-

148 2456 199 2484 re
223 2445 332 2495 quin
355 2444 601 2484 ecclesiam
623 2444 829 2484 eluderet
850 2445 896 2485 in
918 2445 1008 2485 illis
1029 2445 1126 2485 suis
1154 2445 1375 2496 cogitatis
1395 2445 1646 2486 furoribus.
1670 2446 1787 2487 Nam

151 2526 261 2554 ecce
285 2516 329 2555 in
360 2516 460 2566 ipso
492 2515 644 2555 medio
673 2515 899 2556 orationis
927 2527 1066 2556 cursu
1096 2516 1509 2557 sceleratissimam
1538 2517 1787 2569 quamdam

151 2587 390 2626 mulierem
418 2587 730 2626 inueteratam
757 2586 804 2626 in
830 2587 975 2627 uariis
998 2587 1292 2639 opinionibus
1320 2588 1366 2627 in
1389 2588 1595 2628 furorem
1616 2595 1660 2628 et
1681 2601 1787 2629 exa-

148 2658 455 2698 nimationem
478 2658 724 2708 conuertit,
748 2669 867 2709 quae
889 2659 987 2698 suis
1008 2659 1291 2699 clamoribus
1310 2665 1353 2698 et
1374 2659 1612 2700 furoribus
1635 2660 1785 2711 coepit

203 2819 210 2836 ¹
253 2818 341 2845 Vide
358 2818 483 2846 Cartas
498 2819 540 2846 dc·-
558 2819 589 2845 5.
612 2818 763 2852 Lanario,
777 2823 801 2845 t.
817 2827 863 2852 ιν,
880 2826 958 2853 pag.
973 2819 1026 2846 523
1040 2823 1072 2846 et
1087 2827 1173 2853 seq..
1190 2823 1223 2846 et
1240 2819 1388 2847 Pomm-m
1405 2818 1607 2852 chronicon,
1624 2824 1647 2847 t.
1664 2827 1709 2853 1v,
1729 2822 1786 2848 ubi

150 2866 223 2892 free
241 2866 280 2893 de
295 2866 360 2893 hac
375 2866 539 2894 Ducissae
556 2866 741 2893 Ferrariae
758 2868 985 2894 conversione
1001 2867 1191 2894 disseritur.

200 2915 214 2931 2
253 2913 423 2941 Renatam
440 2915 479 2941 de
495 2914 645 2941 Francia
662 2914 794 2947 (Reue‘e
808 2915 851 2941 de
866 2914 1030 2942 France).

201 2960 214 2976 ⁷*
255 2961 289 2987 ln
306 2962 514 2989 monasterio
531 2961 692 2996 Corporis
707 2962 835 2990 Christi
849 2962 920 2995 (del
936 2962 1042 2998 Corpo
1057 2963 1100 2990 de
1116 2963 1240 2996 cristo)
1255 2963 1357 2990 dicto.
