2047 3179
907 152 990 188 AN.
1022 153 1113 189 1555
1749 152 1813 189 ‘251

185 231 348 278 multu,
372 230 450 282 qui
470 242 612 271 vnum
634 231 913 271 catholicum
936 231 1322 270 concionatorem
1343 242 1367 269 e
1388 230 1560 280 templo
1591 229 1816 279 fugarunt

185 301 434 353 lapidibus3
458 302 540 342 sed
561 302 712 342 omnis
729 307 983 352 tempestas
1005 301 1143 341 modo
1166 302 1330 341 sedata
1352 307 1422 340 est
1440 306 1483 339 et
1505 300 1699 339 meliora
1716 312 1813 350 spe-

184 382 343 412 ramus
363 373 410 412 in
426 373 539 413 dies.

265 442 404 483 Ciues
424 444 825 495 Nouiomagenses
845 454 1026 483 summa
1044 455 1149 483 cum
1170 443 1399 483 charitate
1416 454 1501 482 nos
1517 449 1813 492 receperunt,

175 524 384 564 quorum
404 515 721 556 confessiones
743 527 825 567 per
846 515 944 555 dies
966 516 1136 554 multos
1154 514 1434 564 audiuimus,
1456 515 1519 554 ita
1537 520 1586 553 vt
1604 513 1813 554 dicerent

185 596 212 623 a
234 593 419 626 centum
441 588 575 627 annis
601 588 693 627 tale
720 587 893 638 aliquid
921 584 1203 637 Nouiomagi
1225 598 1318 625 non
1352 586 1496 626 fuisse
1522 586 1690 625 visum.
1723 584 1814 625 Sed

184 655 484 697 aduersarius
506 659 718 698 veritatis
738 669 833 698 non
854 658 1057 698 cessauit
1085 658 1293 697 excitare
1320 656 1590 707 tragoedias
1618 668 1699 707 per
1733 656 1814 695 ho-

183 727 347 774 mines,
371 740 491 768 noua
514 729 603 769 hac
624 736 751 769 secta
773 729 1019 769 lutherana
1040 728 1252 778 infectos,
1277 734 1321 768 et
1338 740 1421 780 per
1442 728 1704 778 religiosos,
1732 728 1810 778 qui

184 808 368 838 omnem
389 808 634 840 mouerunt
656 801 871 852 lapidem,
895 801 1016 840 male
1038 799 1336 840 informando
1359 799 1625 850 superiores
1648 799 1811 838 civita-

182 868 256 919 tis,
279 870 573 916 mentientes,
593 875 637 912 et
657 872 817 912 nescio
838 883 957 923 quae
975 870 1257 920 adferentes,
1281 871 1348 910 ita
1370 876 1418 910 ut
1440 877 1604 910 contra
1627 881 1812 909 omnem

180 939 407 980 iustitiam
435 943 700 993 superiores
728 943 871 994 aliqui
900 942 1104 983 ciuitatis
1123 943 1351 992 fecerunt
1377 954 1447 981 me
1477 941 1635 992 exire,
1663 953 1811 993 qnare

176 1011 441 1061 gaudebam
465 1012 475 1030 ¹
498 1014 683 1064 quidem
700 1015 807 1066 quia
828 1014 874 1054 in
894 1014 993 1054 vita
1013 1025 1118 1053 mea
1138 1026 1231 1054 non
1249 1013 1524 1065 contigisset
1544 1014 1658 1054 mihi
1679 1020 1810 1053 tanta

178 1083 348 1133 gratia,
373 1085 455 1124 sed
481 1084 787 1125 condolebam
809 1086 971 1125 amicis
993 1085 1221 1135 omnibus,
1248 1086 1415 1137 quibus
1447 1085 1721 1136 lachrymae
1745 1085 1807 1124 al-

178 1162 318 1205 taque
339 1155 540 1207 suspiria
562 1157 621 1196 ad
641 1156 893 1197 Dominum
909 1168 1003 1196 non
1025 1156 1232 1196 deerant.
1260 1156 1487 1197 Condolui
1510 1156 1730 1195 miseriae
1751 1167 1808 1195 ac

179 1226 398 1266 caecitati
416 1227 811 1268 aduersariorum.
835 1228 1034 1279 Quidam
1056 1227 1522 1279 Noviomagensium,
1542 1233 1594 1267 Vt
1614 1227 1708 1267 iam
1730 1238 1806 1266 ex-

177 1297 406 1347 perientia
429 1298 583 1348 didici,
609 1306 717 1339 sunt
752 1299 964 1339 homines
992 1300 1266 1339 mirabiliter
1296 1297 1309 1315 ²
1336 1299 1515 1349 furiosi,
1547 1305 1712 1350 postea
1740 1305 1808 1338 ta-

176 1379 283 1408 men
304 1369 561 1410 redduntur
581 1371 940 1411 tractabiliores.
964 1371 1119 1422 Quare
1137 1383 1275 1423 spero
1298 1382 1379 1410 eos
1400 1371 1609 1411 mitiores
1626 1370 1808 1410 futuros

177 1439 361 1490 quando
384 1441 443 1480 ad
463 1452 545 1481 eos
572 1448 799 1482 reuertar.

256 1510 510 1552 Matertera
549 1513 610 1553 M.
647 1513 927 1554 Theodorici
972 1513 1148 1554 Canisii
1183 1513 1196 1532 ³
1231 1514 1358 1554 dedit
1391 1513 1616 1555 Societati
1652 1515 1807 1553 locum

176 1582 518 1633 amplissimum
535 1596 641 1624 cum
658 1584 870 1625 domibus
888 1591 932 1625 et
950 1585 1015 1625 eis
1033 1597 1152 1636 quae
1168 1585 1214 1625 in
1236 1585 1373 1625 domo
1395 1585 1664 1625 necessaria
1680 1590 1804 1634 sunt,

167 1663 280 1692 ¹cnm
312 1654 527 1694 omnibns
549 1655 831 1695 necessariis
853 1656 911 1696 ad
933 1656 1133 1696 officium
1154 1656 1325 1696 missae
1348 1662 1392 1696 et
1413 1655 1471 1696 ad
1503 1662 1722 1696 ornatum
1744 1657 1808 1695 al-

174 1725 289 1764 taris
310 1725 651 1776 pertinentibus
666 1724 695 1764 ⁴.
713 1727 771 1767 Et
787 1727 902 1767 haec
920 1727 1056 1779 virgo
1074 1734 1175 1768 erat
1191 1728 1521 1778 sexagenaria,
1542 1740 1676 1779 quae,
1698 1739 1804 1768 cum

172 1795 290 1835 haec
313 1797 468 1836 omnia
492 1795 714 1837 Societati
734 1797 922 1838 fecisset
944 1801 971 1849 ⁵,
996 1798 1223 1839 infirmari
1256 1799 1424 1850 coepit,
1458 1806 1503 1839 et
1538 1798 1564 1838 8
1590 1799 1805 1852 Januarii

173 1867 397 1918 migrauit
418 1868 478 1908 ad
499 1868 766 1919 Dominum,
791 1870 923 1910 cuius
945 1870 1101 1910 anima
1123 1871 1390 1922 requiescat
1416 1871 1463 1911 in
1493 1883 1625 1922 pace.
1657 1870 1803 1910 Pluri-

172 1949 278 1978 mae
313 1939 539 1990 virgines,
578 1952 777 1992 quarum
807 1941 1124 1982 confessiones
1151 1942 1334 1992 audiui,
1368 1943 1415 1982 in
1443 1942 1598 1982 animo
1631 1942 1806 1982 habent

171 2009 396 2051 mundum
413 2012 673 2062 relinquere
694 2024 750 2052 ac
770 2013 817 2052 in
838 2013 1109 2063 virginitate
1129 2012 1231 2053 Deo
1249 2014 1441 2054 seruire.
1461 2013 1654 2054 Plurimi
1677 2014 1806 2054 ciues

172 2092 267 2121 non
287 2081 538 2122 mediocris
565 2083 845 2123 conditionis
865 2085 1058 2136 cupiunt
1078 2097 1187 2124 suos
1210 2084 1330 2125 filios
1351 2084 1574 2125 Societati
1592 2085 1719 2125 dare.

250 2153 563 2193 Rezcerendns
584 2154 736 2194 Pater
757 2155 908 2195 Prior
934 2155 1214 2196 Cartlznsz‘cze
1246 2154 1260 2174 ‘³'
1289 2156 1421 2196 misit
1441 2157 1503 2196 ad
1525 2157 1584 2196 P.
1622 2156 1668 2195 V.
1693 2156 1804 2197 500

173 2236 346 2265 aureos
367 2225 397 2275 ⁷,
419 2229 462 2265 et
483 2225 636 2265 adltnc
655 2225 800 2276 plura
821 2226 1006 2266 mittere
1032 2227 1252 2278 intendit,
1283 2239 1417 2278 quem
1449 2239 1553 2267 cnm
1582 2228 1799 2267 omnibns

173 2295 338 2336 amicis
364 2308 418 2336 ac
446 2309 516 2336 me
547 2308 650 2336 cnm
678 2297 1006 2347 confratribus
1036 2299 1151 2338 meis
1172 2299 1232 2338 P.
1269 2299 1314 2338 V.
1344 2310 1398 2338 ac
1425 2299 1677 2339 Renstffltm
1707 2300 1801 2339 Pa·

170 2370 300 2406 trum
315 2367 535 2418 precibus
555 2369 838 2408 commendo.

224 2587 234 2606 ¹
275 2586 326 2613 Ita
341 2586 374 2612 in
389 2581 616 2617 autograph0;
633 2583 668 2606 at
684 2582 803 2609 melius
817 2581 902 2608 haec
918 2581 1137 2608 concinnavit
1158 2580 1326 2608 Polaneus
1350 2581 1414 2608 hae
1430 2581 1574 2609 ratione:
1597 2582 1804 2610 commenti-

164 2635 233 2667 tia,
248 2635 365 2661 nescio
380 2640 481 2667 quae,
495 2631 714 2667 adferenteS,
729 2637 766 2656 eo
781 2636 890 2663 usque
906 2630 943 2655 ut
958 2631 1079 2656 contra
1104 2629 1441 2663 omnemjustztiam
1457 2632 1664 2663 superzores
1688 2631 1803 2664 aliqui

166 2683 331 2709 civitatis
347 2683 391 2708 ad
408 2689 462 2708 me
478 2688 519 2707 ex
535 2680 620 2706 urbe
635 2677 895 2705 excludendum
912 2677 1133 2711 impulerint.
1149 2675 1248 2710 Quod
1264 2677 1310 2703 ad
1326 2684 1381 2704 me
1396 2678 1538 2711 attinet,
1562 2679 1801 2711 gaudebam„-

223 2731 236 2750 2
270 2733 367 2759 miro
384 2732 495 2758 modo.
512 2729 560 2757 Id.

274 2783 441 2810 Theresia
457 2781 493 2814 [Ρ]
510 2787 579 2805 van
594 2778 656 2804 den
672 2776 803 2810 Bergh.

274 2834 307 2859 et
323 2833 381 2861 εἰς,
396 2838 485 2864 quae
500 2828 542 2856 ad
559 2829 703 2856 officium
719 2827 841 2853 missae
858 2831 890 2852 et
906 2824 949 2852 ad
964 2826 1122 2850 ornatum
1137 2821 1261 2849 altaris
1275 2822 1470 2855 pertinent.
1487 2822 1666 2853 Postumus,

274 2881 453 2908 donasset.
476 2878 525 2908 Id.

273 2928 447 2956 Gerardus
464 2930 723 2957 Kalckbrenner
741 2930 950 2968 (Hammont‚
964 2933 1265 2970 Hammontanus).

271 2977 360 3005 Vide
376 2978 527 3005 POLANCI
544 2977 746 3012 chronicon,
761 2983 784 3006 t.
802 2987 848 3014 ιν,
864 2988 943 3015 pag.
958 2982 1020 3017 278,
1038 2990 1069 3009 n.
1086 2984 1148 3013 602.

218 2783 237 2995 -ΙΦυρῧΙ
