2047 3179
188 196 259 236 282
702 196 928 234 LITTERAE
956 206 1315 240 QUADRIMESTRES

189 294 464 335 adolescens
491 293 680 344 quidam
710 305 971 346 generosus
1002 294 1101 345 qui,
1135 291 1507 345 primogenitura
1539 289 1830 341 posthabita,

191 376 488 416 summopere
514 365 672 415 instat,
703 377 789 405 nec
818 365 1035 413 cessabit,
1066 364 1222 414 credo,
1254 363 1401 403 donec
1429 362 1644 413 impetret
1672 367 1722 401 vt
1752 360 1828 401 ad-

192 437 419 477 mittatur.
442 435 608 476 Annos
625 442 763 476 natus
780 436 1034 485 sexdecim,
1054 442 1133 475 aut
1155 434 1214 474 ad
1231 445 1463 473 summum
1480 431 1828 484 septemdecim,

192 517 297 547 eum
319 507 444 547 vitae
466 519 578 547 suae
602 507 791 547 modum
814 507 991 556 statuit,
1011 506 1124 545 Vtin
1146 504 1380 546 Societate
1401 504 1579 544 vixisse
1598 503 1835 553 videatur;.

193 579 325 619 vouit
348 578 630 623 castitatem,
653 578 824 618 nullius
848 577 905 617 ad
925 589 1029 617 eam
1052 588 1151 617 rem
1173 587 1316 616 suasu
1339 581 1615 616 commotus.
1718 627 1723 631 ,

271 649 354 690 Est
372 655 416 689 et
438 649 579 700 aliud,
599 648 738 701 quod,
764 660 870 689 cum
891 648 1074 700 publice
1097 647 1153 688 de
1171 647 1326 699 aliquo
1344 645 1621 687 sumendum
1639 650 1708 686 est
1726 656 1830 696 sup-

194 720 400 773 plicium,
424 720 713 760 accersimur
735 725 786 759 vt
813 719 943 759 illum
974 718 1296 769 confiteamur,
1325 723 1370 758 et
1391 717 1632 767 morituro,
1664 716 1711 756 in
1741 715 1837 756 Do-

193 792 320 832 mino
341 791 549 831 feramus
576 802 726 842 opem.
760 790 895 830 Hanc
922 789 1135 830 eamdem
1170 800 1363 841 operam
1397 789 1501 828 aliis
1536 788 1678 828 etiam
1710 787 1835 827 soliti

194 875 356 903 sumus
383 862 667 914 impendere,
701 872 1012 913 curamusque
1041 867 1092 901 vt
1122 861 1201 913 qui
1229 861 1399 901 adsunt
1420 859 1620 911 spiritali
1642 870 1732 910 qua
1755 871 1835 898 vo-

196 935 289 974 lent
312 934 596 974 eleemosina
631 933 842 984 grauiter
870 933 917 973 in
953 934 1073 973 lecto
1109 932 1465 973 decumbentem
1495 937 1539 971 et
1572 931 1667 971 iam
1697 929 1837 970 morti

196 1006 463 1058 proximum
486 1005 724 1055 adiuuent,
744 1004 867 1056 quod
884 1004 951 1045 eis
968 1005 1104 1045 facile
1121 1004 1432 1056 persuadetur
1449 1015 1555 1043 cum
1572 1002 1840 1054 intelligunt

196 1084 327 1118 tanto
363 1077 715 1127 eleemosinam,
753 1076 1010 1117 exhibitam
1045 1076 1254 1127 animae,
1293 1075 1483 1127 corpori
1525 1073 1837 1127 eleemosinae

197 1155 456 1201 praestare,
477 1154 651 1200 quanto
670 1147 853 1188 animus
870 1148 969 1199 ipse
983 1159 1182 1200 corpore
1199 1146 1502 1187 excellentior
1520 1151 1604 1186 est.
1626 1143 1703 1185 Sic
1720 1145 1842 1184 alius

196 1219 417 1272 proponit
439 1230 488 1259 se
510 1219 569 1259 ad
591 1219 967 1260 communionem
989 1230 1308 1269 accessurum,
1336 1218 1454 1258 alius
1480 1217 1586 1267 tria,
1619 1221 1837 1271 qua-tuor,

198 1291 432 1332 interdum
459 1302 545 1331 sex
571 1298 617 1331 et
646 1291 847 1343 amplius
873 1290 1108 1331 sacrificia
1135 1297 1183 1330 ut
1210 1289 1323 1330 fiant
1351 1295 1623 1329 curaturum
1653 1287 1842 1338 dicitur3

199 1363 318 1404 alius
340 1362 427 1402 sibi
450 1362 590 1402 sumit
611 1363 709 1402 dies
731 1362 919 1402 veneris
940 1362 1081 1403 totius
1104 1362 1214 1402 anni
1248 1361 1541 1408 ieiunandOS‚
1567 1359 1685 1399 alius
1707 1357 1838 1410 quid-

203 1434 313 1486 quid
333 1433 444 1474 boni
465 1445 518 1474 eo
539 1445 698 1474 mense
720 1433 883 1474 fecerit
911 1433 1184 1485 (auxiliante
1212 1432 1437 1489 Domino)
1466 1431 1663 1471 libenter
1690 1429 1840 1470 offert.

202 1505 299 1545 Hos
323 1505 629 1545 admonemus
653 1506 726 1554 (ne
748 1505 851 1556 quis
877 1504 1031 1545 inanis
1050 1505 1231 1556 gloriae
1261 1504 1399 1544 flatus
1428 1503 1649 1554 subrepat
1678 1511 1842 1541 eorum

201 1577 386 1625 animis)
411 1588 459 1616 se
483 1588 509 1616 a
531 1576 734 1617 Domino
756 1576 1033 1617 beneficium
1061 1576 1277 1628 accipere
1304 1587 1399 1615 non
1427 1573 1840 1623 contemnendum,

201 1660 306 1688 cum
329 1648 374 1688 id
396 1647 610 1698 offerunt,
635 1654 905 1700 quantoque
927 1648 1078 1688 maius
1100 1659 1241 1699 quarn
1263 1647 1340 1687 cui
1362 1646 1568 1687 offertur.
1709 1691 1714 1697 ,

278 1719 349 1759 De
371 1720 586 1759 doctrina
622 1719 883 1760 christiana
917 1719 985 1759 sic
1020 1731 1069 1759 se
1091 1731 1166 1772 res
1188 1718 1349 1758 habet:
1379 1718 1478 1758 dies
1500 1716 1709 1766 veneriS,
1743 1721 1841 1755 tum

197 1791 339 1832 etiam
360 1791 596 1841 dominici,
622 1791 733 1831 dicti
755 1799 863 1831 sunt
884 1791 1192 1843 explicandae
1214 1790 1478 1840 doctrinae,
1496 1800 1636 1841 quam
1655 1786 1843 1840 plurimi

199 1862 403 1902 audituri
425 1863 726 1902 conueniunt.
763 1863 835 1903 Ex
866 1861 1131 1903 huiusmodi
1172 1861 1491 1911 concionibus,
1522 1865 1710 1912 praeter
1734 1857 1842 1908 alia,

201 1934 368 1974 mirum
391 1946 532 1986 quam
553 1946 602 1974 se
625 1934 757 1974 multi
779 1934 1032 1975 animarint
1055 1932 1114 1973 ad
1135 1933 1444 1974 Beatissimae
1472 1930 1687 1982 Virginis
1715 1940 1844 1970 rosa-

200 2006 319 2046 rium
342 2005 482 2057 (quod
503 2006 678 2055 dicunt)
702 2004 1012 2056 recitandum,
1036 2005 1160 2057 quod
1177 2003 1518 2045 studiosissime
1547 2001 1845 2042 commendat

202 2077 254 2129 is,
279 2077 357 2128 qui
380 2077 544 2118 solitus
566 2084 635 2117 est
657 2077 814 2117 facere
837 2076 1116 2117 doctrinam.

281 2148 516 2189 Prouehat
538 2148 752 2190 Christus
774 2148 910 2201 Jesus
936 2148 984 2188 in
1006 2147 1171 2188 melius
1193 2158 1377 2199 semper
1404 2147 1521 2186 haec
1554 2145 1711 2185 omnia
1737 2144 1842 2196 piis-

203 2220 319 2260 sima
343 2232 428 2260 sua
451 2220 792 2270 misericordia,
816 2225 867 2259 Vt
891 2231 983 2259 una
1005 2230 1111 2259 cum
1138 2218 1287 2259 literis
1314 2229 1455 2258 uerae
1482 2216 1669 2268 pietatis
1690 2216 1845 2256 studia

209 2293 496 2331 coalescant.

285 2362 547 2411 Cordubae,
572 2362 637 2402 4⁰
658 2362 819 2402 Nonas
840 2361 1065 2402 Februar.
1091 2360 1232 2401 Anno
1260 2360 1374 2400 1555.

1174 2502 1261 2543 Del
1283 2502 1367 2543 M.0
1388 2502 1632 2543 ACEUEDO.

294 2718 650 2770 Sllpet‘scrz'plso
688 2719 735 2758 sn
772 2722 946 2770 quarta
975 2718 1185 2770 pagina:
1221 2682 1332 2757 lfssls..
1370 2715 1640 2756 Admodum
1673 2714 1775 2754 R.d0
1804 2715 1851 2754 in

210 2788 350 2830 Chro.
393 2789 442 2829 P.
486 2789 716 2841 Magistro
756 2790 968 2841 Ignatio,
1010 2789 1286 2840 Praeposito
1335 2787 1555 2828 Generali
1600 2785 1855 2826 Societatis

212 2859 329 2912 jhs,
353 2859 545 2900 Romae.

296 2930 405 2971 Alsa
424 2943 586 2970 mczmt.
615 2931 728 2971 1555.
756 2931 990 2972 Corduba.
1015 2931 1369 2982 Quadrimestre
1390 2929 1415 2968 2
1436 2927 1695 2968 Februarii.
