2047 3179
209 127 281 165 680
724 127 953 166 LITTERAE
973 137 1334 173 QUADmMESTREs

211 223 276 264 tio
297 224 465 264 maiori
485 224 533 264 in
553 224 668 265 aede
688 224 851 265 haberi
868 225 999 274 solet,
1019 236 1045 264 a
1062 224 1236 264 nostris
1252 223 1517 264 haberetur.
1538 222 1669 263 Deus
1685 230 1847 265 nostra

212 294 331 335 haec
351 295 570 347 incoepta
591 296 828 336 secundet.

291 366 456 407 Finem
476 367 712 407 scribendi
738 367 961 417 facerem,
992 366 1030 406 si
1061 378 1155 406 non
1186 371 1341 406 essent
1368 365 1424 406 de
1453 365 1656 406 ciuitatis
1686 366 1733 405 in
1759 376 1853 406 nos

214 437 371 478 animo
391 449 545 490 pauca
566 438 794 479 addenda.
819 437 939 478 Nam
962 437 1088 490 quod
1110 437 1336 489 optimum
1356 437 1675 477 testimonium
1694 436 1849 477 Prole-

214 515 355 560 gatus
376 514 421 550 et
441 509 585 550 totius
606 510 811 550 ciuitatis
833 509 1143 560 magistratus
1174 508 1230 549 de
1258 507 1492 549 Societate
1521 515 1684 548 nostra
1715 507 1849 548 dede-

214 580 322 632 rint,
346 592 406 621 ex
426 581 635 633 ipsorum
654 581 815 632 literis,
840 586 889 620 ut
910 580 1090 631 opinor,
1114 580 1398 630 intellexisti,
1422 580 1500 632 qui
1528 585 1741 620 nostrum
1761 579 1854 619 hoc

215 657 260 692 et
279 652 469 692 uiuendi
489 658 534 693 et
556 651 754 692 docendi
774 651 1037 692 institutum
1059 662 1238 691 summe
1260 651 1475 703 probant.

296 723 368 764 Ac
399 723 559 764 decem
586 723 690 774 uiri,
714 723 792 775 qui
822 735 899 763 res
919 722 1133 774 publicas
1161 722 1511 773 administrant,
1543 729 1587 762 et
1609 722 1741 762 multi
1775 721 1854 762 alii

218 795 469 847 optimates
496 794 552 835 ad
582 794 857 836 Cardinales
885 794 1067 846 aliquos
1096 799 1140 834 et
1170 793 1411 835 Summum
1438 792 1713 834 Pontificem
1740 792 1854 833 scri·

217 872 425 919 pserunt,
449 872 498 906 ut
517 866 627 906 huic
647 871 810 906 nostro
832 865 1041 917 Collegio
1063 865 1404 916 subueniretur,
1424 876 1530 905 cum
1547 865 1673 905 uires
1693 863 1854 905 ciuita-

216 938 276 978 tis
297 939 453 978 nullae
470 938 577 989 sint,
599 949 686 977 nec
703 936 884 977 efficere
899 937 1151 989 quicquam
1167 948 1250 989 per
1264 948 1314 977 se
1330 936 1534 988 possint;
1560 935 1739 988 sibique
1755 934 1856 975 fieri

218 1009 444 1050 beneficia
483 1008 701 1050 dixerunt
720 1041 728 1060 ,
770 1021 891 1061 quae
931 1009 978 1049 in
1019 1014 1233 1049 nostrum
1271 1008 1360 1049 hoc
1406 1007 1666 1059 Collegium
1705 1007 1855 1047 confe-

219 1087 401 1124 runtur.
423 1080 836 1132 Laudauimusque
856 1080 1022 1132 paucis
1043 1086 1152 1121 ante
1173 1079 1337 1120 diebus
1357 1079 1473 1120 Ill.mi
1502 1085 1547 1119 et
1567 1077 1673 1119 ΚΑΜ
1698 1077 1861 1119 Cardi-

217 1153 341 1194 nalis
359 1151 514 1192 Fuluii
538 1153 586 1192 in
616 1164 704 1192 nos
732 1152 965 1204 animum,
998 1152 1078 1204 qui
1105 1151 1165 1192 ad
1195 1150 1445 1203 quemdam
1474 1150 1678 1191 nobilem
1706 1149 1858 1189 uirum

219 1223 462 1276 rescripsit
481 1223 608 1264 nullo
625 1234 674 1263 se
690 1234 899 1275 unquam
913 1228 1126 1275 tempore
1143 1222 1277 1263 nobis
1294 1222 1577 1272 defuturum,
1597 1226 1641 1261 et
1662 1232 1711 1261 se
1728 1220 1859 1272 prius

220 1307 361 1348 quam
381 1306 468 1335 nos
489 1294 536 1335 in
558 1300 818 1346 egestatem
835 1293 1162 1335 deuenturum.

300 1366 431 1407 Haec
453 1372 575 1417 sunt,
600 1377 719 1418 quae
741 1366 990 1406 scribenda
1008 1366 1055 1406 in
1074 1371 1277 1406 mentem
1293 1370 1535 1405 uenerunt.
1557 1363 1751 1404 Interim
1766 1363 1864 1403 tuis

221 1438 513 1479 orationibus
532 1449 620 1478 nos
642 1449 805 1478 omnes
827 1437 1229 1478 commendamus.

301 1509 478 1551 Datum
498 1508 735 1560 Perusiae,
760 1509 960 1561 septimo
983 1508 1087 1549 idu's
1111 1507 1329 1549 Octobris
1354 1507 1469 1547 1555.

543 1580 595 1621 T.
622 1579 668 1621 P.
693 1591 859 1621 seruus
881 1579 1121 1631 indignus,

948 1723 1051 1765 G1o.
1087 1723 1327 1764 ANTomus
1356 1722 1645 1763 VIPERANUS.

306 1941 662 1994 Superscrz‘ptz‘o
684 1941 734 1981 in
755 1943 932 1993 quarta
947 1939 1157 1991 pagina:
1178 1939 1206 1985 †
1222 1937 1478 1978 Plurimum
1493 1935 1595 1976 R.d0
1608 1936 1656 1976 in
1671 1935 1755 1976 X.0
1777 1932 1842 1975 P.i

225 2014 288 2055 M.
312 2014 496 2065 Ignatio
519 2026 546 2054 a
566 2013 761 2065 Loona,
785 2011 1063 2063 Praeposito
1088 2010 1231 2061 gnali.
1255 2008 1507 2050 Societatis
1526 2007 1653 2061 Jesu,
1670 2006 1869 2047 Romae..

308 2085 420 2126 Alia
441 2097 604 2126 manu:
629 2084 745 2136 1555,
769 2083 981 2132 Perusia,
1004 2082 1404 2133 Quadrimestres,
1423 2079 1449 2120 9
1470 2078 1704 2121 Octobris

320 2156 585 2208 Vestigium
607 2167 739 2196 cerae
760 2154 933 2207 sigilli.
