2047 3179
871 140 954 178 AN.
985 141 1077 178 1555
1721 142 1792 181 305

158 239 314 279 animo
336 238 496 279 dicens
524 249 676 279 senec
697 237 886 278 diuitias
906 248 1078 289 cupere
1108 248 1195 277 nee
1230 237 1286 278 de
1313 243 1461 278 morte
1495 239 1659 279 matris
1693 252 1785 280 ma-

158 321 368 362 gnopere
391 321 572 350 curare.

238 379 356 421 Sunt
377 386 421 421 et
441 381 573 421 multi
595 380 686 430 alii,
712 379 789 432 qui
805 380 899 420 iam
921 379 998 421 diu
1026 392 1075 421 se
1105 386 1295 421 nostrae
1329 380 1544 431 religioni
1579 381 1691 421 dare
1713 393 1786 422 cu-

159 451 306 503 piunt,
327 457 372 492 et
393 452 516 503 quod
537 451 746 491 ambiunt
771 457 1116 503 consequentur
1143 456 1332 503 propter
1358 452 1528 491 multas
1549 452 1692 492 animi
1713 452 1789 492 do-

158 529 242 573 tes,
267 523 582 563 constantiam
603 528 647 562 et
668 522 755 562 Dei
777 533 1000 573 amorem;
1024 523 1107 562 sed
1129 521 1280 562 adhuc
1303 522 1541 573 paululum
1562 522 1786 563 differtur.

159 593 241 644 Te,
272 593 372 633 Rs]le
403 592 470 643 R,
493 604 718 644 rogamus
748 599 798 633 ut
825 603 911 632 nos
942 593 1161 644 precibus
1189 592 1280 633 tuis
1308 592 1441 633 iuues
1477 592 1537 633 ad
1567 605 1622 633 ea
1652 593 1790 633 eonfi—

160 664 340 713 cienda,
364 675 484 715 quae
506 663 565 703 ad
585 669 798 704 nostram
817 663 1017 703 salutem
1045 669 1089 703 et
1119 662 1207 703 Dei
1227 663 1429 714 gloriam
1451 664 1701 715 pertinent:
1724 664 1793 704 sic

160 741 205 775 et
228 735 293 774 tui
316 734 395 774 filii
417 740 460 774 et
482 733 571 775 Dei
586 734 711 775 serui
731 733 904 775 erimus
925 734 971 774 in
992 740 1286 786 perpetuum.

239 805 373 855 Vale,
399 805 824 846 obseruandissime
843 805 999 845 Pater.

236 876 474 927 Panormi,
502 876 550 916 16
571 876 793 917 calendas
810 875 969 917 Martii
994 875 1111 917 1555.

240 948 310 988 Ex
333 947 663 988 commissione
684 947 777 988 R.di
797 947 847 988 Ρ.
867 947 923 987 de
952 946 1099 988 Pauli.

238 1018 340 1059 P.tis
364 1018 463 1060 Τέω
493 1019 617 1059 Rflae
646 1030 812 1060 seruus
833 1018 1188 1069 indignissimus
1211 1019 1256 1058 in
1279 1018 1484 1069 Christo,

1013 1160 1272 1202 GERARDUS
1300 1162 1535 1203 LAPIDIUS.

243 1376 596 1427 Superscmptz'o
621 1375 669 1415 in
691 1380 865 1426 quarm
889 1375 1098 1427 pagina:
1126 1374 1147 1407 †
1162 1374 1223 1415 Al
1239 1375 1382 1415 molto
1405 1373 1507 1415 R.d0
1537 1375 1583 1414 in
1604 1374 1793 1415 Christo

163 1446 314 1487 Padre
335 1447 367 1487 il
400 1446 449 1487 P.
487 1446 547 1487 Μ.
584 1446 766 1498 Ignatio
797 1446 853 1487 de
887 1447 1082 1499 Loona,
1112 1445 1387 1498 Praeposito
1422 1445 1652 1486 Generale
1673 1446 1794 1486 della

89 1535 93 1538 ·
164 1518 459 1570 Compagnia
481 1518 536 1558 de
557 1518 682 1570 Jesu,
706 1517 751 1558 A
771 1517 936 1559 Roma.

242 1589 354 1629 Alia
383 1601 544 1629 manu:
570 1589 683 1629 1555.
707 1588 957 1631 Panormo.
981 1589 1360 1641 Quadrimestres
1386 1588 1433 1628 14
1448 1589 1708 1629 Februarii.

310 3003 359 3038 T.
382 3015 438 3039 ιιι.
1572 3012 1620 3036 20
