<?xml version="1.0" encoding="UTF-8"?>
<!DOCTYPE html PUBLIC "-//W3C//DTD XHTML 1.0 Transitional//EN"
    "http://www.w3.org/TR/xhtml1/DTD/xhtml1-transitional.dtd">
<html xmlns="http://www.w3.org/1999/xhtml" xml:lang="en" lang="en">
 <head>
  <title>
</title>
<meta http-equiv="Content-Type" content="text/html;charset=utf-8" />
  <meta name='ocr-system' content='tesseract 3.04.00' />
  <meta name='ocr-capabilities' content='ocr_page ocr_carea ocr_par ocr_line ocrx_word'/>
</head>
<body>
  <div class='ocr_page' id='page_1' title='image "./litteraequadrime15lain_0292.png"; bbox 0 0 2047 3179; ppageno 0'>
   <div class='ocr_carea' id='block_1_1' title="bbox 173 152 1302 200">
    <p class='ocr_par' dir='ltr' id='par_1_1' title="bbox 173 152 1302 200">
     <span class='ocr_line' id='line_1_1' title="bbox 173 152 1302 200; baseline 0.001 -11"><span class='ocrx_word' id='word_1_1' title='bbox 173 153 245 200; x_wconf 66' lang='lat'>280</span> <span class='ocrx_word' id='word_1_2' title='bbox 688 152 914 189; x_wconf 74' lang='lat' dir='ltr'>LITTERAE</span> <span class='ocrx_word' id='word_1_3' title='bbox 939 163 1302 196; x_wconf 78' lang='lat' dir='ltr'><strong>QUADRIMESTRES</strong></span> 
     </span>
    </p>
   </div>
   <div class='ocr_carea' id='block_1_2' title="bbox 175 248 1829 2147">
    <p class='ocr_par' dir='ltr' id='par_1_2' title="bbox 175 248 1811 372">
     <span class='ocr_line' id='line_1_2' title="bbox 175 248 1811 300; baseline 0.001 -11"><span class='ocrx_word' id='word_1_4' title='bbox 175 249 430 300; x_wconf 85' lang='lat' dir='ltr'>sententia,</span> <span class='ocrx_word' id='word_1_5' title='bbox 469 254 519 289; x_wconf 94' lang='lat' dir='ltr'>ut</span> <span class='ocrx_word' id='word_1_6' title='bbox 552 249 876 290; x_wconf 86' lang='lat' dir='ltr'>existimemus</span> <span class='ocrx_word' id='word_1_7' title='bbox 909 249 1118 290; x_wconf 90' lang='lat' dir='ltr'>diuinam</span> <span class='ocrx_word' id='word_1_8' title='bbox 1152 250 1411 289; x_wconf 75' lang='lat' dir='ltr'>bonitatem</span> <span class='ocrx_word' id='word_1_9' title='bbox 1447 249 1511 289; x_wconf 92' lang='lat' dir='ltr'>nil</span> <span class='ocrx_word' id='word_1_10' title='bbox 1541 248 1811 290; x_wconf 80' lang='lat' dir='ltr'>intermitte-</span> 
     </span>
     <span class='ocr_line' id='line_1_3' title="bbox 175 319 1354 372; baseline 0 -12"><span class='ocrx_word' id='word_1_11' title='bbox 175 332 240 370; x_wconf 88' lang='lat' dir='ltr'>re,</span> <span class='ocrx_word' id='word_1_12' title='bbox 264 332 357 372; x_wconf 93' lang='lat' dir='ltr'>quo</span> <span class='ocrx_word' id='word_1_13' title='bbox 379 331 540 360; x_wconf 91' lang='lat' dir='ltr'>omnes</span> <span class='ocrx_word' id='word_1_14' title='bbox 561 319 760 360; x_wconf 88' lang='lat' dir='ltr'>instituti</span> <span class='ocrx_word' id='word_1_15' title='bbox 781 320 929 360; x_wconf 85' lang='lat' dir='ltr'>nostri</span> <span class='ocrx_word' id='word_1_16' title='bbox 950 320 1093 360; x_wconf 88' lang='lat' dir='ltr'>faciat</span> <span class='ocrx_word' id='word_1_17' title='bbox 1115 320 1354 360; x_wconf 82' lang='lat' dir='ltr'>certiores.</span> 
     </span>
    </p>

    <p class='ocr_par' dir='ltr' id='par_1_3' title="bbox 176 389 1826 1225">
     <span class='ocr_line' id='line_1_4' title="bbox 201 389 1815 443; baseline 0.001 -13"><span class='ocrx_word' id='word_1_18' title='bbox 201 438 203 441; x_wconf 13' lang='grc' dir='ltr'><em>Α</em></span> <span class='ocrx_word' id='word_1_19' title='bbox 255 391 354 431; x_wconf 90' lang='lat' dir='ltr'>Iam</span> <span class='ocrx_word' id='word_1_20' title='bbox 378 390 495 431; x_wconf 82' lang='lat' dir='ltr'>Rmi.</span> <span class='ocrx_word' id='word_1_21' title='bbox 519 394 563 431; x_wconf 82' lang='lat' dir='ltr'>et</span> <span class='ocrx_word' id='word_1_22' title='bbox 585 390 733 431; x_wconf 79' lang='lat' dir='ltr'>Illmz‘.</span> <span class='ocrx_word' id='word_1_23' title='bbox 767 391 1005 443; x_wconf 84' lang='lat' dir='ltr'>Prolegati</span> <span class='ocrx_word' id='word_1_24' title='bbox 1027 398 1069 431; x_wconf 89' lang='lat' dir='ltr'>et</span> <span class='ocrx_word' id='word_1_25' title='bbox 1090 389 1182 431; x_wconf 62' lang='lat' dir='ltr'>Rffl</span> <span class='ocrx_word' id='word_1_26' title='bbox 1205 390 1513 442; x_wconf 76' lang='lat' dir='ltr'>Proepiscopi</span> <span class='ocrx_word' id='word_1_27' title='bbox 1542 391 1749 431; x_wconf 82' lang='lat' dir='ltr'>animum</span> <span class='ocrx_word' id='word_1_28' title='bbox 1770 396 1815 432; x_wconf 88' lang='lat' dir='ltr'>et</span> 
     </span>
     <span class='ocr_line' id='line_1_5' title="bbox 176 461 1816 514; baseline 0 -12"><span class='ocrx_word' id='word_1_29' title='bbox 176 462 552 502; x_wconf 87' lang='lat' dir='ltr'>beneuolentiam</span> <span class='ocrx_word' id='word_1_30' title='bbox 574 463 727 514; x_wconf 85' lang='lat' dir='ltr'>magis</span> <span class='ocrx_word' id='word_1_31' title='bbox 748 473 802 502; x_wconf 90' lang='lat' dir='ltr'>ac</span> <span class='ocrx_word' id='word_1_32' title='bbox 826 462 977 513; x_wconf 85' lang='lat' dir='ltr'>magis</span> <span class='ocrx_word' id='word_1_33' title='bbox 1000 462 1282 513; x_wconf 81' lang='lat' dir='ltr'>experimur,</span> <span class='ocrx_word' id='word_1_34' title='bbox 1313 461 1391 513; x_wconf 90' lang='lat' dir='ltr'>qui</span> <span class='ocrx_word' id='word_1_35' title='bbox 1425 462 1620 502; x_wconf 84' lang='lat' dir='ltr'>maximi</span> <span class='ocrx_word' id='word_1_36' title='bbox 1648 461 1816 502; x_wconf 89' lang='lat' dir='ltr'>benefi—</span> 
     </span>
     <span class='ocr_line' id='line_1_6' title="bbox 176 531 1817 584; baseline 0 -11"><span class='ocrx_word' id='word_1_37' title='bbox 176 533 236 574; x_wconf 91' lang='lat' dir='ltr'>cii</span> <span class='ocrx_word' id='word_1_38' title='bbox 257 534 360 573; x_wconf 93' lang='lat' dir='ltr'>loco</span> <span class='ocrx_word' id='word_1_39' title='bbox 379 533 565 583; x_wconf 88' lang='lat' dir='ltr'>habent,</span> <span class='ocrx_word' id='word_1_40' title='bbox 590 533 629 573; x_wconf 90' lang='lat' dir='ltr'>si</span> <span class='ocrx_word' id='word_1_41' title='bbox 650 533 837 584; x_wconf 89' lang='lat' dir='ltr'>quando</span> <span class='ocrx_word' id='word_1_42' title='bbox 860 544 964 573; x_wconf 92' lang='lat' dir='ltr'>eam</span> <span class='ocrx_word' id='word_1_43' title='bbox 987 531 1110 584; x_wconf 82' lang='lat' dir='ltr'>apud</span> <span class='ocrx_word' id='word_1_44' title='bbox 1132 532 1260 572; x_wconf 92' lang='lat' dir='ltr'>ciues</span> <span class='ocrx_word' id='word_1_45' title='bbox 1284 538 1509 573; x_wconf 79' lang='lat' dir='ltr'>testatam</span> <span class='ocrx_word' id='word_1_46' title='bbox 1536 533 1719 584; x_wconf 79' lang='lat' dir='ltr'>possint</span> <span class='ocrx_word' id='word_1_47' title='bbox 1749 544 1817 573; x_wconf 94' lang='lat' dir='ltr'>re-</span> 
     </span>
     <span class='ocr_line' id='line_1_7' title="bbox 176 602 1819 656; baseline 0 -12"><span class='ocrx_word' id='word_1_48' title='bbox 176 604 400 656; x_wconf 87' lang='lat' dir='ltr'>linquere.</span> <span class='ocrx_word' id='word_1_49' title='bbox 427 604 558 655; x_wconf 86' lang='lat' dir='ltr'>Quae</span> <span class='ocrx_word' id='word_1_50' title='bbox 580 605 736 644; x_wconf 91' lang='lat' dir='ltr'>omnia</span> <span class='ocrx_word' id='word_1_51' title='bbox 762 604 875 644; x_wconf 89' lang='lat' dir='ltr'>nulli</span> <span class='ocrx_word' id='word_1_52' title='bbox 897 603 1153 651; x_wconf 89' lang='lat' dir='ltr'>hominum,</span> <span class='ocrx_word' id='word_1_53' title='bbox 1185 602 1267 643; x_wconf 87' lang='lat' dir='ltr'>sed</span> <span class='ocrx_word' id='word_1_54' title='bbox 1295 603 1382 643; x_wconf 88' lang='lat' dir='ltr'>soli</span> <span class='ocrx_word' id='word_1_55' title='bbox 1418 603 1537 654; x_wconf 92' lang='lat' dir='ltr'>Deo,</span> <span class='ocrx_word' id='word_1_56' title='bbox 1572 603 1693 644; x_wconf 89' lang='lat' dir='ltr'>unde</span> <span class='ocrx_word' id='word_1_57' title='bbox 1723 615 1819 644; x_wconf 88' lang='lat' dir='ltr'>ma—</span> 
     </span>
     <span class='ocr_line' id='line_1_8' title="bbox 176 674 1818 727; baseline 0 -12"><span class='ocrx_word' id='word_1_58' title='bbox 176 681 306 727; x_wconf 89' lang='lat' dir='ltr'>nant,</span> <span class='ocrx_word' id='word_1_59' title='bbox 331 675 572 725; x_wconf 85' lang='lat' dir='ltr'>debentur,</span> <span class='ocrx_word' id='word_1_60' title='bbox 596 675 675 726; x_wconf 91' lang='lat' dir='ltr'>qui</span> <span class='ocrx_word' id='word_1_61' title='bbox 697 681 742 714; x_wconf 91' lang='lat' dir='ltr'>et</span> <span class='ocrx_word' id='word_1_62' title='bbox 764 675 819 715; x_wconf 92' lang='lat' dir='ltr'>de</span> <span class='ocrx_word' id='word_1_63' title='bbox 842 674 969 714; x_wconf 92' lang='lat' dir='ltr'>uictu</span> <span class='ocrx_word' id='word_1_64' title='bbox 990 680 1153 714; x_wconf 90' lang='lat' dir='ltr'>nostro</span> <span class='ocrx_word' id='word_1_65' title='bbox 1183 685 1238 714; x_wconf 87' lang='lat' dir='ltr'>ac</span> <span class='ocrx_word' id='word_1_66' title='bbox 1268 675 1410 714; x_wconf 91' lang='lat' dir='ltr'>rebus</span> <span class='ocrx_word' id='word_1_67' title='bbox 1440 674 1581 715; x_wconf 90' lang='lat' dir='ltr'>etiam</span> <span class='ocrx_word' id='word_1_68' title='bbox 1608 675 1818 715; x_wconf 86' lang='lat' dir='ltr'>externi-s</span> 
     </span>
     <span class='ocr_line' id='line_1_9' title="bbox 176 745 1821 797; baseline 0 -11"><span class='ocrx_word' id='word_1_69' title='bbox 176 746 363 787; x_wconf 86' lang='lat' dir='ltr'>abunde</span> <span class='ocrx_word' id='word_1_70' title='bbox 390 745 619 786; x_wconf 74' lang='lat' dir='ltr'>sollicitat</span> <span class='ocrx_word' id='word_1_71' title='bbox 650 745 674 786; x_wconf 81' lang='lat'>¹,</span> <span class='ocrx_word' id='word_1_72' title='bbox 705 745 1036 797; x_wconf 85' lang='lat' dir='ltr'>Superioribus</span> <span class='ocrx_word' id='word_1_73' title='bbox 1063 745 1188 785; x_wconf 91' lang='lat' dir='ltr'>enim</span> <span class='ocrx_word' id='word_1_74' title='bbox 1215 745 1376 785; x_wconf 86' lang='lat' dir='ltr'>diebus</span> <span class='ocrx_word' id='word_1_75' title='bbox 1407 745 1597 797; x_wconf 91' lang='lat' dir='ltr'>quidam</span> <span class='ocrx_word' id='word_1_76' title='bbox 1626 745 1741 786; x_wconf 91' lang='lat' dir='ltr'>ciuis</span> <span class='ocrx_word' id='word_1_77' title='bbox 1769 757 1821 786; x_wconf 89' lang='lat' dir='ltr'>re</span> 
     </span>
     <span class='ocr_line' id='line_1_10' title="bbox 177 816 1821 868; baseline -0.001 -10"><span class='ocrx_word' id='word_1_78' title='bbox 177 829 273 858; x_wconf 93' lang='lat' dir='ltr'>non</span> <span class='ocrx_word' id='word_1_79' title='bbox 289 817 516 858; x_wconf 83' lang='lat' dir='ltr'>mediocri</span> <span class='ocrx_word' id='word_1_80' title='bbox 534 817 697 857; x_wconf 89' lang='lat' dir='ltr'>obtulit</span> <span class='ocrx_word' id='word_1_81' title='bbox 716 816 840 868; x_wconf 91' lang='lat' dir='ltr'>apud</span> <span class='ocrx_word' id='word_1_82' title='bbox 856 816 1044 856; x_wconf 87' lang='lat' dir='ltr'>Patrem</span> <span class='ocrx_word' id='word_1_83' title='bbox 1065 822 1279 856; x_wconf 89' lang='lat' dir='ltr'>nostrum</span> <span class='ocrx_word' id='word_1_84' title='bbox 1295 816 1590 857; x_wconf 88' lang='lat' dir='ltr'>Euerardum</span> <span class='ocrx_word' id='word_1_85' title='bbox 1615 818 1821 868; x_wconf 80' lang='lat' dir='ltr'>amplam</span> 
     </span>
     <span class='ocr_line' id='line_1_11' title="bbox 178 887 1818 941; baseline -0.001 -12"><span class='ocrx_word' id='word_1_86' title='bbox 178 889 296 930; x_wconf 84' lang='lat' dir='ltr'>satis</span> <span class='ocrx_word' id='word_1_87' title='bbox 324 889 673 941; x_wconf 88' lang='lat' dir='ltr'>possessionem</span> <span class='ocrx_word' id='word_1_88' title='bbox 707 887 938 939; x_wconf 85' lang='lat' dir='ltr'>Collegi0‚</span> <span class='ocrx_word' id='word_1_89' title='bbox 981 899 1101 940; x_wconf 90' lang='lat' dir='ltr'>quae</span> <span class='ocrx_word' id='word_1_90' title='bbox 1129 893 1318 939; x_wconf 89' lang='lat' dir='ltr'>praeter</span> <span class='ocrx_word' id='word_1_91' title='bbox 1355 899 1580 939; x_wconf 82' lang='lat' dir='ltr'>magnam</span> <span class='ocrx_word' id='word_1_92' title='bbox 1614 888 1711 928; x_wconf 88' lang='lat' dir='ltr'>uini</span> <span class='ocrx_word' id='word_1_93' title='bbox 1746 900 1818 928; x_wconf 93' lang='lat' dir='ltr'>co-</span> 
     </span>
     <span class='ocr_line' id='line_1_12' title="bbox 180 958 1823 1013; baseline 0 -13"><span class='ocrx_word' id='word_1_94' title='bbox 180 961 322 1013; x_wconf 90' lang='lat' dir='ltr'>piam,</span> <span class='ocrx_word' id='word_1_95' title='bbox 355 959 576 1000; x_wconf 87' lang='lat' dir='ltr'>frumenti</span> <span class='ocrx_word' id='word_1_96' title='bbox 604 959 744 999; x_wconf 89' lang='lat' dir='ltr'>etiam</span> <span class='ocrx_word' id='word_1_97' title='bbox 775 958 1025 1010; x_wconf 86' lang='lat' dir='ltr'>quotannis</span> <span class='ocrx_word' id='word_1_98' title='bbox 1055 958 1341 999; x_wconf 84' lang='lat' dir='ltr'>mediocrem</span> <span class='ocrx_word' id='word_1_99' title='bbox 1375 959 1685 1010; x_wconf 87' lang='lat' dir='ltr'>quantitatem</span> <span class='ocrx_word' id='word_1_100' title='bbox 1715 971 1823 1000; x_wconf 91' lang='lat' dir='ltr'>con-</span> 
     </span>
     <span class='ocr_line' id='line_1_13' title="bbox 178 1030 1823 1083; baseline -0.001 -11"><span class='ocrx_word' id='word_1_101' title='bbox 178 1032 334 1072; x_wconf 83' lang='lat' dir='ltr'>sueuit</span> <span class='ocrx_word' id='word_1_102' title='bbox 355 1031 630 1083; x_wconf 85' lang='lat' dir='ltr'>producere.</span> <span class='ocrx_word' id='word_1_103' title='bbox 654 1030 757 1082; x_wconf 84' lang='lat' dir='ltr'>Qui,</span> <span class='ocrx_word' id='word_1_104' title='bbox 782 1030 869 1071; x_wconf 87' lang='lat' dir='ltr'>etsi</span> <span class='ocrx_word' id='word_1_105' title='bbox 889 1030 1065 1071; x_wconf 89' lang='lat' dir='ltr'>nullam</span> <span class='ocrx_word' id='word_1_106' title='bbox 1086 1041 1293 1082; x_wconf 90' lang='lat' dir='ltr'>unquam</span> <span class='ocrx_word' id='word_1_107' title='bbox 1315 1036 1455 1070; x_wconf 90' lang='lat' dir='ltr'>antea</span> <span class='ocrx_word' id='word_1_108' title='bbox 1481 1031 1732 1071; x_wconf 88' lang='lat' dir='ltr'>nobiscum</span> <span class='ocrx_word' id='word_1_109' title='bbox 1758 1030 1823 1072; x_wconf 87' lang='lat' dir='ltr'>fa-</span> 
     </span>
     <span class='ocr_line' id='line_1_14' title="bbox 182 1101 1826 1154; baseline -0.001 -11"><span class='ocrx_word' id='word_1_110' title='bbox 182 1103 501 1143; x_wconf 82' lang='lat' dir='ltr'>miliaritatem</span> <span class='ocrx_word' id='word_1_111' title='bbox 523 1102 855 1153; x_wconf 80' lang='lat' dir='ltr'>contraxisset,</span> <span class='ocrx_word' id='word_1_112' title='bbox 885 1101 1069 1142; x_wconf 89' lang='lat' dir='ltr'>dicebat</span> <span class='ocrx_word' id='word_1_113' title='bbox 1090 1113 1139 1142; x_wconf 91' lang='lat' dir='ltr'>se</span> <span class='ocrx_word' id='word_1_114' title='bbox 1166 1107 1323 1142; x_wconf 88' lang='lat' dir='ltr'>tamen</span> <span class='ocrx_word' id='word_1_115' title='bbox 1347 1113 1441 1142; x_wconf 88' lang='lat' dir='ltr'>non</span> <span class='ocrx_word' id='word_1_116' title='bbox 1473 1109 1581 1142; x_wconf 90' lang='lat' dir='ltr'>ante</span> <span class='ocrx_word' id='word_1_117' title='bbox 1609 1102 1826 1154; x_wconf 92' lang='lat' dir='ltr'>conquie-</span> 
     </span>
     <span class='ocr_line' id='line_1_15' title="bbox 187 1172 1334 1225; baseline -0.002 -11"><span class='ocrx_word' id='word_1_118' title='bbox 187 1181 357 1224; x_wconf 89' lang='lat' dir='ltr'>turum,</span> <span class='ocrx_word' id='word_1_119' title='bbox 382 1185 522 1225; x_wconf 87' lang='lat' dir='ltr'>quam</span> <span class='ocrx_word' id='word_1_120' title='bbox 543 1173 676 1213; x_wconf 93' lang='lat' dir='ltr'>nobis</span> <span class='ocrx_word' id='word_1_121' title='bbox 700 1173 826 1212; x_wconf 89' lang='lat' dir='ltr'>illam</span> <span class='ocrx_word' id='word_1_122' title='bbox 848 1173 1033 1224; x_wconf 91' lang='lat' dir='ltr'>penitus</span> <span class='ocrx_word' id='word_1_123' title='bbox 1055 1172 1334 1224; x_wconf 85' lang='lat' dir='ltr'>reliquisset.</span> 
     </span>
    </p>

    <p class='ocr_par' dir='ltr' id='par_1_4' title="bbox 182 1243 1829 1867">
     <span class='ocr_line' id='line_1_16' title="bbox 263 1243 1826 1296; baseline -0.001 -12"><span class='ocrx_word' id='word_1_124' title='bbox 263 1245 395 1285; x_wconf 77' lang='lat' dir='ltr'>Deus</span> <span class='ocrx_word' id='word_1_125' title='bbox 415 1244 624 1296; x_wconf 70' lang='lat' dir='ltr'>optimus</span> <span class='ocrx_word' id='word_1_126' title='bbox 641 1244 905 1294; x_wconf 66' lang='lat' dir='ltr'>maximus,</span> <span class='ocrx_word' id='word_1_127' title='bbox 922 1244 1058 1283; x_wconf 76' lang='lat' dir='ltr'>cuius</span> <span class='ocrx_word' id='word_1_128' title='bbox 1075 1244 1265 1283; x_wconf 72' lang='lat' dir='ltr'>numine</span> <span class='ocrx_word' id='word_1_129' title='bbox 1281 1244 1394 1283; x_wconf 78' lang='lat' dir='ltr'>lmec</span> <span class='ocrx_word' id='word_1_130' title='bbox 1412 1243 1571 1284; x_wconf 75' lang='lat' dir='ltr'>omnia</span> <span class='ocrx_word' id='word_1_131' title='bbox 1584 1243 1826 1294; x_wconf 79' lang='lat' dir='ltr'>evem&#39;unt,</span> 
     </span>
     <span class='ocr_line' id='line_1_17' title="bbox 182 1314 1829 1367; baseline -0.001 -11"><span class='ocrx_word' id='word_1_132' title='bbox 182 1317 252 1357; x_wconf 75' lang='lat' dir='ltr'>su:</span> <span class='ocrx_word' id='word_1_133' title='bbox 272 1316 482 1356; x_wconf 66' lang='lat' dir='ltr'>onmium</span> <span class='ocrx_word' id='word_1_134' title='bbox 503 1315 690 1355; x_wconf 70' lang='lat' dir='ltr'>animos</span> <span class='ocrx_word' id='word_1_135' title='bbox 711 1315 885 1367; x_wconf 72' lang='lat' dir='ltr'>expiet,</span> <span class='ocrx_word' id='word_1_136' title='bbox 911 1319 962 1355; x_wconf 82' lang='lat' dir='ltr'>ut</span> <span class='ocrx_word' id='word_1_137' title='bbox 982 1314 1116 1355; x_wconf 79' lang='lat' dir='ltr'>nulla</span> <span class='ocrx_word' id='word_1_138' title='bbox 1137 1315 1444 1355; x_wconf 71' lang='lat' dir='ltr'>terrestrz&#39;mn</span> <span class='ocrx_word' id='word_1_139' title='bbox 1467 1326 1696 1354; x_wconf 80' lang='lat' dir='ltr'>curarum</span> <span class='ocrx_word' id='word_1_140' title='bbox 1727 1314 1829 1355; x_wconf 80' lang='lat' dir='ltr'>labe</span> 
     </span>
     <span class='ocr_line' id='line_1_18' title="bbox 182 1385 1824 1438; baseline -0.001 -11"><span class='ocrx_word' id='word_1_141' title='bbox 182 1392 470 1438; x_wconf 73' lang='lat' dir='ltr'>tangamur,</span> <span class='ocrx_word' id='word_1_142' title='bbox 495 1387 578 1426; x_wconf 71' lang='lat' dir='ltr'>sed</span> <span class='ocrx_word' id='word_1_143' title='bbox 603 1390 737 1426; x_wconf 80' lang='lat' dir='ltr'>tanto</span> <span class='ocrx_word' id='word_1_144' title='bbox 768 1386 1038 1426; x_wconf 74' lang='lat' dir='ltr'>animorum</span> <span class='ocrx_word' id='word_1_145' title='bbox 1069 1387 1243 1426; x_wconf 74' lang='lat' dir='ltr'>ardore</span> <span class='ocrx_word' id='word_1_146' title='bbox 1261 1386 1322 1426; x_wconf 79' lang='lat' dir='ltr'>ad</span> <span class='ocrx_word' id='word_1_147' title='bbox 1347 1385 1514 1426; x_wconf 62' lang='lat' dir='ltr'>diuina</span> <span class='ocrx_word' id='word_1_148' title='bbox 1539 1386 1824 1437; x_wconf 71' lang='lat' dir='ltr'>aspiremus,</span> 
     </span>
     <span class='ocr_line' id='line_1_19' title="bbox 187 1457 1828 1511; baseline -0.001 -12"><span class='ocrx_word' id='word_1_149' title='bbox 187 1462 418 1511; x_wconf 76' lang='lat' dir='ltr'>quantum</span> <span class='ocrx_word' id='word_1_150' title='bbox 446 1470 473 1498; x_wconf 79' lang='lat' dir='ltr'>cz</span> <span class='ocrx_word' id='word_1_151' title='bbox 501 1461 634 1498; x_wconf 76' lang='lat' dir='ltr'>terra</span> <span class='ocrx_word' id='word_1_152' title='bbox 665 1457 844 1498; x_wconf 78' lang='lat' dir='ltr'>coelum</span> <span class='ocrx_word' id='word_1_153' title='bbox 878 1458 1166 1510; x_wconf 73' lang='lat' dir='ltr'>diremptum</span> <span class='ocrx_word' id='word_1_154' title='bbox 1193 1461 1281 1508; x_wconf 74' lang='lat' dir='ltr'>est,</span> <span class='ocrx_word' id='word_1_155' title='bbox 1310 1457 1389 1497; x_wconf 69' lang='lat' dir='ltr'>vbi</span> <span class='ocrx_word' id='word_1_156' title='bbox 1415 1457 1717 1498; x_wconf 74' lang='lat' dir='ltr'>conuersatio</span> <span class='ocrx_word' id='word_1_157' title='bbox 1748 1468 1828 1497; x_wconf 71' lang='lat' dir='ltr'>rto—</span> 
     </span>
     <span class='ocr_line' id='line_1_20' title="bbox 183 1529 1825 1581; baseline -0.001 -10"><span class='ocrx_word' id='word_1_158' title='bbox 183 1535 290 1571; x_wconf 77' lang='lat' dir='ltr'>stra</span> <span class='ocrx_word' id='word_1_159' title='bbox 311 1542 413 1570; x_wconf 76' lang='lat' dir='ltr'>esse</span> <span class='ocrx_word' id='word_1_160' title='bbox 433 1530 576 1570; x_wconf 76' lang='lat' dir='ltr'>debet.</span> <span class='ocrx_word' id='word_1_161' title='bbox 607 1529 738 1570; x_wconf 74' lang='lat' dir='ltr'>Haec</span> <span class='ocrx_word' id='word_1_162' title='bbox 765 1536 873 1570; x_wconf 87' lang='lat' dir='ltr'>sunt</span> <span class='ocrx_word' id='word_1_163' title='bbox 898 1529 1009 1580; x_wconf 83' lang='lat' dir='ltr'>fere,</span> <span class='ocrx_word' id='word_1_164' title='bbox 1036 1541 1156 1581; x_wconf 89' lang='lat' dir='ltr'>quae</span> <span class='ocrx_word' id='word_1_165' title='bbox 1191 1529 1442 1581; x_wconf 87' lang='lat' dir='ltr'>postremis</span> <span class='ocrx_word' id='word_1_166' title='bbox 1471 1535 1672 1581; x_wconf 89' lang='lat' dir='ltr'>quatuor</span> <span class='ocrx_word' id='word_1_167' title='bbox 1703 1540 1825 1569; x_wconf 90' lang='lat' dir='ltr'>men-</span> 
     </span>
     <span class='ocr_line' id='line_1_21' title="bbox 187 1600 1825 1653; baseline -0.001 -11"><span class='ocrx_word' id='word_1_168' title='bbox 187 1604 315 1642; x_wconf 86' lang='lat' dir='ltr'>sibus</span> <span class='ocrx_word' id='word_1_169' title='bbox 353 1601 510 1653; x_wconf 82' lang='lat' dir='ltr'>gratia</span> <span class='ocrx_word' id='word_1_170' title='bbox 543 1600 632 1641; x_wconf 91' lang='lat' dir='ltr'>Dei</span> <span class='ocrx_word' id='word_1_171' title='bbox 666 1613 750 1653; x_wconf 89' lang='lat' dir='ltr'>per</span> <span class='ocrx_word' id='word_1_172' title='bbox 781 1600 1067 1642; x_wconf 85' lang='lat' dir='ltr'>Societatem</span> <span class='ocrx_word' id='word_1_173' title='bbox 1104 1607 1298 1652; x_wconf 87' lang='lat' dir='ltr'>operata</span> <span class='ocrx_word' id='word_1_174' title='bbox 1335 1606 1418 1641; x_wconf 89' lang='lat' dir='ltr'>est.</span> <span class='ocrx_word' id='word_1_175' title='bbox 1455 1600 1712 1652; x_wconf 76' lang='lat' dir='ltr'>Reliquum</span> <span class='ocrx_word' id='word_1_176' title='bbox 1753 1604 1825 1640; x_wconf 81' lang='lat' dir='ltr'>est</span> 
     </span>
     <span class='ocr_line' id='line_1_22' title="bbox 187 1672 1827 1724; baseline -0.002 -10"><span class='ocrx_word' id='word_1_177' title='bbox 187 1675 233 1714; x_wconf 81' lang='lat' dir='ltr'><em>P</em></span> <span class='ocrx_word' id='word_1_178' title='bbox 280 1674 590 1724; x_wconf 61' lang='lat' dir='ltr'>obseruanda,</span> <span class='ocrx_word' id='word_1_179' title='bbox 611 1677 665 1713; x_wconf 82' lang='lat' dir='ltr'>ut</span> <span class='ocrx_word' id='word_1_180' title='bbox 686 1673 836 1724; x_wconf 73' lang='lat' dir='ltr'>nobis,</span> <span class='ocrx_word' id='word_1_181' title='bbox 857 1677 899 1713; x_wconf 82' lang='lat' dir='ltr'>et</span> <span class='ocrx_word' id='word_1_182' title='bbox 921 1673 1111 1713; x_wconf 69' lang='lat' dir='ltr'>divinae</span> <span class='ocrx_word' id='word_1_183' title='bbox 1132 1672 1401 1712; x_wconf 65' lang='lat' dir='ltr'>uoluntatis</span> <span class='ocrx_word' id='word_1_184' title='bbox 1422 1672 1761 1723; x_wconf 66' lang='lat' dir='ltr'>cognitionem,</span> <span class='ocrx_word' id='word_1_185' title='bbox 1786 1675 1827 1712; x_wconf 82' lang='lat' dir='ltr'>et</span> 
     </span>
     <span class='ocr_line' id='line_1_23' title="bbox 186 1743 1828 1799; baseline -0.002 -14"><span class='ocrx_word' id='word_1_186' title='bbox 186 1746 434 1795; x_wconf 60' lang='lat' dir='ltr'>inuictum,</span> <span class='ocrx_word' id='word_1_187' title='bbox 453 1749 504 1784; x_wconf 80' lang='lat' dir='ltr'>ut</span> <span class='ocrx_word' id='word_1_188' title='bbox 521 1745 766 1795; x_wconf 77' lang='lat' dir='ltr'>cognl&#39;tam</span> <span class='ocrx_word' id='word_1_189' title='bbox 784 1755 1098 1795; x_wconf 65' lang='lat' dir='ltr'>exequamur,</span> <span class='ocrx_word' id='word_1_190' title='bbox 1115 1743 1327 1783; x_wconf 78' lang='lat' dir='ltr'>am‘mmn</span> <span class='ocrx_word' id='word_1_191' title='bbox 1341 1743 1755 1799; x_wconf 70' lang='lat' dir='ltr'>ltelc&#39;sl&#39;mpetrare,</span> <span class='ocrx_word' id='word_1_192' title='bbox 1775 1747 1828 1783; x_wconf 80' lang='lat' dir='ltr'>ut</span> 
     </span>
     <span class='ocr_line' id='line_1_24' title="bbox 188 1814 1506 1867; baseline -0.003 -10"><span class='ocrx_word' id='word_1_193' title='bbox 188 1829 349 1857; x_wconf 78' lang='lat' dir='ltr'>coram</span> <span class='ocrx_word' id='word_1_194' title='bbox 372 1817 470 1856; x_wconf 77' lang='lat' dir='ltr'>Deo</span> <span class='ocrx_word' id='word_1_195' title='bbox 493 1820 536 1856; x_wconf 79' lang='lat' dir='ltr'>el</span> <span class='ocrx_word' id='word_1_196' title='bbox 557 1815 825 1856; x_wconf 73' lang='lat' dir='ltr'>homstu&#39;bus</span> <span class='ocrx_word' id='word_1_197' title='bbox 846 1817 964 1855; x_wconf 76' lang='lat' dir='ltr'>hona</span> <span class='ocrx_word' id='word_1_198' title='bbox 980 1815 1344 1867; x_wconf 72' lang='lat' dir='ltr'>prouideczmus.</span> <span class='ocrx_word' id='word_1_199' title='bbox 1382 1814 1506 1854; x_wconf 70' lang='lat' dir='ltr'>I&#39;ale.</span> 
     </span>
    </p>

    <p class='ocr_par' dir='ltr' id='par_1_5' title="bbox 270 1886 1282 1939">
     <span class='ocr_line' id='line_1_25' title="bbox 270 1886 1282 1939; baseline -0.003 -11"><span class='ocrx_word' id='word_1_200' title='bbox 270 1888 507 1939; x_wconf 85' lang='lat' dir='ltr'>Perusiae,</span> <span class='ocrx_word' id='word_1_201' title='bbox 533 1888 683 1939; x_wconf 85' lang='lat' dir='ltr'>pridie</span> <span class='ocrx_word' id='word_1_202' title='bbox 705 1899 855 1928; x_wconf 80' lang='lat' dir='ltr'>nonas</span> <span class='ocrx_word' id='word_1_203' title='bbox 876 1887 1137 1937; x_wconf 83' lang='lat' dir='ltr'>Februarii,</span> <span class='ocrx_word' id='word_1_204' title='bbox 1167 1886 1282 1926; x_wconf 74' lang='lat'>1555.</span> 
     </span>
    </p>

    <p class='ocr_par' dir='ltr' id='par_1_6' title="bbox 271 1958 475 2001">
     <span class='ocr_line' id='line_1_26' title="bbox 271 1958 475 2001; baseline -0.01 0"><span class='ocrx_word' id='word_1_205' title='bbox 271 1961 325 2001; x_wconf 91' lang='lat' dir='ltr'>T.</span> <span class='ocrx_word' id='word_1_206' title='bbox 348 1959 403 2000; x_wconf 85' lang='lat' dir='ltr'>R.</span> <span class='ocrx_word' id='word_1_207' title='bbox 426 1958 475 1999; x_wconf 89' lang='lat' dir='ltr'>P.</span> 
     </span>
    </p>

    <p class='ocr_par' dir='ltr' id='par_1_7' title="bbox 268 2028 1445 2084">
     <span class='ocr_line' id='line_1_27' title="bbox 268 2028 1445 2084; baseline -0.003 -13"><span class='ocrx_word' id='word_1_208' title='bbox 268 2031 409 2084; x_wconf 87' lang='lat' dir='ltr'>Jussu</span> <span class='ocrx_word' id='word_1_209' title='bbox 426 2029 520 2071; x_wconf 79' lang='lat' dir='ltr'>R.cli</span> <span class='ocrx_word' id='word_1_210' title='bbox 543 2029 696 2070; x_wconf 84' lang='lat' dir='ltr'>Patris</span> <span class='ocrx_word' id='word_1_211' title='bbox 718 2030 866 2070; x_wconf 85' lang='lat' dir='ltr'>nostri</span> <span class='ocrx_word' id='word_1_212' title='bbox 888 2029 1117 2070; x_wconf 83' lang='lat' dir='ltr'>Euerardi</span> <span class='ocrx_word' id='word_1_213' title='bbox 1140 2028 1445 2080; x_wconf 86' lang='lat' dir='ltr'>Marcuriani,</span> 
     </span>
    </p>

    <p class='ocr_par' dir='ltr' id='par_1_8' title="bbox 272 2100 941 2147">
     <span class='ocr_line' id='line_1_28' title="bbox 272 2100 941 2147; baseline -0.004 -4"><span class='ocrx_word' id='word_1_214' title='bbox 272 2102 448 2143; x_wconf 83' lang='lat' dir='ltr'>Seruus</span> <span class='ocrx_word' id='word_1_215' title='bbox 470 2102 646 2142; x_wconf 89' lang='lat' dir='ltr'>inutilis</span> <span class='ocrx_word' id='word_1_216' title='bbox 667 2101 714 2141; x_wconf 90' lang='lat' dir='ltr'>in</span> <span class='ocrx_word' id='word_1_217' title='bbox 737 2100 941 2147; x_wconf 77' lang='lat' dir='ltr'>Christo,</span> 
     </span>
    </p>
   </div>
   <div class='ocr_carea' id='block_1_3' title="bbox 1100 2243 1617 2285">
    <p class='ocr_par' dir='ltr' id='par_1_9' title="bbox 1100 2243 1617 2285">
     <span class='ocr_line' id='line_1_29' title="bbox 1100 2243 1617 2285; baseline 0 -1"><span class='ocrx_word' id='word_1_218' title='bbox 1100 2243 1327 2285; x_wconf 86' lang='lat' dir='ltr'><strong>EMUNDUS</strong></span> <span class='ocrx_word' id='word_1_219' title='bbox 1357 2243 1617 2284; x_wconf 83' lang='lat' dir='ltr'>AUGERIUS.</span> 
     </span>
    </p>
   </div>
   <div class='ocr_carea' id='block_1_4' title="bbox 193 2455 1835 2783">
    <p class='ocr_par' dir='ltr' id='par_1_10' title="bbox 193 2455 1835 2641">
     <span class='ocr_line' id='line_1_30' title="bbox 275 2455 1835 2511; baseline -0.002 -13"><span class='ocrx_word' id='word_1_220' title='bbox 275 2459 629 2511; x_wconf 67' lang='lat' dir='ltr'>Superscrzptl&#39;o</span> <span class='ocrx_word' id='word_1_221' title='bbox 656 2460 704 2498; x_wconf 73' lang='lat' dir='ltr'>z&#39;u</span> <span class='ocrx_word' id='word_1_222' title='bbox 734 2462 909 2510; x_wconf 73' lang='lat' dir='ltr'>quarta</span> <span class='ocrx_word' id='word_1_223' title='bbox 930 2457 1145 2509; x_wconf 76' lang='lat' dir='ltr'>pagum:</span> <span class='ocrx_word' id='word_1_224' title='bbox 1181 2457 1281 2497; x_wconf 78' lang='lat' dir='ltr'>R.d0</span> <span class='ocrx_word' id='word_1_225' title='bbox 1312 2456 1358 2496; x_wconf 85' lang='lat' dir='ltr'>in</span> <span class='ocrx_word' id='word_1_226' title='bbox 1387 2455 1574 2496; x_wconf 85' lang='lat' dir='ltr'>Christo</span> <span class='ocrx_word' id='word_1_227' title='bbox 1604 2455 1651 2496; x_wconf 89' lang='grc' dir='ltr'>Ρ.</span> <span class='ocrx_word' id='word_1_228' title='bbox 1691 2455 1835 2496; x_wconf 88' lang='lat' dir='ltr'>Mtro.</span> 
     </span>
     <span class='ocr_line' id='line_1_31' title="bbox 193 2525 1833 2582; baseline -0.003 -11"><span class='ocrx_word' id='word_1_229' title='bbox 193 2530 378 2581; x_wconf 74' lang='lat' dir='ltr'>Ignatio</span> <span class='ocrx_word' id='word_1_230' title='bbox 397 2542 423 2569; x_wconf 90' lang='lat' dir='ltr'>a</span> <span class='ocrx_word' id='word_1_231' title='bbox 445 2531 642 2582; x_wconf 75' lang='lat' dir='ltr'>Loyola,</span> <span class='ocrx_word' id='word_1_232' title='bbox 673 2530 946 2581; x_wconf 71' lang='lat' dir='ltr'>Praeposito</span> <span class='ocrx_word' id='word_1_233' title='bbox 971 2528 1192 2569; x_wconf 82' lang='lat' dir='ltr'>Generali</span> <span class='ocrx_word' id='word_1_234' title='bbox 1218 2527 1467 2569; x_wconf 84' lang='lat' dir='ltr'>Societatis</span> <span class='ocrx_word' id='word_1_235' title='bbox 1499 2527 1698 2567; x_wconf 85' lang='lat' dir='ltr'>nominis</span> <span class='ocrx_word' id='word_1_236' title='bbox 1719 2525 1833 2579; x_wconf 91' lang='lat' dir='ltr'>Jesu</span> 
     </span>
     <span class='ocr_line' id='line_1_32' title="bbox 196 2600 390 2641; baseline -0.01 0"><span class='ocrx_word' id='word_1_237' title='bbox 196 2600 390 2641; x_wconf 82' lang='lat' dir='ltr'>Romae.</span> 
     </span>
    </p>

    <p class='ocr_par' dir='ltr' id='par_1_11' title="bbox 278 2670 1646 2723">
     <span class='ocr_line' id='line_1_33' title="bbox 278 2670 1646 2723; baseline -0.001 -12"><span class='ocrx_word' id='word_1_238' title='bbox 278 2672 389 2712; x_wconf 63' lang='lat' dir='ltr'>Alsa</span> <span class='ocrx_word' id='word_1_239' title='bbox 412 2684 574 2712; x_wconf 75' lang='lat' dir='ltr'>malm:</span> <span class='ocrx_word' id='word_1_240' title='bbox 602 2673 715 2712; x_wconf 86' lang='grc'>1555.</span> <span class='ocrx_word' id='word_1_241' title='bbox 742 2672 951 2712; x_wconf 73' lang='lat' dir='ltr'>Perusia.</span> <span class='ocrx_word' id='word_1_242' title='bbox 977 2671 1345 2723; x_wconf 83' lang='lat' dir='ltr'>Quadrimestris</span> <span class='ocrx_word' id='word_1_243' title='bbox 1366 2671 1390 2710; x_wconf 75' lang='lat'>4</span> <span class='ocrx_word' id='word_1_244' title='bbox 1410 2670 1646 2710; x_wconf 82' lang='lat' dir='ltr'>februarii.</span> 
     </span>
    </p>

    <p class='ocr_par' dir='ltr' id='par_1_12' title="bbox 282 2743 697 2783">
     <span class='ocr_line' id='line_1_34' title="bbox 282 2743 697 2783; baseline 0.002 -1"><span class='ocrx_word' id='word_1_245' title='bbox 282 2744 345 2783; x_wconf 82' lang='lat' dir='ltr'>Et</span> <span class='ocrx_word' id='word_1_246' title='bbox 366 2743 481 2783; x_wconf 73' lang='lat' dir='ltr'>alsa:</span> <span class='ocrx_word' id='word_1_247' title='bbox 503 2744 697 2783; x_wconf 83' lang='lat' dir='ltr'>Emcnd.</span> 
     </span>
    </p>
   </div>
   <div class='ocr_carea' id='block_1_5' title="bbox 253 2904 807 2939">
    <p class='ocr_par' dir='ltr' id='par_1_13' title="bbox 253 2904 807 2939">
     <span class='ocr_line' id='line_1_35' title="bbox 253 2904 807 2939; baseline -0.002 -7"><span class='ocrx_word' id='word_1_248' title='bbox 253 2905 264 2924; x_wconf 90' lang='lat'>¹</span> <span class='ocrx_word' id='word_1_249' title='bbox 305 2905 404 2932; x_wconf 69' lang='lat' dir='ltr'>nobas</span> <span class='ocrx_word' id='word_1_250' title='bbox 418 2905 605 2939; x_wconf 80' lang='lat' dir='ltr'>prospicit.</span> <span class='ocrx_word' id='word_1_251' title='bbox 623 2904 807 2931; x_wconf 63' lang='lat' dir='ltr'>P01,.xxcus.</span> 
     </span>
    </p>
   </div>
  </div>
 </body>
</html>
