2047 3179
236 176 309 213 200
754 178 983 215 LITTERAE
1003 189 1363 222 QUADRIMESTRES

890 630 1228 684 COOXLIX

310 860 405 899 Leo
425 860 565 898 Lilius

356 927 477 964 Patri
496 927 667 973 Ignatio
688 926 741 964 de
768 926 953 973 Loyola.

401 992 641 1037 Florentia,
665 991 708 1029 19
728 991 929 1037 Januarii
951 991 1042 1028 1555
1065 990 1092 1026 ¹.

1045 1140 1076 1187 †

313 1274 381 1315 La
398 1274 555 1326 gratia
583 1279 627 1313 et
648 1284 766 1324 pace
788 1272 835 1312 di
857 1271 1045 1312 Christo
1068 1270 1268 1322 signore
1290 1277 1453 1313 nostro
1482 1272 1552 1312 sia
1583 1285 1769 1326 sempre
1791 1286 1880 1315 con

232 1347 354 1387 tutti.
378 1346 545 1386 Amen.

313 1417 457 1458 Molto
479 1416 581 1457 R.d0
596 1416 643 1456 in
666 1415 856 1456 Christo
879 1414 1045 1456 padre.

313 1488 609 1530 Hauendomi
644 1489 845 1539 imposto
877 1488 921 1528 13
957 1494 1096 1528 santa
1135 1487 1401 1528 obedientia
1438 1488 1511 1528 ch*
1546 1489 1590 1529 io
1619 1489 1801 1539 racogli
1837 1494 1881 1528 et

230 1561 391 1602 mandi
411 1561 503 1601 alla
524 1560 578 1600 R.
604 1559 652 1600 P.
677 1558 737 1599 V.
761 1564 882 1599 tutto
905 1559 1010 1610 quel
1031 1559 1116 1599 che
1138 1562 1217 1610 qui
1240 1571 1322 1611 per
1344 1560 1388 1599 13
1411 1559 1569 1610 gratia
1591 1559 1879 1612 delSignore

231 1633 272 1673 si
293 1637 318 1673 e
344 1632 462 1673 fatto
491 1633 566 1672 nel
592 1631 736 1671 diuin'
767 1630 984 1680 seruiciO,
1023 1631 1087 1671 mi
1113 1631 1328 1671 sforzaro
1351 1631 1580 1682 esseguir'
1605 1631 1637 1671 il
1667 1638 1879 1684 precetto

229 1717 321 1745 con
342 1705 454 1756 ogni
481 1704 679 1744 breuita.

313 1776 446 1816 Delle
467 1774 754 1816 confessioni
776 1774 994 1825 adunque
1015 1779 1060 1814 et
1082 1774 1316 1814 essercitii
1345 1774 1578 1826 spirituali
1607 1776 1725 1815 altre
1753 1776 1879 1816 uolte

231 1848 273 1889 n'
294 1849 355 1888 ho
376 1847 540 1888 scritto
562 1846 689 1887 assai
711 1845 1079 1897 copiosamente;
1103 1844 1258 1897 doppo
1279 1856 1435 1897 ueggo
1458 1846 1531 1886 ch’
1556 1846 1586 1886 il
1604 1858 1799 1888 numero
1823 1847 1880 1888 de

231 1920 473 1961 confitenti
499 1923 523 1959 e
544 1919 688 1958 molto
719 1917 968 1967 crescium,
1000 1923 1045 1956 et
1078 1916 1151 1956 ch’
1185 1929 1212 1957 3
1233 1917 1313 1968 pisi
1341 1923 1385 1957 et
1413 1917 1492 1969 pisi
1528 1929 1728 1969 persone
1763 1930 1878 1958 sono

230 1992 343 2033 stati
363 1990 579 2043 proposti
607 1989 721 2029 detti
749 1988 994 2039 essercitii,
1029 1986 1073 2028 et
1101 1988 1438 2039 specialmente
1461 2001 1486 2029 3
1509 1990 1575 2040 gli
1606 1989 1718 2030 frati
1750 1989 1792 2028 d’
1816 2001 1878 2030 un

228 2063 389 2104 diuoto
411 2068 697 2103 monastero:
722 2066 766 2100 et
789 2072 816 2101 3
837 2060 914 2100 (101
934 2060 1145 2111 giouani‚
1170 2060 1236 2110 gli
1260 2061 1387 2111 quali
1409 2060 1447 2100 si
1475 2061 1708 2101 resolsero
1728 2073 1812 2113 per
1833 2062 1878 2101 13

230 2134 538 2186 Compagnia:
564 2139 608 2173 et
630 2144 657 2173 3
678 2144 741 2172 un
761 2132 1018 2180 licentiato,
1045 2131 1118 2172 del
1140 2132 1278 2183 quale
1300 2132 1360 2172 ho
1391 2132 1552 2172 uoluto
1581 2132 1714 2173 farne
1752 2144 1879 2173 men-

229 2207 356 2247 tione
380 2218 461 2258 per
483 2206 514 2245 il
535 2205 748 2256 singolar
768 2203 913 2244 frutto
933 2204 1018 2243 che
1040 2203 1087 2243 in
1108 2203 1249 2255 quelli
1271 2204 1330 2243 ha
1348 2203 1481 2244 fatto.
1501 2203 1596 2244 Alli
1618 2204 1814 2254 giouani
1832 2210 1878 2244 et

228 2278 394 2319 nouitii
415 2278 489 2318 del
506 2276 762 2317 medesimo
784 2280 1055 2315 monastero
1078 2275 1109 2314 il
1130 2273 1231 2314 Η.ᾶο
1248 2273 1297 2315 Ρ.
1322 2274 1384 2315 Μ.
1408 2274 1651 2315 Ludouico
1673 2274 1686 2293 ²
1711 2276 1771 2315 ha
1803 2275 1876 2315 de-

228 2350 445 2390 chiarato
467 2361 561 2389 una
582 2353 717 2400 parte
739 2347 861 2387 della
883 2346 1091 2386 dottrina
1115 2346 1376 2386 christiana
1405 2357 1495 2386 con
1522 2347 1667 2387 molta
1696 2346 1877 2387 modes-

229 2423 309 2472 tia,
341 2421 599 2461 attentione
633 2425 677 2459 et
707 2418 853 2459 frutto
883 2419 999 2458 loro:
1037 2417 1210 2469 perche
1240 2418 1315 2457 all’
1347 2418 1465 2458 hora
1500 2418 1540 2458 si
1566 2418 1875 2458 ritrouauano

224 2493 355 2532 darsi
377 2493 451 2532 all'
486 2492 701 2532 oratione
738 2496 782 2530 et
818 2501 1018 2542 sparger
1046 2489 1088 2529 16
1118 2489 1315 2540 lagrime
1343 2489 1463 2529 della
1496 2489 1794 2540 contritione,
1829 2496 1876 2530 et

231 2564 399 2603 adesso
430 2561 758 2603 conseruando
788 2561 990 2601 tuttauia
1016 2560 1063 2600 13
1091 2560 1330 2600 diuotione
1361 2560 1401 2600 si
1431 2561 1723 2601 essercitano
1764 2561 1876 2612 ogni

228 2635 399 2685 giorno
415 2634 534 2674 nelle
556 2633 850 2673 meditationi
872 2644 898 2672 a
920 2633 1020 2672 loro
1051 2632 1298 2683 insegnate
1329 2630 1390 2671 (13
1412 2642 1517 2672 6550
1542 2636 1704 2672 nostro
1734 2631 1785 2672 P.
1809 2632 1872 2673 M.

227 2705 489 2746 Ludouico.

309 2777 376 2816 La
399 2776 559 2816 chiesa
581 2782 757 2826 nostra,
782 2775 969 2815 deserta
998 2781 1042 2815 et
1071 2774 1207 2826 quasi
1233 2773 1390 2814 sterile
1417 2773 1576 2814 inanzi
1599 2774 1686 2814 che
1712 2775 1772 2815 da
1795 2776 1875 2816 noi

281 2973 290 2992 ¹
331 2972 584 3007 Autographae
600 2973 727 3007 duplici
744 2973 836 3007 folio,
853 2980 914 3000 nn.
933 2973 968 2999 5³,
985 2973 1083 3000 6155.

278 3021 293 3041 ⁹·
332 3021 370 3049 P.
386 3020 583 3048 Ludovicus
595 3021 634 3048 de
652 3020 835 3048 Coudreto.
