2047 3179
214 159 285 197 330
728 161 956 199 LITTERAE
983 171 1343 205 QUADRlMESTREs

213 256 379 308 cessio,
404 268 512 297 cum
534 268 707 309 magno
730 257 869 298 huius
892 257 1003 298 cleri
1024 262 1068 298 et
1085 256 1243 309 oppidi
1264 268 1512 308 concursu,
1536 269 1656 309 quae
1678 270 1754 298 res
1772 271 1847 299 ue—

214 328 566 369 hementissime
594 329 770 381 placuit
802 329 1031 379 omnibus,
1068 334 1112 369 et
1140 328 1437 368 deuotionem
1467 329 1848 370 communicandi

213 411 307 439 non
328 399 627 440 mediocriter
645 400 789 441 auxit.

292 470 449 512 Distat
471 472 529 511 ab
550 472 638 511 hac
662 473 786 512 alma
808 472 947 512 domo
981 471 1202 523 oppidum
1237 470 1473 522 quoddam
1502 472 1770 523 antiquum,
1805 477 1849 512 et

216 544 374 583 natale
393 542 499 583 R.1¹¹i
529 543 796 584 Cardinalis
817 542 1022 583 Sanctae
1049 541 1213 583 Crucis
1245 542 1559 593 honestatum,
1592 543 1640 583 in
1662 554 1753 594 quo
1775 543 1849 583 de-

210 614 281 665 git
301 625 444 666 eques
465 614 753 666 Alexander,
778 613 925 654 frater
947 612 1156 654 eiusdem
1190 611 1296 654 Rmi
1324 613 1604 665 Cardinalis;
1629 614 1683 665 is,
1717 625 1848 654 acce-

210 691 292 737 pto
313 698 371 726 ex
391 685 519 726 Urbe
550 685 767 737 iubilaeo‚
797 685 986 737 rogauit
1018 691 1068 726 ut
1101 696 1222 725 unus
1252 696 1311 725 ex
1337 685 1512 726 nostris
1539 684 1758 725 Patribus
1793 697 1848 725 eo

209 755 603 808 proficisceretur,
627 757 705 809 qui
727 756 814 797 sibi
836 763 880 797 et
901 757 1122 797 uniuerso
1143 756 1318 808 populo
1345 756 1533 796 iubilaei
1552 755 1754 797 formam
1776 755 1849 796 de-

199 829 429 879 clararet,
455 828 853 880 concionibusque
871 829 931 869 ad
947 834 1130 869 tantum
1151 839 1321 868 munus
1339 827 1479 879 digne
1497 827 1850 879 percipiendum

208 905 532 951 praepararet.
558 899 702 940 Cuius
724 900 847 941 uotis
869 911 1082 940 annuens
1104 899 1152 939 P.
1176 898 1353 940 Rector
1381 905 1424 939 et
1446 898 1504 939 D.
1530 898 1846 949 Gubernator,

209 969 400 1011 Patrem
417 971 648 1024 Joannem
669 970 975 1012 Laurentium
997 977 1041 1011 et
1058 983 1130 1011 me
1147 983 1201 1011 eo
1223 970 1532 1011 destinarunt.

290 1041 496 1082 Publicis
523 1048 679 1082 autem
710 1043 1016 1083 concionibus
1046 1049 1091 1082 et
1118 1042 1316 1094 priuatis
1351 1041 1760 1082 adhortationibus
1789 1052 1845 1081 eo

210 1113 554 1165 oppidanorum
576 1114 760 1154 animos
781 1113 1001 1166 perduxit
1024 1113 1184 1154 diuina
1203 1112 1402 1163 bonitas,
1425 1118 1475 1153 ut
1491 1112 1766 1165 paucissimi
1782 1124 1848 1153 re-

208 1190 468 1236 manerent,
493 1184 571 1236 qui
591 1191 750 1226 tantae
770 1185 956 1237 gratiae
990 1185 1246 1237 participes
1274 1196 1369 1224 non
1404 1183 1713 1224 efficerentur.
1736 1183 1848 1224 Fuit

208 1256 354 1306 igitur
374 1267 457 1308 per
479 1261 659 1308 septem
681 1257 932 1297 continuos
959 1257 1058 1297 dies
1085 1262 1245 1296 tantus
1279 1255 1619 1307 poenitentium
1646 1266 1847 1295 concur-

206 1339 301 1378 sus,
325 1334 373 1368 ut
394 1327 475 1368 uix
497 1327 673 1380 aliquid
694 1328 784 1369 ocii
806 1333 1073 1380 superesset
1095 1327 1155 1368 ad
1177 1326 1628 1368 subministrandum
1657 1325 1847 1377 corpori

208 1399 495 1439 necessaria.
520 1398 642 1440 Nam
658 1406 911 1451 postquam
933 1404 1082 1440 totum
1099 1398 1191 1439 diei
1206 1404 1390 1450 tempus
1407 1398 1455 1438 in
1472 1397 1717 1438 audiendis
1735 1409 1843 1437 con-

205 1471 488 1511 fessionibus
518 1471 931 1522 transegissemus,
965 1470 1252 1522 cogebamur
1284 1469 1425 1510 etiam
1452 1475 1596 1510 noctu
1623 1469 1671 1509 in
1707 1468 1845 1509 domo

208 1541 379 1594 equitis
401 1553 548 1594 usque
571 1541 629 1582 ad
650 1542 752 1583 Ram
772 1542 940 1582 horam
959 1542 1111 1583 noctis
1139 1541 1280 1582 etiam
1315 1541 1637 1582 confessiones
1659 1540 1841 1591 audire,

206 1614 283 1653 vel
319 1613 614 1654 difficultates
641 1626 851 1665 casuum,
882 1625 1000 1666 quas
1030 1613 1163 1654 multi
1193 1613 1541 1664 proponebant,
1567 1612 1841 1653 dissoluere:

203 1684 372 1725 deinde
394 1684 454 1726 ad
475 1686 669 1726 multam
701 1697 848 1737 usque
868 1691 1056 1726 noctem
1076 1684 1292 1736 uigilare,
1322 1690 1371 1724 ut
1399 1684 1677 1724 concionem
1700 1683 1747 1723 in
1774 1695 1841 1724 se-

195 1762 420 1807 quentem
443 1757 567 1798 diem
587 1769 833 1809 possemus
853 1768 1155 1809 praeparare.

285 1827 400 1869 Erat
422 1834 579 1869 autem
604 1829 651 1869 in
672 1829 815 1869 tantis
836 1828 1076 1869 laboribus
1097 1833 1256 1868 tantus
1287 1827 1474 1868 diuinae
1507 1827 1691 1879 gratiae
1713 1825 1844 1867 influ-

203 1911 308 1950 xus,
333 1905 558 1953 tantaque
580 1901 857 1952 consolatio,
883 1906 932 1941 ut
953 1901 1106 1941 nullus
1127 1906 1266 1951 esset,
1290 1899 1368 1951 qui
1398 1899 1589 1939 uberem
1617 1897 1706 1939 Dei
1736 1909 1842 1949 gra-

201 1970 318 2012 tiam
338 1971 385 2012 in
406 1983 456 2013 se
478 1984 572 2012 non
592 1972 800 2013 sentiret.
824 1971 973 2012 Paces
993 1971 1057 2012 ibi
1092 1971 1267 2023 aliquot
1294 1978 1401 2011 sunt
1422 1970 1591 2020 factae,
1616 1969 1842 2010 scandala

204 2042 403 2095 sublata,
429 2049 473 2084 et
493 2044 749 2084 multorum
770 2043 914 2084 animi
936 2042 996 2083 ad
1017 2042 1277 2095 perfectum
1293 2040 1482 2082 uiuendi
1500 2039 1692 2081 modum
1710 2050 1842 2081 reuo-

192 2115 310 2156 cati.
335 2114 661 2156 Promiserunt
682 2115 824 2156 etiam
843 2115 941 2155 fere
971 2125 1133 2155 omnes
1149 2113 1307 2154 uerbis
1328 2118 1373 2153 et
1403 2111 1592 2164 scriptis
1626 2117 1842 2163 acceptu-

202 2197 282 2227 ros
303 2198 352 2227 se
374 2187 760 2227 consuetudinem
785 2185 1036 2227 confitendi
1057 2191 1102 2226 et
1119 2184 1499 2226 communicandi
1516 2185 1683 2224 saltem
1699 2183 1845 2223 semel

204 2257 252 2298 in
272 2269 449 2299 mense:
474 2264 519 2299 et
540 2264 589 2299 ut
611 2259 750 2299 huius
772 2257 925 2298 sancti
946 2257 1151 2298 instituti
1178 2256 1365 2297 deuotio
1394 2255 1688 2308 perduraret,
1713 2265 1844 2295 acce-

205 2329 273 2382 pit
294 2341 436 2382 eques
457 2329 731 2370 Alexander
752 2341 915 2370 curam
935 2330 1163 2380 uirorum,
1183 2329 1282 2369 eius
1299 2339 1411 2368 uero
1429 2327 1719 2380 pientissima
1737 2336 1844 2367 con-

205 2401 287 2442 iux
308 2401 570 2452 mulierum,
600 2402 678 2454 qui
709 2402 940 2442 hactenus
960 2401 1316 2452 religiosissime
1342 2399 1703 2452 promissionem
1737 2408 1845 2438 cum

205 2473 421 2514 omnibus
443 2473 772 2514 obseruarunt.
796 2473 915 2514 Nam
938 2473 1089 2525 prima
1111 2472 1345 2512 dominica
1367 2471 1525 2512 Martii
1547 2469 1607 2511 ad
1627 2470 1751 2510 hanc
1781 2469 1842 2508 al-

205 2555 329 2584 mam
348 2545 536 2586 domum
553 2545 822 2596 deueniens,
847 2556 988 2586 uerus
1010 2544 1186 2585 Christi
1207 2555 1362 2595 eques,
1387 2541 1444 2583 D.
1469 2541 1744 2583 Alexander
1764 2552 1845 2580 no-

204 2615 276 2656 bis
298 2616 453 2657 retulit
475 2630 523 2657 se
547 2629 599 2657 eo
619 2618 707 2664 die,
733 2629 840 2658 cum
871 2617 1087 2657 omnibus
1108 2616 1205 2656 fere
1226 2614 1560 2667 phanensibus,
1586 2612 1843 2664 sumpsisse

205 2687 554 2729 sanctissimum
583 2688 912 2729 Eucharistiae
938 2693 1302 2729 sacramentum.
1333 2686 1435 2726 Hoc
1456 2685 1609 2737 ipsum
1631 2684 1773 2724 etiam
1793 2695 1844 2723 se

203 2757 372 2799 fecisse
393 2760 493 2800 eius
514 2760 688 2801 coniux
707 2760 841 2800 nobis
862 2760 1021 2800 retulit
1044 2758 1363 2811 superioribus
1385 2757 1563 2807 diebus,
1590 2761 1842 2807 postquam

205 2829 282 2870 hic
304 2830 437 2870 nobis
455 2842 561 2871 cum
579 2831 682 2871 aliis
700 2831 971 2871 mulieribus
993 2836 1116 2871 esset
1138 2828 1368 2870 confessa.

288 2901 428 2942 Venit
449 2902 589 2942 etiam
613 2902 671 2942 ad
688 2913 774 2942 nos
795 2902 886 2942 loci
902 2902 1024 2942 illius
1041 2900 1361 2949 concionator,
1382 2898 1460 2950 qui
1476 2899 1606 2939 miris
1623 2898 1840 2940 laudibus

206 2979 304 3013 tam
327 2979 543 3013 sanctum
566 2973 829 3013 institutum
847 2972 1232 3025 prosequebatur.
