<?xml version="1.0" encoding="UTF-8"?>
<!DOCTYPE html PUBLIC "-//W3C//DTD XHTML 1.0 Transitional//EN"
    "http://www.w3.org/TR/xhtml1/DTD/xhtml1-transitional.dtd">
<html xmlns="http://www.w3.org/1999/xhtml" xml:lang="en" lang="en">
 <head>
  <title>
</title>
<meta http-equiv="Content-Type" content="text/html;charset=utf-8" />
  <meta name='ocr-system' content='tesseract 3.04.00' />
  <meta name='ocr-capabilities' content='ocr_page ocr_carea ocr_par ocr_line ocrx_word'/>
</head>
<body>
  <div class='ocr_page' id='page_1' title='image "./litteraequadrime15lain_0730.png"; bbox 0 0 2047 3179; ppageno 0'>
   <div class='ocr_carea' id='block_1_1' title="bbox 256 159 1388 203">
    <p class='ocr_par' dir='ltr' id='par_1_1' title="bbox 256 159 1388 203">
     <span class='ocr_line' id='line_1_1' title="bbox 256 159 1388 203; baseline 0.003 -7"><span class='ocrx_word' id='word_1_1' title='bbox 256 159 327 197; x_wconf 71' lang='lat'>724</span> <span class='ocrx_word' id='word_1_2' title='bbox 773 159 1000 197; x_wconf 75' lang='lat' dir='ltr'>LITTERAE</span> <span class='ocrx_word' id='word_1_3' title='bbox 1027 170 1388 203; x_wconf 79' lang='lat' dir='ltr'><strong>QUADRIMESTRES</strong></span> 
     </span>
    </p>
   </div>
   <div class='ocr_carea' id='block_1_2' title="bbox 229 256 1900 1955">
    <p class='ocr_par' dir='ltr' id='par_1_2' title="bbox 253 256 1900 452">
     <span class='ocr_line' id='line_1_2' title="bbox 256 256 1900 308; baseline 0.004 -12"><span class='ocrx_word' id='word_1_4' title='bbox 256 263 304 297; x_wconf 93' lang='lat' dir='ltr'>ut</span> <span class='ocrx_word' id='word_1_5' title='bbox 334 256 506 296; x_wconf 88' lang='lat' dir='ltr'>rectius</span> <span class='ocrx_word' id='word_1_6' title='bbox 534 261 692 308; x_wconf 85' lang='lat' dir='ltr'>posset</span> <span class='ocrx_word' id='word_1_7' title='bbox 723 262 984 308; x_wconf 89' lang='lat' dir='ltr'>praestare,</span> <span class='ocrx_word' id='word_1_8' title='bbox 1013 256 1212 307; x_wconf 83' lang='lat' dir='ltr'>singulis</span> <span class='ocrx_word' id='word_1_9' title='bbox 1240 257 1610 300; x_wconf 75' lang='lat' dir='ltr'>hebdomadibus</span> <span class='ocrx_word' id='word_1_10' title='bbox 1647 261 1900 302; x_wconf 88' lang='lat' dir='ltr'>confiteba-</span> 
     </span>
     <span class='ocr_line' id='line_1_3' title="bbox 254 328 1894 382; baseline 0.004 -14"><span class='ocrx_word' id='word_1_11' title='bbox 254 337 343 379; x_wconf 86' lang='lat' dir='ltr'>tur;</span> <span class='ocrx_word' id='word_1_12' title='bbox 376 328 499 379; x_wconf 92' lang='lat' dir='ltr'>quod</span> <span class='ocrx_word' id='word_1_13' title='bbox 529 328 701 368; x_wconf 90' lang='lat' dir='ltr'>bonum</span> <span class='ocrx_word' id='word_1_14' title='bbox 728 328 994 379; x_wconf 83' lang='lat' dir='ltr'>intelligens</span> <span class='ocrx_word' id='word_1_15' title='bbox 1023 333 1249 379; x_wconf 86' lang='lat' dir='ltr'>quantum</span> <span class='ocrx_word' id='word_1_16' title='bbox 1277 335 1420 381; x_wconf 89' lang='lat' dir='ltr'>esset,</span> <span class='ocrx_word' id='word_1_17' title='bbox 1445 331 1592 370; x_wconf 90' lang='lat' dir='ltr'>noluit</span> <span class='ocrx_word' id='word_1_18' title='bbox 1615 342 1894 382; x_wconf 76' lang='lat' dir='ltr'>germanam</span> 
     </span>
     <span class='ocr_line' id='line_1_4' title="bbox 253 399 1730 452; baseline 0.002 -12"><span class='ocrx_word' id='word_1_19' title='bbox 253 412 386 440; x_wconf 83' lang='lat' dir='ltr'>suam</span> <span class='ocrx_word' id='word_1_20' title='bbox 407 411 462 440; x_wconf 93' lang='lat' dir='ltr'>eo</span> <span class='ocrx_word' id='word_1_21' title='bbox 485 411 663 451; x_wconf 84' lang='lat' dir='ltr'>carere,</span> <span class='ocrx_word' id='word_1_22' title='bbox 688 400 763 440; x_wconf 88' lang='lat' dir='ltr'>cui</span> <span class='ocrx_word' id='word_1_23' title='bbox 784 400 931 440; x_wconf 87' lang='lat' dir='ltr'>suasit</span> <span class='ocrx_word' id='word_1_24' title='bbox 954 405 1002 438; x_wconf 92' lang='lat' dir='ltr'>ut</span> <span class='ocrx_word' id='word_1_25' title='bbox 1026 399 1149 439; x_wconf 90' lang='lat' dir='ltr'>idem</span> <span class='ocrx_word' id='word_1_26' title='bbox 1171 400 1294 450; x_wconf 91' lang='lat' dir='ltr'>quod</span> <span class='ocrx_word' id='word_1_27' title='bbox 1317 400 1420 451; x_wconf 91' lang='lat' dir='ltr'>ipsa</span> <span class='ocrx_word' id='word_1_28' title='bbox 1449 408 1730 452; x_wconf 67' lang='lat' dir='ltr'>praestaret.</span> 
     </span>
    </p>

    <p class='ocr_par' dir='ltr' id='par_1_3' title="bbox 247 470 1893 1085">
     <span class='ocr_line' id='line_1_5' title="bbox 331 470 1893 524; baseline 0.002 -12"><span class='ocrx_word' id='word_1_29' title='bbox 331 471 597 522; x_wconf 89' lang='lat' dir='ltr'>Praeterea,</span> <span class='ocrx_word' id='word_1_30' title='bbox 618 483 724 512; x_wconf 92' lang='lat' dir='ltr'>cum</span> <span class='ocrx_word' id='word_1_31' title='bbox 742 472 814 511; x_wconf 85' lang='lat' dir='ltr'>his</span> <span class='ocrx_word' id='word_1_32' title='bbox 832 482 976 522; x_wconf 90' lang='lat' dir='ltr'>prope</span> <span class='ocrx_word' id='word_1_33' title='bbox 995 470 1167 522; x_wconf 86' lang='lat' dir='ltr'>elapsis</span> <span class='ocrx_word' id='word_1_34' title='bbox 1183 470 1347 511; x_wconf 88' lang='lat' dir='ltr'>diebus</span> <span class='ocrx_word' id='word_1_35' title='bbox 1365 471 1424 511; x_wconf 91' lang='lat' dir='ltr'>ad</span> <span class='ocrx_word' id='word_1_36' title='bbox 1443 473 1695 524; x_wconf 79' lang='lat' dir='ltr'>quemdam</span> <span class='ocrx_word' id='word_1_37' title='bbox 1711 481 1893 515; x_wconf 90' lang='lat' dir='ltr'>nostro-</span> 
     </span>
     <span class='ocr_line' id='line_1_6' title="bbox 250 542 1892 594; baseline 0.002 -10"><span class='ocrx_word' id='word_1_38' title='bbox 250 555 353 584; x_wconf 91' lang='lat' dir='ltr'>rum</span> <span class='ocrx_word' id='word_1_39' title='bbox 370 544 649 584; x_wconf 77' lang='lat' dir='ltr'>accessisset</span> <span class='ocrx_word' id='word_1_40' title='bbox 671 543 740 583; x_wconf 86' lang='lat' dir='ltr'>uir</span> <span class='ocrx_word' id='word_1_41' title='bbox 758 543 962 594; x_wconf 86' lang='lat' dir='ltr'>quidam,</span> <span class='ocrx_word' id='word_1_42' title='bbox 988 542 1067 594; x_wconf 89' lang='lat' dir='ltr'>qui</span> <span class='ocrx_word' id='word_1_43' title='bbox 1089 548 1394 583; x_wconf 77' lang='lat' dir='ltr'>contraxerat</span> <span class='ocrx_word' id='word_1_44' title='bbox 1412 544 1765 586; x_wconf 81' lang='lat' dir='ltr'>matrimonium</span> <span class='ocrx_word' id='word_1_45' title='bbox 1785 557 1892 587; x_wconf 91' lang='lat' dir='ltr'>cum</span> 
     </span>
     <span class='ocr_line' id='line_1_7' title="bbox 252 613 1888 667; baseline 0.002 -13"><span class='ocrx_word' id='word_1_46' title='bbox 252 614 344 655; x_wconf 85' lang='lat' dir='ltr'>filia</span> <span class='ocrx_word' id='word_1_47' title='bbox 366 626 465 666; x_wconf 86' lang='lat' dir='ltr'>sua,</span> <span class='ocrx_word' id='word_1_48' title='bbox 490 626 646 666; x_wconf 85' lang='lat' dir='ltr'>quam,</span> <span class='ocrx_word' id='word_1_49' title='bbox 672 626 778 654; x_wconf 89' lang='lat' dir='ltr'>cum</span> <span class='ocrx_word' id='word_1_50' title='bbox 799 613 931 653; x_wconf 78' lang='lat' dir='ltr'>duxit</span> <span class='ocrx_word' id='word_1_51' title='bbox 948 624 1160 664; x_wconf 78' lang='lat' dir='ltr'>uxorem,</span> <span class='ocrx_word' id='word_1_52' title='bbox 1181 614 1434 664; x_wconf 83' lang='lat' dir='ltr'>ignorabat</span> <span class='ocrx_word' id='word_1_53' title='bbox 1451 614 1594 655; x_wconf 89' lang='lat' dir='ltr'>filiam</span> <span class='ocrx_word' id='word_1_54' title='bbox 1617 627 1752 657; x_wconf 91' lang='lat' dir='ltr'>suam</span> <span class='ocrx_word' id='word_1_55' title='bbox 1772 629 1888 667; x_wconf 83' lang='lat' dir='ltr'>esse,</span> 
     </span>
     <span class='ocr_line' id='line_1_8' title="bbox 250 684 1892 738; baseline 0.002 -12"><span class='ocrx_word' id='word_1_56' title='bbox 250 692 350 726; x_wconf 91' lang='lat' dir='ltr'>erat</span> <span class='ocrx_word' id='word_1_57' title='bbox 373 686 497 726; x_wconf 91' lang='lat' dir='ltr'>enim</span> <span class='ocrx_word' id='word_1_58' title='bbox 516 692 628 726; x_wconf 88' lang='lat' dir='ltr'>nata</span> <span class='ocrx_word' id='word_1_59' title='bbox 651 697 710 725; x_wconf 83' lang='lat' dir='ltr'>ex</span> <span class='ocrx_word' id='word_1_60' title='bbox 731 684 1009 735; x_wconf 89' lang='lat' dir='ltr'>concubina;</span> <span class='ocrx_word' id='word_1_61' title='bbox 1034 684 1114 724; x_wconf 88' lang='lat' dir='ltr'>sed</span> <span class='ocrx_word' id='word_1_62' title='bbox 1132 691 1297 736; x_wconf 87' lang='lat' dir='ltr'>postea</span> <span class='ocrx_word' id='word_1_63' title='bbox 1316 697 1365 725; x_wconf 90' lang='lat' dir='ltr'>re</span> <span class='ocrx_word' id='word_1_64' title='bbox 1382 686 1587 737; x_wconf 83' lang='lat' dir='ltr'>cognita,</span> <span class='ocrx_word' id='word_1_65' title='bbox 1614 687 1806 738; x_wconf 87' lang='lat' dir='ltr'>quidam</span> <span class='ocrx_word' id='word_1_66' title='bbox 1822 700 1892 729; x_wconf 90' lang='lat' dir='ltr'>sa-</span> 
     </span>
     <span class='ocr_line' id='line_1_9' title="bbox 248 756 1889 811; baseline 0.001 -13"><span class='ocrx_word' id='word_1_67' title='bbox 248 758 415 798; x_wconf 89' lang='lat' dir='ltr'>cerdos</span> <span class='ocrx_word' id='word_1_68' title='bbox 442 769 547 797; x_wconf 92' lang='lat' dir='ltr'>eum</span> <span class='ocrx_word' id='word_1_69' title='bbox 579 756 779 797; x_wconf 88' lang='lat' dir='ltr'>absoluit</span> <span class='ocrx_word' id='word_1_70' title='bbox 810 761 1001 807; x_wconf 88' lang='lat' dir='ltr'>propter</span> <span class='ocrx_word' id='word_1_71' title='bbox 1033 756 1193 796; x_wconf 87' lang='lat' dir='ltr'>nescio</span> <span class='ocrx_word' id='word_1_72' title='bbox 1227 767 1368 808; x_wconf 89' lang='lat' dir='ltr'>quam</span> <span class='ocrx_word' id='word_1_73' title='bbox 1403 757 1603 809; x_wconf 89' lang='lat' dir='ltr'>bullam,</span> <span class='ocrx_word' id='word_1_74' title='bbox 1637 770 1719 810; x_wconf 87' lang='lat' dir='ltr'>per</span> <span class='ocrx_word' id='word_1_75' title='bbox 1751 771 1889 811; x_wconf 86' lang='lat' dir='ltr'>quam</span> 
     </span>
     <span class='ocr_line' id='line_1_10' title="bbox 247 827 1887 879; baseline 0.001 -10"><span class='ocrx_word' id='word_1_76' title='bbox 247 829 470 870; x_wconf 80' lang='lat' dir='ltr'>sacerdos</span> <span class='ocrx_word' id='word_1_77' title='bbox 492 828 794 869; x_wconf 82' lang='lat' dir='ltr'>existimabat</span> <span class='ocrx_word' id='word_1_78' title='bbox 815 828 908 867; x_wconf 89' lang='lat' dir='ltr'>tale</span> <span class='ocrx_word' id='word_1_79' title='bbox 930 827 1063 867; x_wconf 87' lang='lat' dir='ltr'>nefas</span> <span class='ocrx_word' id='word_1_80' title='bbox 1086 839 1224 879; x_wconf 88' lang='lat' dir='ltr'>posse</span> <span class='ocrx_word' id='word_1_81' title='bbox 1247 828 1444 869; x_wconf 90' lang='lat' dir='ltr'>absolui:</span> <span class='ocrx_word' id='word_1_82' title='bbox 1467 829 1589 869; x_wconf 93' lang='lat' dir='ltr'>unde</span> <span class='ocrx_word' id='word_1_83' title='bbox 1612 829 1683 870; x_wconf 89' lang='lat' dir='ltr'>uir</span> <span class='ocrx_word' id='word_1_84' title='bbox 1705 830 1792 870; x_wconf 90' lang='lat' dir='ltr'>iste</span> <span class='ocrx_word' id='word_1_85' title='bbox 1815 830 1887 872; x_wconf 90' lang='lat' dir='ltr'>de-</span> 
     </span>
     <span class='ocr_line' id='line_1_11' title="bbox 247 899 1893 950; baseline 0.001 -9"><span class='ocrx_word' id='word_1_86' title='bbox 247 913 349 941; x_wconf 93' lang='lat' dir='ltr'>cem</span> <span class='ocrx_word' id='word_1_87' title='bbox 377 907 421 941; x_wconf 91' lang='lat' dir='ltr'>et</span> <span class='ocrx_word' id='word_1_88' title='bbox 452 912 536 941; x_wconf 79' lang='lat' dir='ltr'>sex</span> <span class='ocrx_word' id='word_1_89' title='bbox 563 907 642 940; x_wconf 91' lang='lat' dir='ltr'>aut</span> <span class='ocrx_word' id='word_1_90' title='bbox 678 899 840 940; x_wconf 92' lang='lat' dir='ltr'>decem</span> <span class='ocrx_word' id='word_1_91' title='bbox 869 905 913 939; x_wconf 88' lang='lat' dir='ltr'>et</span> <span class='ocrx_word' id='word_1_92' title='bbox 942 904 1121 950; x_wconf 86' lang='lat' dir='ltr'>septem</span> <span class='ocrx_word' id='word_1_93' title='bbox 1153 899 1290 938; x_wconf 90' lang='lat' dir='ltr'>annis</span> <span class='ocrx_word' id='word_1_94' title='bbox 1326 900 1708 942; x_wconf 88' lang='lat' dir='ltr'>communicauit.</span> <span class='ocrx_word' id='word_1_95' title='bbox 1749 901 1893 942; x_wconf 83' lang='lat' dir='ltr'>Pater</span> 
     </span>
     <span class='ocr_line' id='line_1_12' title="bbox 248 969 1889 1022; baseline 0.001 -9"><span class='ocrx_word' id='word_1_96' title='bbox 248 984 354 1013; x_wconf 92' lang='lat' dir='ltr'>eum</span> <span class='ocrx_word' id='word_1_97' title='bbox 375 973 624 1013; x_wconf 87' lang='lat' dir='ltr'>certiorem</span> <span class='ocrx_word' id='word_1_98' title='bbox 644 971 754 1011; x_wconf 87' lang='lat' dir='ltr'>fecit</span> <span class='ocrx_word' id='word_1_99' title='bbox 777 969 832 1011; x_wconf 89' lang='lat' dir='ltr'>de</span> <span class='ocrx_word' id='word_1_100' title='bbox 854 970 1063 1022; x_wconf 84' lang='lat' dir='ltr'>periculo</span> <span class='ocrx_word' id='word_1_101' title='bbox 1087 970 1271 1010; x_wconf 90' lang='lat' dir='ltr'>animae</span> <span class='ocrx_word' id='word_1_102' title='bbox 1293 982 1422 1021; x_wconf 88' lang='lat' dir='ltr'>suae,</span> <span class='ocrx_word' id='word_1_103' title='bbox 1447 978 1491 1011; x_wconf 90' lang='lat' dir='ltr'>et</span> <span class='ocrx_word' id='word_1_104' title='bbox 1519 972 1584 1011; x_wconf 90' lang='lat' dir='ltr'>ita</span> <span class='ocrx_word' id='word_1_105' title='bbox 1615 973 1690 1013; x_wconf 90' lang='lat' dir='ltr'>vir</span> <span class='ocrx_word' id='word_1_106' title='bbox 1715 973 1889 1014; x_wconf 85' lang='lat' dir='ltr'>dimisit</span> 
     </span>
     <span class='ocr_line' id='line_1_13' title="bbox 249 1056 459 1085; baseline -0.01 -1"><span class='ocrx_word' id='word_1_107' title='bbox 249 1056 459 1085; x_wconf 79' lang='lat' dir='ltr'>uxorem.</span> 
     </span>
    </p>

    <p class='ocr_par' dir='ltr' id='par_1_4' title="bbox 229 1112 1889 1955">
     <span class='ocr_line' id='line_1_14' title="bbox 324 1112 1889 1166; baseline 0.001 -11"><span class='ocrx_word' id='word_1_108' title='bbox 324 1116 383 1156; x_wconf 88' lang='lat' dir='ltr'>Et</span> <span class='ocrx_word' id='word_1_109' title='bbox 411 1116 527 1156; x_wconf 89' lang='lat' dir='ltr'>haec</span> <span class='ocrx_word' id='word_1_110' title='bbox 554 1121 681 1165; x_wconf 89' lang='lat' dir='ltr'>sunt,</span> <span class='ocrx_word' id='word_1_111' title='bbox 714 1125 833 1166; x_wconf 88' lang='lat' dir='ltr'>quae</span> <span class='ocrx_word' id='word_1_112' title='bbox 863 1115 992 1165; x_wconf 92' lang='lat' dir='ltr'>potui</span> <span class='ocrx_word' id='word_1_113' title='bbox 1024 1119 1132 1153; x_wconf 88' lang='lat' dir='ltr'>tuae</span> <span class='ocrx_word' id='word_1_114' title='bbox 1167 1112 1291 1153; x_wconf 73' lang='lat' dir='ltr'>R.dae</span> <span class='ocrx_word' id='word_1_115' title='bbox 1316 1113 1597 1154; x_wconf 74' lang='lat' dir='ltr'>paternitati</span> <span class='ocrx_word' id='word_1_116' title='bbox 1627 1115 1684 1155; x_wconf 90' lang='lat' dir='ltr'>de</span> <span class='ocrx_word' id='word_1_117' title='bbox 1713 1116 1889 1156; x_wconf 89' lang='lat' dir='ltr'>nostris</span> 
     </span>
     <span class='ocr_line' id='line_1_15' title="bbox 244 1185 1885 1237; baseline 0.001 -10"><span class='ocrx_word' id='word_1_118' title='bbox 244 1188 460 1228; x_wconf 85' lang='lat' dir='ltr'>Patribus</span> <span class='ocrx_word' id='word_1_119' title='bbox 482 1187 704 1227; x_wconf 83' lang='lat' dir='ltr'>scribere:</span> <span class='ocrx_word' id='word_1_120' title='bbox 728 1186 783 1226; x_wconf 92' lang='lat' dir='ltr'>de</span> <span class='ocrx_word' id='word_1_121' title='bbox 805 1185 1101 1226; x_wconf 84' lang='lat' dir='ltr'>scholasticis</span> <span class='ocrx_word' id='word_1_122' title='bbox 1123 1185 1187 1225; x_wconf 88' lang='lat' dir='ltr'>nil</span> <span class='ocrx_word' id='word_1_123' title='bbox 1207 1190 1277 1225; x_wconf 93' lang='lat' dir='ltr'>est</span> <span class='ocrx_word' id='word_1_124' title='bbox 1299 1185 1424 1237; x_wconf 89' lang='lat' dir='ltr'>quod</span> <span class='ocrx_word' id='word_1_125' title='bbox 1441 1185 1610 1237; x_wconf 85' lang='lat' dir='ltr'>dicam,</span> <span class='ocrx_word' id='word_1_126' title='bbox 1631 1186 1721 1227; x_wconf 88' lang='lat' dir='ltr'>nisi</span> <span class='ocrx_word' id='word_1_127' title='bbox 1738 1199 1818 1227; x_wconf 90' lang='lat' dir='ltr'>eos</span> <span class='ocrx_word' id='word_1_128' title='bbox 1837 1188 1885 1228; x_wconf 89' lang='lat' dir='ltr'>in</span> 
     </span>
     <span class='ocr_line' id='line_1_16' title="bbox 243 1256 1884 1310; baseline -0.001 -11"><span class='ocrx_word' id='word_1_129' title='bbox 243 1259 410 1310; x_wconf 86' lang='lat' dir='ltr'>spiritu</span> <span class='ocrx_word' id='word_1_130' title='bbox 431 1258 710 1309; x_wconf 87' lang='lat' dir='ltr'>obedientia,</span> <span class='ocrx_word' id='word_1_131' title='bbox 734 1257 896 1308; x_wconf 90' lang='lat' dir='ltr'>literis,</span> <span class='ocrx_word' id='word_1_132' title='bbox 921 1256 1178 1307; x_wconf 80' lang='lat' dir='ltr'>modestia,</span> <span class='ocrx_word' id='word_1_133' title='bbox 1203 1257 1250 1296; x_wconf 91' lang='lat' dir='ltr'>in</span> <span class='ocrx_word' id='word_1_134' title='bbox 1278 1256 1378 1296; x_wconf 88' lang='lat' dir='ltr'>dies</span> <span class='ocrx_word' id='word_1_135' title='bbox 1405 1256 1657 1308; x_wconf 85' lang='lat' dir='ltr'>proficere:</span> <span class='ocrx_word' id='word_1_136' title='bbox 1688 1258 1884 1309; x_wconf 86' lang='lat' dir='ltr'>singulis</span> 
     </span>
     <span class='ocr_line' id='line_1_17' title="bbox 241 1327 1885 1379; baseline -0.001 -8"><span class='ocrx_word' id='word_1_137' title='bbox 241 1331 402 1371; x_wconf 88' lang='lat' dir='ltr'>diebus</span> <span class='ocrx_word' id='word_1_138' title='bbox 432 1329 679 1370; x_wconf 89' lang='lat' dir='ltr'>dominicis</span> <span class='ocrx_word' id='word_1_139' title='bbox 706 1327 1021 1369; x_wconf 89' lang='lat' dir='ltr'>defenduntur</span> <span class='ocrx_word' id='word_1_140' title='bbox 1048 1328 1311 1379; x_wconf 88' lang='lat' dir='ltr'>positiones</span> <span class='ocrx_word' id='word_1_141' title='bbox 1346 1339 1429 1368; x_wconf 91' lang='lat' dir='ltr'>seu</span> <span class='ocrx_word' id='word_1_142' title='bbox 1462 1328 1674 1370; x_wconf 89' lang='lat' dir='ltr'>scholae:</span> <span class='ocrx_word' id='word_1_143' title='bbox 1706 1329 1765 1370; x_wconf 92' lang='lat' dir='ltr'>ad</span> <span class='ocrx_word' id='word_1_144' title='bbox 1797 1329 1885 1370; x_wconf 92' lang='lat' dir='ltr'>has</span> 
     </span>
     <span class='ocr_line' id='line_1_18' title="bbox 238 1398 1881 1453; baseline -0.001 -11"><span class='ocrx_word' id='word_1_145' title='bbox 238 1403 370 1442; x_wconf 90' lang='lat' dir='ltr'>multi</span> <span class='ocrx_word' id='word_1_146' title='bbox 391 1401 663 1442; x_wconf 81' lang='lat' dir='ltr'>scholastici</span> <span class='ocrx_word' id='word_1_147' title='bbox 684 1400 877 1440; x_wconf 82' lang='lat' dir='ltr'>veniunt</span> <span class='ocrx_word' id='word_1_148' title='bbox 898 1398 1261 1451; x_wconf 83' lang='lat' dir='ltr'>argumentandi</span> <span class='ocrx_word' id='word_1_149' title='bbox 1282 1400 1452 1450; x_wconf 86' lang='lat' dir='ltr'>gratia,</span> <span class='ocrx_word' id='word_1_150' title='bbox 1488 1405 1532 1440; x_wconf 91' lang='lat' dir='ltr'>et</span> <span class='ocrx_word' id='word_1_151' title='bbox 1559 1406 1627 1440; x_wconf 92' lang='lat' dir='ltr'>tot</span> <span class='ocrx_word' id='word_1_152' title='bbox 1658 1407 1708 1440; x_wconf 93' lang='lat' dir='ltr'>ut</span> <span class='ocrx_word' id='word_1_153' title='bbox 1738 1412 1881 1453; x_wconf 82' lang='lat' dir='ltr'>saepe.</span> 
     </span>
     <span class='ocr_line' id='line_1_19' title="bbox 238 1471 1883 1524; baseline -0.001 -10"><span class='ocrx_word' id='word_1_154' title='bbox 238 1486 329 1514; x_wconf 86' lang='lat' dir='ltr'>non</span> <span class='ocrx_word' id='word_1_155' title='bbox 352 1474 459 1514; x_wconf 89' lang='lat' dir='ltr'>licet</span> <span class='ocrx_word' id='word_1_156' title='bbox 480 1473 734 1524; x_wconf 88' lang='lat' dir='ltr'>vnicuique</span> <span class='ocrx_word' id='word_1_157' title='bbox 755 1483 1019 1523; x_wconf 88' lang='lat' dir='ltr'>proponere</span> <span class='ocrx_word' id='word_1_158' title='bbox 1040 1471 1129 1511; x_wconf 89' lang='lat' dir='ltr'>nisi</span> <span class='ocrx_word' id='word_1_159' title='bbox 1147 1471 1254 1522; x_wconf 91' lang='lat' dir='ltr'>duo,</span> <span class='ocrx_word' id='word_1_160' title='bbox 1275 1477 1354 1511; x_wconf 90' lang='lat' dir='ltr'>aut</span> <span class='ocrx_word' id='word_1_161' title='bbox 1373 1471 1433 1511; x_wconf 88' lang='lat' dir='ltr'>ad</span> <span class='ocrx_word' id='word_1_162' title='bbox 1450 1482 1683 1511; x_wconf 88' lang='lat' dir='ltr'>summurn</span> <span class='ocrx_word' id='word_1_163' title='bbox 1706 1472 1795 1512; x_wconf 88' lang='lat' dir='ltr'>tria</span> <span class='ocrx_word' id='word_1_164' title='bbox 1813 1484 1883 1512; x_wconf 89' lang='lat' dir='ltr'>ar-</span> 
     </span>
     <span class='ocr_line' id='line_1_20' title="bbox 235 1543 1881 1596; baseline -0.001 -10"><span class='ocrx_word' id='word_1_165' title='bbox 235 1551 480 1596; x_wconf 81' lang='lat' dir='ltr'>gumenta,</span> <span class='ocrx_word' id='word_1_166' title='bbox 503 1551 553 1585; x_wconf 90' lang='lat' dir='ltr'>ut</span> <span class='ocrx_word' id='word_1_167' title='bbox 577 1544 794 1584; x_wconf 91' lang='lat' dir='ltr'>omnibus</span> <span class='ocrx_word' id='word_1_168' title='bbox 815 1550 999 1594; x_wconf 88' lang='lat' dir='ltr'>tempus</span> <span class='ocrx_word' id='word_1_169' title='bbox 1030 1549 1248 1594; x_wconf 82' lang='lat' dir='ltr'>suppetat</span> <span class='ocrx_word' id='word_1_170' title='bbox 1279 1543 1666 1594; x_wconf 81' lang='lat' dir='ltr'>argumentandi:</span> <span class='ocrx_word' id='word_1_171' title='bbox 1691 1543 1738 1583; x_wconf 93' lang='lat' dir='ltr'>in</span> <span class='ocrx_word' id='word_1_172' title='bbox 1759 1543 1881 1584; x_wconf 86' lang='lat' dir='ltr'>Aca-</span> 
     </span>
     <span class='ocr_line' id='line_1_21' title="bbox 235 1614 1882 1667; baseline -0.001 -10"><span class='ocrx_word' id='word_1_173' title='bbox 235 1617 389 1657; x_wconf 87' lang='lat' dir='ltr'>demia</span> <span class='ocrx_word' id='word_1_174' title='bbox 413 1615 439 1667; x_wconf 87' lang='lat'>¹,</span> <span class='ocrx_word' id='word_1_175' title='bbox 464 1616 511 1656; x_wconf 89' lang='lat' dir='ltr'>in</span> <span class='ocrx_word' id='word_1_176' title='bbox 533 1615 763 1656; x_wconf 89' lang='lat' dir='ltr'>modestia</span> <span class='ocrx_word' id='word_1_177' title='bbox 792 1620 836 1654; x_wconf 90' lang='lat' dir='ltr'>et</span> <span class='ocrx_word' id='word_1_178' title='bbox 864 1615 911 1654; x_wconf 91' lang='lat' dir='ltr'>in</span> <span class='ocrx_word' id='word_1_179' title='bbox 933 1614 1097 1665; x_wconf 90' lang='lat' dir='ltr'>literis,</span> <span class='ocrx_word' id='word_1_180' title='bbox 1128 1625 1265 1654; x_wconf 90' lang='lat' dir='ltr'>nemo</span> <span class='ocrx_word' id='word_1_181' title='bbox 1287 1614 1392 1653; x_wconf 86' lang='lat' dir='ltr'>illos</span> <span class='ocrx_word' id='word_1_182' title='bbox 1420 1621 1635 1665; x_wconf 88' lang='lat' dir='ltr'>superat:</span> <span class='ocrx_word' id='word_1_183' title='bbox 1658 1621 1754 1655; x_wconf 84' lang='lat' dir='ltr'>tres</span> <span class='ocrx_word' id='word_1_184' title='bbox 1774 1621 1882 1655; x_wconf 89' lang='lat' dir='ltr'>sunt</span> 
     </span>
     <span class='ocr_line' id='line_1_22' title="bbox 234 1685 1880 1738; baseline -0.001 -11"><span class='ocrx_word' id='word_1_185' title='bbox 234 1688 425 1729; x_wconf 85' lang='lat' dir='ltr'>admissi</span> <span class='ocrx_word' id='word_1_186' title='bbox 447 1688 495 1728; x_wconf 90' lang='lat' dir='ltr'>in</span> <span class='ocrx_word' id='word_1_187' title='bbox 515 1686 774 1738; x_wconf 84' lang='lat' dir='ltr'>Societate;</span> <span class='ocrx_word' id='word_1_188' title='bbox 798 1697 1000 1738; x_wconf 87' lang='lat' dir='ltr'>quorum</span> <span class='ocrx_word' id='word_1_189' title='bbox 1021 1697 1143 1726; x_wconf 85' lang='lat' dir='ltr'>Vnus</span> <span class='ocrx_word' id='word_1_190' title='bbox 1165 1686 1211 1725; x_wconf 91' lang='lat' dir='ltr'>in</span> <span class='ocrx_word' id='word_1_191' title='bbox 1233 1685 1464 1725; x_wconf 83' lang='lat' dir='ltr'>latinitate</span> <span class='ocrx_word' id='word_1_192' title='bbox 1485 1687 1682 1726; x_wconf 91' lang='lat' dir='ltr'>multum</span> <span class='ocrx_word' id='word_1_193' title='bbox 1705 1686 1880 1726; x_wconf 81' lang='lat' dir='ltr'>exerci-</span> 
     </span>
     <span class='ocr_line' id='line_1_23' title="bbox 232 1756 1880 1811; baseline -0.002 -10"><span class='ocrx_word' id='word_1_194' title='bbox 232 1766 375 1811; x_wconf 84' lang='lat' dir='ltr'>tatus,</span> <span class='ocrx_word' id='word_1_195' title='bbox 400 1759 492 1800; x_wconf 92' lang='lat' dir='ltr'>duo</span> <span class='ocrx_word' id='word_1_196' title='bbox 524 1760 737 1800; x_wconf 89' lang='lat' dir='ltr'>ualentes</span> <span class='ocrx_word' id='word_1_197' title='bbox 768 1757 1004 1798; x_wconf 88' lang='lat' dir='ltr'>dialectici</span> <span class='ocrx_word' id='word_1_198' title='bbox 1033 1763 1077 1797; x_wconf 91' lang='lat' dir='ltr'>et</span> <span class='ocrx_word' id='word_1_199' title='bbox 1104 1756 1390 1808; x_wconf 87' lang='lat' dir='ltr'>philosophi;</span> <span class='ocrx_word' id='word_1_200' title='bbox 1422 1757 1503 1808; x_wconf 87' lang='lat' dir='ltr'>qui</span> <span class='ocrx_word' id='word_1_201' title='bbox 1531 1763 1575 1797; x_wconf 89' lang='lat' dir='ltr'>et</span> <span class='ocrx_word' id='word_1_202' title='bbox 1602 1768 1688 1797; x_wconf 92' lang='lat' dir='ltr'>nos</span> <span class='ocrx_word' id='word_1_203' title='bbox 1719 1769 1880 1798; x_wconf 91' lang='lat' dir='ltr'>omnes</span> 
     </span>
     <span class='ocr_line' id='line_1_24' title="bbox 232 1827 1876 1883; baseline -0.003 -11"><span class='ocrx_word' id='word_1_204' title='bbox 232 1831 545 1883; x_wconf 83' lang='lat' dir='ltr'>indignissimi</span> <span class='ocrx_word' id='word_1_205' title='bbox 576 1830 654 1871; x_wconf 86' lang='lat' dir='ltr'>filii</span> <span class='ocrx_word' id='word_1_206' title='bbox 683 1829 749 1870; x_wconf 88' lang='lat' dir='ltr'>tui</span> <span class='ocrx_word' id='word_1_207' title='bbox 777 1829 948 1870; x_wconf 75' lang='lat' dir='ltr'>obnixe</span> <span class='ocrx_word' id='word_1_208' title='bbox 982 1829 1293 1880; x_wconf 87' lang='lat' dir='ltr'>postulamus,</span> <span class='ocrx_word' id='word_1_209' title='bbox 1332 1833 1381 1868; x_wconf 93' lang='lat' dir='ltr'>ut</span> <span class='ocrx_word' id='word_1_210' title='bbox 1417 1840 1444 1868; x_wconf 92' lang='lat' dir='ltr'>a</span> <span class='ocrx_word' id='word_1_211' title='bbox 1480 1827 1581 1868; x_wconf 91' lang='lat' dir='ltr'>Deo</span> <span class='ocrx_word' id='word_1_212' title='bbox 1617 1834 1712 1880; x_wconf 90' lang='lat' dir='ltr'>opt.</span> <span class='ocrx_word' id='word_1_213' title='bbox 1750 1840 1876 1869; x_wconf 87' lang='lat' dir='ltr'>max.</span> 
     </span>
     <span class='ocr_line' id='line_1_25' title="bbox 229 1899 1876 1955; baseline -0.002 -11"><span class='ocrx_word' id='word_1_214' title='bbox 229 1915 414 1955; x_wconf 88' lang='lat' dir='ltr'>semper</span> <span class='ocrx_word' id='word_1_215' title='bbox 442 1902 508 1954; x_wconf 90' lang='lat' dir='ltr'>(ut</span> <span class='ocrx_word' id='word_1_216' title='bbox 532 1901 666 1952; x_wconf 86' lang='lat' dir='ltr'>facis)</span> <span class='ocrx_word' id='word_1_217' title='bbox 696 1908 843 1953; x_wconf 87' lang='lat' dir='ltr'>petas,</span> <span class='ocrx_word' id='word_1_218' title='bbox 876 1906 923 1940; x_wconf 90' lang='lat' dir='ltr'>ut</span> <span class='ocrx_word' id='word_1_219' title='bbox 951 1900 997 1940; x_wconf 90' lang='lat' dir='ltr'>in</span> <span class='ocrx_word' id='word_1_220' title='bbox 1024 1900 1103 1940; x_wconf 87' lang='lat' dir='ltr'>uia</span> <span class='ocrx_word' id='word_1_221' title='bbox 1130 1899 1462 1940; x_wconf 88' lang='lat' dir='ltr'>mandatorum</span> <span class='ocrx_word' id='word_1_222' title='bbox 1494 1905 1539 1939; x_wconf 92' lang='lat' dir='ltr'>et</span> <span class='ocrx_word' id='word_1_223' title='bbox 1570 1899 1876 1941; x_wconf 90' lang='lat' dir='ltr'>consiliorum</span> 
     </span>
    </p>
   </div>
   <div class='ocr_carea' id='block_1_3' title="bbox 229 1974 1264 2239">
    <p class='ocr_par' dir='ltr' id='par_1_5' title="bbox 229 1974 1264 2239">
     <span class='ocr_line' id='line_1_26' title="bbox 229 1974 994 2016; baseline -0.005 -1"><span class='ocrx_word' id='word_1_224' title='bbox 229 1975 329 2016; x_wconf 89' lang='lat' dir='ltr'>eius</span> <span class='ocrx_word' id='word_1_225' title='bbox 351 1974 538 2014; x_wconf 85' lang='lat' dir='ltr'>assidue</span> <span class='ocrx_word' id='word_1_226' title='bbox 560 1985 646 2014; x_wconf 92' lang='lat' dir='ltr'>nos</span> <span class='ocrx_word' id='word_1_227' title='bbox 669 1983 994 2013; x_wconf 84' lang='lat' dir='ltr'>exerceamus.</span> 
     </span>
     <span class='ocr_line' id='line_1_27' title="bbox 307 2042 1264 2096; baseline -0.006 -9"><span class='ocrx_word' id='word_1_228' title='bbox 307 2046 427 2087; x_wconf 88' lang='lat' dir='ltr'>Vale</span> <span class='ocrx_word' id='word_1_229' title='bbox 448 2045 495 2085; x_wconf 88' lang='lat' dir='ltr'>in</span> <span class='ocrx_word' id='word_1_230' title='bbox 518 2044 706 2085; x_wconf 88' lang='lat' dir='ltr'>Christo</span> <span class='ocrx_word' id='word_1_231' title='bbox 727 2043 838 2096; x_wconf 90' lang='lat' dir='ltr'>Jesu</span> <span class='ocrx_word' id='word_1_232' title='bbox 859 2042 1064 2083; x_wconf 89' lang='lat' dir='ltr'>Domino</span> <span class='ocrx_word' id='word_1_233' title='bbox 1086 2048 1264 2082; x_wconf 91' lang='lat' dir='ltr'>nostro.</span> 
     </span>
     <span class='ocr_line' id='line_1_28' title="bbox 385 2113 1196 2166; baseline -0.005 -9"><span class='ocrx_word' id='word_1_234' title='bbox 385 2116 651 2166; x_wconf 87' lang='lat' dir='ltr'>Valentiae,</span> <span class='ocrx_word' id='word_1_235' title='bbox 675 2115 700 2155; x_wconf 67' lang='lat'>4</span> <span class='ocrx_word' id='word_1_236' title='bbox 722 2116 809 2155; x_wconf 93' lang='lat' dir='ltr'>cal.</span> <span class='ocrx_word' id='word_1_237' title='bbox 833 2113 1052 2166; x_wconf 87' lang='lat' dir='ltr'>Januarii</span> <span class='ocrx_word' id='word_1_238' title='bbox 1078 2113 1196 2153; x_wconf 88' lang='lat'><strong>1555.</strong></span> 
     </span>
     <span class='ocr_line' id='line_1_29' title="bbox 439 2187 1005 2239; baseline -0.005 -11"><span class='ocrx_word' id='word_1_239' title='bbox 439 2187 799 2239; x_wconf 79' lang='lat' dir='ltr'>Indignissimus</span> <span class='ocrx_word' id='word_1_240' title='bbox 822 2197 1005 2236; x_wconf 85' lang='lat' dir='ltr'>seruus,</span> 
     </span>
    </p>
   </div>
   <div class='ocr_carea' id='block_1_4' title="bbox 968 2327 1651 2368">
    <p class='ocr_par' dir='ltr' id='par_1_6' title="bbox 968 2327 1651 2368">
     <span class='ocr_line' id='line_1_30' title="bbox 968 2327 1651 2368; baseline -0.001 0"><span class='ocrx_word' id='word_1_241' title='bbox 968 2327 1150 2368; x_wconf 80' lang='lat' dir='ltr'>PErRUS</span> <span class='ocrx_word' id='word_1_242' title='bbox 1181 2327 1414 2367; x_wconf 74' lang='lat' dir='ltr'>Luboicus</span> <span class='ocrx_word' id='word_1_243' title='bbox 1445 2327 1651 2367; x_wconf 67' lang='lat' dir='ltr'><strong>BEUTER.</strong></span> 
     </span>
    </p>
   </div>
   <div class='ocr_carea' id='block_1_5' title="bbox 220 2538 1865 2667">
    <p class='ocr_par' dir='ltr' id='par_1_7' title="bbox 220 2538 1865 2667">
     <span class='ocr_line' id='line_1_31' title="bbox 303 2538 1865 2596; baseline -0.004 -12"><span class='ocrx_word' id='word_1_244' title='bbox 303 2544 660 2596; x_wconf 74' lang='lat' dir='ltr'>Superscm&#39;ptlo</span> <span class='ocrx_word' id='word_1_245' title='bbox 682 2544 732 2583; x_wconf 72' lang='lat' dir='ltr'>ln</span> <span class='ocrx_word' id='word_1_246' title='bbox 755 2546 931 2595; x_wconf 72' lang='lat' dir='ltr'>quarta</span> <span class='ocrx_word' id='word_1_247' title='bbox 955 2541 1176 2594; x_wconf 72' lang='lat' dir='ltr'>pagina:</span> <span class='ocrx_word' id='word_1_248' title='bbox 1206 2539 1479 2581; x_wconf 83' lang='lat' dir='ltr'>Admodum</span> <span class='ocrx_word' id='word_1_249' title='bbox 1507 2538 1785 2579; x_wconf 82' lang='lat' dir='ltr'>Reuerendo</span> <span class='ocrx_word' id='word_1_250' title='bbox 1818 2539 1865 2579; x_wconf 85' lang='lat' dir='ltr'>in</span> 
     </span>
     <span class='ocr_line' id='line_1_32' title="bbox 220 2610 1860 2667; baseline -0.004 -10"><span class='ocrx_word' id='word_1_251' title='bbox 220 2617 303 2656; x_wconf 50' lang='grc' dir='ltr'>ΧΠ</span> <span class='ocrx_word' id='word_1_252' title='bbox 344 2616 470 2657; x_wconf 80' lang='lat' dir='ltr'>Patri</span> <span class='ocrx_word' id='word_1_253' title='bbox 510 2616 570 2657; x_wconf 91' lang='lat' dir='ltr'>M.</span> <span class='ocrx_word' id='word_1_254' title='bbox 597 2614 825 2667; x_wconf 67' lang='lat' dir='ltr'>ignatio,</span> <span class='ocrx_word' id='word_1_255' title='bbox 869 2613 1146 2665; x_wconf 86' lang='lat' dir='ltr'>Praeposito</span> <span class='ocrx_word' id='word_1_256' title='bbox 1188 2611 1400 2663; x_wconf 82' lang='lat' dir='ltr'>generali</span> <span class='ocrx_word' id='word_1_257' title='bbox 1441 2610 1691 2652; x_wconf 85' lang='lat' dir='ltr'>Societatis</span> <span class='ocrx_word' id='word_1_258' title='bbox 1732 2611 1860 2663; x_wconf 91' lang='lat' dir='ltr'>Jesu.</span> 
     </span>
    </p>
   </div>
   <div class='ocr_carea' id='block_1_6' title="bbox 223 2688 1796 2807">
    <p class='ocr_par' dir='ltr' id='par_1_8' title="bbox 223 2688 1796 2807">
     <span class='ocr_line' id='line_1_33' title="bbox 223 2688 439 2728; baseline -0.009 0"><span class='ocrx_word' id='word_1_259' title='bbox 223 2688 439 2728; x_wconf 81' lang='lat' dir='ltr'>Romam.</span> 
     </span>
     <span class='ocr_line' id='line_1_34' title="bbox 300 2752 1796 2807; baseline -0.003 -8"><span class='ocrx_word' id='word_1_260' title='bbox 300 2759 412 2799; x_wconf 66' lang='lat' dir='ltr'>Alsa</span> <span class='ocrx_word' id='word_1_261' title='bbox 434 2770 598 2799; x_wconf 71' lang='lat' dir='ltr'>malm:</span> <span class='ocrx_word' id='word_1_262' title='bbox 623 2757 737 2798; x_wconf 86' lang='lat'><strong>1555.</strong></span> <span class='ocrx_word' id='word_1_263' title='bbox 762 2756 1000 2798; x_wconf 87' lang='lat' dir='ltr'>Valentia.</span> <span class='ocrx_word' id='word_1_264' title='bbox 1026 2755 1409 2807; x_wconf 83' lang='lat' dir='ltr'>Quadrimestres</span> <span class='ocrx_word' id='word_1_265' title='bbox 1429 2753 1482 2793; x_wconf 81' lang='lat'>29</span> <span class='ocrx_word' id='word_1_266' title='bbox 1503 2752 1796 2794; x_wconf 80' lang='lat' dir='ltr'>Decembris,</span> 
     </span>
    </p>
   </div>
   <div class='ocr_carea' id='block_1_7' title="bbox 274 2917 1032 2952">
    <p class='ocr_par' dir='ltr' id='par_1_9' title="bbox 274 2917 1032 2952">
     <span class='ocr_line' id='line_1_35' title="bbox 274 2917 1032 2952; baseline -0.003 -7"><span class='ocrx_word' id='word_1_267' title='bbox 274 2920 282 2938; x_wconf 86' lang='lat'><strong>¹</strong></span> <span class='ocrx_word' id='word_1_268' title='bbox 324 2919 479 2952; x_wconf 68' lang='lat' dir='ltr'>Intellige</span> <span class='ocrx_word' id='word_1_269' title='bbox 497 2918 721 2945; x_wconf 58' lang='lat' dir='ltr'>Valentinum</span> <span class='ocrx_word' id='word_1_270' title='bbox 738 2917 1032 2946; x_wconf 78' lang='lat' dir='ltr'>Universitatem.</span> 
     </span>
    </p>
   </div>
  </div>
 </body>
</html>
