2047 3179
931 156 1011 193 AN.
1045 157 1135 193 1555
1784 162 1854 197 215

215 251 433 292 intimum
469 252 625 292 cordis
656 253 726 292 sui
757 252 992 302 patefecit,
1025 252 1181 292 diuino
1212 253 1356 292 fretus
1386 254 1574 303 auxilio,
1610 256 1853 306 alloquens

214 321 443 371 quosdam
474 335 572 363 rem
603 335 786 363 omnem
816 323 1126 374 compescuit,
1158 330 1201 362 et
1229 329 1323 362 tam
1352 334 1575 372 magnam
1602 331 1848 376 tempesta-

206 397 307 431 tem
329 394 525 444 sedauit,
550 401 689 445 atque
712 393 864 433 effecit
893 400 943 432 vt
973 393 1170 433 libenter
1200 394 1391 444 cognati
1423 395 1522 434 eius
1554 396 1852 436 matrimonio

214 465 568 504 assentirentur.
589 464 719 516 Quae
735 476 809 504 res
827 476 918 504 non
937 476 1113 515 paruae
1131 465 1456 504 admirationis
1479 466 1694 506 omnibus
1716 478 1852 516 argu·

215 541 421 575 mentum
443 535 541 584 fuit,
568 544 617 575 vt
639 542 682 575 et
704 547 826 575 nunc
855 535 1072 585 ignorent
1100 536 1232 575 multi
1261 542 1305 575 et
1335 536 1626 576 admirentur
1655 548 1744 588 quo
1774 550 1849 588 pa-

218 610 293 644 cto
315 611 411 645 tam
433 617 632 656 magnus
650 607 772 657 ignis
793 613 888 646 tam
910 607 1001 646 cito
1024 606 1260 646 extinctus
1282 607 1355 646 sit.

291 675 425 715 Aliae
461 678 618 727 plures
653 677 887 717 amicitiae
920 676 1074 716 factae
1105 684 1225 727 sunt,
1260 684 1304 717 et
1335 678 1586 729 praecipue
1625 678 1761 726 duae,
1803 680 1847 718 in

211 757 410 797 quarum
446 749 594 788 altera
627 748 858 800 aliquibus
893 748 1163 788 imminebat
1197 749 1456 799 periculum
1486 749 1680 789 honoris
1710 756 1755 789 et
1783 750 1845 789 fa-

210 828 328 867 mae,
353 829 458 858 cum
480 826 635 859 essent
656 820 866 860 homines
884 831 975 859 non
993 819 1178 859 infimae
1197 819 1494 870 conditionis,
1516 821 1619 860 aliis
1636 833 1749 861 vero
1767 822 1846 861 im-

209 888 415 928 minebat
437 889 689 930 discrimen
710 890 851 941 vitae,
876 902 994 942 quae
1017 890 1144 930 labes
1174 891 1233 930 ad
1264 891 1445 942 aliquos
1473 892 1614 931 etiam
1644 892 1844 932 aliorum

210 959 487 1010 oppidorum
509 972 558 1000 se
580 961 875 1008 extendebat,
901 961 1009 1012 quia
1031 968 1164 1001 erant
1187 962 1379 1011 cognati
1401 968 1445 1001 et
1468 962 1607 1001 amici
1629 962 1842 1002 istorum.

211 1028 342 1080 Quae
359 1031 516 1071 omnia
534 1031 661 1072 Deus
677 1044 759 1083 per
777 1032 1023 1083 quemdam
1036 1031 1223 1072 Patrem
1242 1032 1376 1072 'nuius
1391 1032 1554 1072 domus
1567 1033 1703 1073 facile
1721 1045 1839 1074 com-

208 1102 406 1151 pescuit,
430 1108 488 1153 et,
513 1103 708 1154 laqueos
729 1103 904 1142 inimici
926 1109 1187 1151 conterens,
1214 1103 1261 1142 in
1277 1104 1441 1143 melius
1458 1104 1612 1144 vertit.
1633 1104 1841 1145 Fuerunt

211 1172 369 1212 itidem
391 1173 481 1213 duo
500 1180 801 1221 mercatores,
832 1175 952 1214 inter
983 1186 1099 1225 quos
1127 1185 1300 1225 magna
1329 1175 1672 1216 discordiarum
1703 1183 1843 1216 mate-

210 1244 302 1282 ries
324 1245 654 1284 suscitabatur.
679 1245 767 1296 Qui
784 1246 822 1285 si
842 1245 1081 1285 discordes
1097 1246 1448 1293 remansissent,
1469 1253 1566 1286 tum
1584 1247 1725 1297 fama,
1745 1254 1843 1288 tum

209 1315 344 1363 bona,
368 1327 461 1354 non
490 1316 640 1355 solum
661 1316 870 1367 ipsorum
893 1317 973 1356 sed
995 1324 1039 1356 et
1068 1317 1282 1365 aliorum,
1316 1318 1363 1357 in
1392 1319 1596 1369 periculo
1619 1325 1767 1370 erant;
1799 1328 1843 1360 et

207 1386 436 1436 quamuis,
471 1386 724 1438 instigante
760 1387 959 1437 inimico,
994 1389 1138 1427 multa
1174 1388 1461 1438 oriebantur,
1496 1401 1614 1441 quae
1650 1401 1840 1431 concor-

208 1457 333 1496 diam
368 1457 701 1508 impediebant,
736 1465 906 1506 tamen,
938 1459 1278 1500 interueniente
1306 1461 1507 1511 quodam
1536 1468 1669 1512 patre
1704 1462 1842 1502 huius

206 1527 385 1578 domus,
412 1528 539 1568 Deus
561 1529 718 1569 omnia
739 1536 865 1569 recte
886 1529 1114 1581 disposuit
1137 1537 1275 1582 atque
1296 1531 1359 1570 ita
1376 1532 1617 1582 negotium
1640 1532 1729 1572 illis
1750 1533 1839 1573 foe-

204 1599 357 1638 liciter
379 1599 533 1639 cessit.

285 1669 401 1710 Illud
424 1682 516 1710 non
538 1670 722 1710 silentio
745 1672 1212 1723 praetermittendum
1237 1685 1423 1723 cense0‚
1453 1675 1723 1715 venerande
1753 1675 1837 1716 Pa-

199 1747 288 1791 ter,
313 1741 436 1793 quod
465 1749 677 1781 nostrum
704 1743 891 1782 solitum
913 1744 1189 1784 exercitium
1219 1744 1556 1784 audiendarum
1587 1746 1838 1787 confessio-

201 1824 313 1853 num
333 1815 490 1864 gratia
511 1815 701 1855 Domini
729 1816 775 1855 in
804 1817 902 1856 dies
929 1823 1143 1867 augetur,
1177 1822 1220 1855 et
1251 1816 1297 1855 in
1319 1816 1417 1855 dies
1443 1828 1665 1856 numerus
1697 1818 1833 1858 confi-

201 1884 398 1924 tentium
420 1887 604 1937 crescit,
624 1887 827 1927 maxime
842 1887 930 1927 hoc
948 1887 1298 1927 sacratissimae
1315 1886 1587 1928 Natiuitatis
1605 1897 1831 1940 tempore,

201 1961 252 1994 vt
274 1966 346 1995 me
367 1956 511 1996 lateat
533 1969 592 1996 an
614 1963 822 2009 tempore
844 1958 1236 2009 quadragesimae
1258 1964 1302 1997 ct
1324 1958 1370 1997 in
1387 1958 1489 2009 ipsa
1506 1959 1646 1998 etiam
1664 1959 1831 2000 hebdo-

200 2025 340 2066 mada
376 2033 539 2067 sancta
572 2028 808 2079 copiosior
837 2040 1059 2069 numerus
1092 2029 1410 2069 confitentium
1445 2031 1602 2069 valeat
1635 2031 1833 2081 reperiri

202 2097 341 2148 (quod
359 2110 451 2137 non
473 2098 687 2139 modicae
709 2100 1031 2140 admirationis
1049 2112 1193 2140 causa
1211 2112 1314 2140 esse
1331 2101 1510 2151 possit),
1529 2113 1634 2141 cum
1651 2114 1743 2141 non
1760 2101 1833 2142 de-

202 2169 295 2208 sint
318 2169 631 2209 oblatratores
659 2176 702 2210 et
724 2171 803 2222 qui
823 2171 981 2211 verbis
1002 2171 1347 2211 detractionum
1369 2183 1454 2211 nos
1478 2179 1831 2223 persequantur;

199 2245 243 2279 et
274 2246 449 2291 quanto
472 2241 624 2291 magis
646 2240 882 2282 deuotioni
902 2243 1152 2283 multorum
1174 2243 1401 2282 obsistere
1432 2249 1677 2294 conantur,
1702 2250 1831 2285 tanto

197 2311 351 2361 magis
373 2311 475 2362 ipsi,
501 2318 724 2363 tanquam
746 2313 804 2352 ad
826 2313 1013 2364 nuptias
1035 2314 1232 2364 inuitati,
1264 2314 1323 2354 ad
1350 2314 1740 2365 frequentandum
1760 2327 1831 2356 sa-

196 2389 438 2422 cramenta
459 2394 561 2422 sese
582 2383 784 2423 inuicem
801 2384 1127 2424 adhortantur.
1148 2384 1283 2435 Quod
1303 2390 1484 2436 spectat
1506 2385 1565 2425 ad
1582 2396 1829 2427 ornamen-

194 2458 241 2491 ta
264 2453 476 2504 corporis
498 2454 716 2505 vitaeque
737 2455 1114 2505 castigationem,
1145 2455 1445 2507 perspicuum
1467 2462 1536 2496 est
1558 2456 1763 2497 subitam
1782 2458 1829 2498 in

194 2524 349 2564 multis
370 2524 513 2564 fuisse
534 2525 852 2565 mutationem.
876 2525 946 2565 De
969 2526 1172 2577 quodam
1188 2526 1330 2566 nobili
1347 2525 1495 2566 fertur
1518 2538 1623 2567 eum
1639 2539 1828 2578 persua-

191 2595 309 2634 sisse
330 2601 395 2646 vt,
421 2596 498 2647 qui
519 2603 657 2635 antea
681 2597 810 2636 luxui
832 2603 876 2636 et
898 2597 1219 2648 voluptatibus
1237 2597 1353 2637 alios
1371 2609 1455 2637 suo
1474 2599 1687 2650 exemplo
1711 2599 1827 2640 invi-

191 2665 338 2716 tabat,
363 2666 422 2707 sit
443 2667 582 2706 modo
604 2667 739 2718 quasi
762 2667 948 2707 virtutis
970 2669 1211 2719 speculum
1239 2674 1284 2708 et
1312 2669 1358 2708 in
1385 2669 1488 2720 ipsa
1511 2676 1827 2710 sacramento-

184 2748 294 2777 rum
314 2737 688 2788 frequentatione
711 2737 834 2789 apud
857 2750 941 2778 nos
962 2745 1250 2790 perseuerat.

270 2809 522 2849 Breuitatis
549 2820 693 2848 causa
722 2809 922 2860 plurima
952 2811 1290 2861 praetermitto,
1324 2822 1444 2863 quae
1476 2811 1707 2853 Dominus
1742 2824 1826 2864 per

187 2879 276 2919 hos
296 2879 513 2919 minimos
535 2890 698 2919 seruos
719 2891 829 2920 suos
850 2880 1070 2931 dignatus
1091 2887 1160 2921 est
1180 2881 1352 2933 facere,
1376 2889 1426 2922 vt
1454 2883 1501 2922 in
1522 2883 1824 2924 subleuandis

182 2963 216 2991 a
238 2951 315 2991 via
336 2950 614 3001 perditionis
633 2950 912 3002 hominibus,
937 2952 1014 3003 qui
1036 2951 1113 2992 diu
1133 2952 1179 2992 in
1201 2952 1327 2993 vitiis
1350 2961 1393 2994 et
1417 2954 1624 3005 peccatis
1647 2955 1824 2995 detenti
