2047 3179
894 127 976 164 AN.
1010 126 1101 163 1554
1748 126 1819 163 125

863 573 1113 628 CCOXX

243 805 546 852 Hieronymus
564 804 751 853 Ripalda

291 870 414 908 Patri
432 870 604 917 Ignatio
623 870 677 908 de
695 869 879 917 Loyola.

337 935 558 981 Valentia,
583 935 599 972 1
622 934 893 983 Septembris
915 933 1006 971 1554
1024 933 1049 968 ¹.

933 1143 1060 1199 Iesus

253 1357 354 1398 R.de
376 1359 422 1398 in
446 1357 633 1398 Christo
657 1356 810 1396 Pater.

255 1429 421 1470 Gratia
443 1435 486 1469 et
508 1440 602 1480 pax
622 1427 812 1468 Domini
832 1427 981 1467 nostri
1000 1426 1105 1467 Iesu
1126 1425 1302 1467 Christi
1323 1425 1383 1466 sit
1403 1436 1588 1476 semper
1604 1424 1651 1465 in
1668 1427 1814 1465 omni-

171 1503 260 1542 bus
280 1501 430 1542 nobis.
453 1499 621 1541 Amen.

255 1573 489 1614 Numerus
510 1582 672 1612 eorum
692 1571 905 1621 fratrum,
930 1570 1008 1622 qui
1029 1570 1076 1610 in
1097 1569 1185 1610 hoc
1212 1574 1374 1610 nostro
1403 1568 1612 1619 Collegio
1634 1567 1808 1608 Valen-

173 1645 270 1685 tino
300 1650 500 1696 quatuor
535 1643 607 1683 his
641 1642 877 1683 mensibus
911 1641 1155 1692 degerunt,
1191 1640 1277 1681 fuit
1310 1641 1449 1692 longe
1483 1639 1634 1680 maior
1669 1651 1812 1691 quam

171 1726 380 1767 vnquam
411 1721 565 1755 antea:
596 1720 640 1754 et
670 1724 846 1764 eorum,
876 1713 954 1764 qui
985 1712 1230 1752 nobiscum
1263 1711 1417 1752 adhuc
1448 1716 1556 1751 sunt
1583 1710 1709 1761 (nam
1732 1710 1812 1750 alii

171 1788 265 1827 iam
281 1787 374 1827 alio
395 1784 726 1835 discesserunt)
749 1784 827 1824 alii
847 1783 1013 1824 litteris
1038 1783 1196 1823 latinis
1226 1794 1282 1822 ac
1313 1782 1515 1833 graeciS,
1546 1781 1625 1821 alii
1646 1781 1810 1821 libera-

171 1858 290 1899 libus
325 1857 525 1907 artibus‚
559 1856 637 1896 alii
671 1867 837 1896 sacrae
871 1855 1139 1906 theologiae
1170 1854 1283 1895 dant
1318 1865 1511 1905 operam
1545 1853 1810 1903 diligenter.

171 1928 288 1970 Sunt
327 1928 468 1969 etiam
503 1928 549 1967 in
585 1927 862 1979 probatione
896 1926 995 1977 alii,
1034 1926 1112 1978 qui
1146 1930 1426 1966 exercentur
1460 1924 1507 1964 in
1542 1923 1812 1964 domesticis

171 2000 336 2042 officiis
369 2000 565 2051 aliisque
600 1998 925 2038 humilioribus
954 1997 1239 2038 ministeriis.
1276 1995 1572 2046 Scholastici,
1612 1995 1815 2046 singulis

169 2072 331 2112 diebus
364 2070 625 2119 dominicis,
654 2068 881 2120 quasdam
916 2068 1201 2109 assertiones
1227 2066 1497 2117 defendunt,
1529 2077 1648 2118 quas
1683 2066 1817 2116 prius

167 2144 216 2184 in
235 2142 435 2194 publicis
455 2140 628 2182 scholis
649 2139 855 2191 affigunt.
880 2139 956 2180 Ad
977 2140 1064 2179 has
1085 2139 1140 2180 de
1161 2138 1368 2180 externis
1387 2137 1685 2178 scholasticis
1716 2138 1810 2188 ple·

168 2214 300 2266 rique
332 2213 564 2254 accedunt
598 2211 894 2263 disputaturi,
934 2211 1230 2262 maximeque
1256 2209 1457 2261 probare
1485 2220 1534 2249 se
1569 2209 1696 2249 illam
1735 2209 1804 2248 lit-

168 2293 378 2326 terarum
416 2283 824 2330 exercitationem,
862 2288 907 2322 et
941 2281 1097 2322 uerbis
1131 2286 1176 2321 et
1209 2280 1313 2321 aliis
1352 2280 1500 2331 signis
1540 2279 1809 2320 ostendunt.

168 2356 423 2409 Speramus
443 2356 490 2395 in
510 2353 713 2394 Domino
735 2353 879 2393 multo
901 2353 1059 2404 plures
1080 2363 1358 2393 accessuros
1378 2352 1424 2391 in
1445 2351 1559 2402 dies,
1579 2362 1669 2402 qua
1694 2351 1741 2390 in
1758 2362 1810 2390 re

167 2427 480 2479 comperimus
502 2424 837 2476 experimento,
862 2430 906 2464 et
933 2422 1022 2464 Dei
1050 2423 1252 2474 gloriam
1278 2423 1326 2462 in
1354 2423 1420 2463 eis
1449 2433 1739 2473 accrescere,
1764 2428 1810 2461 et

166 2498 432 2539 animarum
459 2497 671 2536 salutem.
704 2493 824 2534 Nam
852 2494 1097 2535 nobiscum
1127 2493 1183 2534 de
1211 2493 1351 2534 rebus
1377 2493 1700 2545 spiritualibus
1730 2493 1811 2533 ali-

165 2568 352 2621 quando
373 2568 705 2619 colloquenteS‚
729 2565 906 2606 inducti
928 2572 1036 2606 sunt
1057 2577 1084 2605 a
1105 2564 1221 2616 Deo,
1245 2565 1325 2605 alii
1344 2570 1394 2605 ut
1416 2565 1463 2605 in
1483 2564 1808 2606 Sacramentis

166 2639 475 2681 confessionis
510 2650 566 2679 ac
600 2636 943 2678 communionis
977 2635 1319 2688 frequentiores
1353 2642 1523 2687 essent,
1562 2636 1643 2676 alii
1676 2641 1726 2676 ut
1763 2635 1811 2675 in

164 2717 378 2751 nostram
411 2709 707 2759 Societatem,
736 2707 859 2748 acin
894 2707 1013 2748 alias
1039 2707 1293 2758 religiones
1314 2707 1392 2748 alii
1426 2707 1804 2758 ingrederentur;

166 2793 366 2834 quorum
392 2781 524 2821 multi
553 2786 674 2829 sunt,
703 2780 781 2831 qui
809 2777 1170 2829 effiagitauerint
1191 2784 1236 2819 et
1257 2778 1410 2819 adhuc
1433 2778 1605 2819 obnixe
1625 2783 1809 2830 petant,

223 2942 234 2963 ¹
275 2941 525 2976 Autographae
541 2941 573 2968 in
588 2940 713 2975 duplici
730 2939 822 2970 folio,
840 2946 895 2966 nn.
909 2938 963 2966 369
977 2943 1010 2966 et
1025 2938 1091 2966 370.
