2047 3179
288 174 360 212 618
810 179 1003 216 LITTERA
1012 191 1033 217 ιε
1055 191 1415 225 QUADRIMESTRES

289 271 381 321 giis
403 276 808 328 commendarunt,
832 277 911 329 qui
941 289 1047 318 cum
1081 278 1139 318 ad
1167 290 1278 319 suos
1306 279 1570 330 rediissent,
1606 291 1662 320 ac
1692 280 1807 320 nihil
1836 292 1930 321 non

291 343 621 396 orthodoxum,
659 359 752 387 non
788 349 930 399 pium,
970 361 1063 389 non
1099 355 1330 400 sanctum,
1361 351 1595 403 reperisse
1624 357 1926 401 testarentur,

290 413 355 454 iili
377 414 528 456 denuo
551 428 685 458 suam
707 431 955 460 censuram
978 420 1295 471 obtrudentes,
1319 433 1470 461 nouos
1493 422 1714 473 ingerunt
1734 433 1925 473 scrupu-

289 485 373 525 los.
400 485 556 538 Quare
578 489 677 540 ipse
699 491 948 543 inquisitor
970 491 1077 532 fidei
1097 492 1266 532 iterum
1295 493 1353 533 ad
1385 505 1471 533 nos
1501 504 1720 533 reuersus
1749 492 1833 532 sibi
1865 493 1928 533 di·

288 558 496 607 plomata
518 567 681 601 nostra
704 563 889 603 ostendi
911 563 1207 615 deprecatur,
1232 564 1398 604 dubius
1420 564 1555 604 nobis
1578 577 1635 604 ne
1664 576 1722 603 an
1753 564 1929 604 theolo-

287 629 362 679 gis
396 630 534 672 fidem
563 632 786 674 adhibere
814 635 998 674 debeat.
1031 635 1241 687 Cumque
1272 648 1373 676 sese
1406 636 1579 676 habere
1609 636 1780 686 omnia,
1815 643 1865 676 vt
1901 648 1928 676 a

288 700 433 742 fratre
463 711 728 755 acceperat,
763 707 1086 758 comperisset,
1119 719 1214 748 non
1244 714 1428 759 poterat
1458 719 1552 747 non
1574 718 1854 747 succensere
1881 708 1928 747 in

287 772 548 825 theologos,
573 788 690 827 quos
712 788 818 816 cum
840 789 1068 818 excusare
1099 779 1447 830 quodammodo
1480 790 1774 829 conaremur,
1803 778 1928 830 quod

287 856 380 884 non
402 846 517 886 satis
541 859 595 886 ea
616 847 971 899 intellexissent,
996 850 1095 900 ipse
1117 858 1294 890 autem:
1318 850 1459 901 “quis‚
1480 850 1644 901 inquit,
1664 849 1780 889 adeo
1798 850 1926 889 rudis·

287 916 364 966 qui
385 916 502 957 hacc
524 929 617 958 non
638 919 886 971 percipiat?
908 920 1026 960 Nam
1049 927 1092 960 et
1115 921 1242 971 mihi,
1266 923 1569 973 quantumuis
1591 921 1759 971 ignaro
1780 926 1826 960 et
1846 920 1926 960 im-

286 987 452 1039 perito,
477 989 591 1029 satis
621 991 749 1030 clara
779 998 886 1031 sunt
915 993 1112 1042 omnia„
1143 993 1199 1033 Et
1228 993 1295 1032 sic
1327 1000 1450 1032 totus
1472 991 1817 1043 cogitabundus
1838 992 1927 1031 dis-

286 1059 440 1099 cessit.

364 1130 494 1171 Haec
517 1140 623 1172 sunt
645 1132 801 1184 (Pater
823 1135 1266 1185 obseruandissime)
1290 1136 1560 1187 praecipua,
1587 1134 1642 1174 de
1665 1135 1831 1187 quibus
1858 1135 1923 1174 vi-

284 1213 385 1241 sum
409 1208 478 1242 est
499 1202 839 1246 paternitatem
861 1205 1010 1246 Tuam
1035 1218 1136 1246 esse
1155 1207 1453 1257 monendam,
1475 1206 1658 1247 duabus
1676 1205 1732 1245 de
1749 1206 1920 1255 causis,

282 1284 482 1324 quarum
518 1276 685 1326 prima,
719 1277 988 1318 obseruatio
1020 1278 1262 1329 praecepti
1292 1279 1372 1325 tui,
1408 1290 1497 1330 quo
1528 1278 1664 1318 nobis
1697 1277 1927 1329 praescri·

282 1351 412 1395 ptum
433 1353 485 1386 vt
506 1346 562 1386 de
583 1348 724 1388 rebus
746 1350 880 1400 lapsu
903 1350 1126 1400 temporis
1149 1350 1508 1391 succedentibus
1529 1356 1573 1390 te
1595 1348 1654 1389 ad
1674 1349 1923 1388 veritatem

280 1415 545 1458 faceremus
568 1420 832 1471 certiorem,
857 1427 901 1460 et
923 1421 1123 1472 qualiter
1144 1429 1356 1462 nostrum
1385 1433 1434 1462 se
1461 1421 1633 1461 habeat
1664 1420 1918 1471 negotium.

282 1488 460 1539 Altera,
484 1497 534 1529 vt
555 1492 764 1531 unanimi
787 1492 1042 1533 intentione
1061 1492 1264 1533 Domino
1283 1493 1384 1534 Deo
1402 1504 1487 1545 pro
1506 1493 1592 1542 hiS,
1614 1492 1691 1544 qui
1708 1492 1771 1532 ita
1789 1491 1923 1531 nobis

278 1560 518 1611 insultant,
544 1562 674 1603 iuxta
699 1564 964 1604 doctrinam
985 1564 1175 1605 Domini
1197 1565 1347 1605 nostri
1374 1564 1638 1606 Saluatoris
1669 1563 1921 1604 identidem

278 1643 442 1682 preces
474 1634 739 1684 fundamus,
772 1648 865 1675 non
896 1636 1078 1676 futuras
1110 1637 1298 1688 quidem
1333 1636 1596 1677 calumnias
1631 1636 1726 1676 vllo
1763 1640 1918 1686 pacto,

278 1704 431 1744 meriti
454 1714 798 1756 argumentum,
832 1707 1154 1758 formidantes,
1186 1707 1267 1748 sed
1299 1709 1421 1760 quod
1453 1708 1590 1748 cedat
1618 1707 1708 1747 illis
1738 1706 1798 1746 ad
1826 1706 1919 1745 ani-

278 1787 381 1816 mae
403 1777 750 1817 detrimentum.
773 1778 920 1827 Igitur
943 1779 1078 1819 nobis
1107 1780 1370 1819 consultum
1404 1785 1472 1819 est
1503 1778 1643 1818 hilari
1671 1777 1828 1817 animo
1856 1777 1921 1816 in-

276 1848 535 1889 sistendum
557 1850 789 1900 precibus,
815 1862 907 1902 quo
929 1851 1120 1891 tandem
1143 1852 1393 1891 caco'e‘thes
1415 1850 1527 1891 illud
1548 1850 1802 1901 deponant,
1827 1854 1870 1888 et
1894 1860 1919 1887 a

276 1921 534 1970 cacologiis
556 1927 742 1961 cessent
765 1922 982 1962 assuetis.
1003 1921 1096 1962 Res
1113 1933 1227 1962 sane
1245 1923 1601 1973 lachrymarum
1618 1920 1745 1961 fonte
1763 1919 1920 1971 deplo-

273 1991 439 2041 randa,
465 1991 627 2032 videre
650 1993 933 2033 christianos
956 1993 1128 2033 fratres
1158 1994 1203 2033 in
1235 2005 1396 2033 errore
1427 1993 1704 2032 obfirmatos
1735 2002 1858 2042 esse,
1893 2003 1918 2030 a

275 2062 443 2113 quibus
465 2063 810 2114 quodammodo
833 2066 1101 2116 synceritas
1122 2065 1228 2105 fidei
1249 2065 1296 2105 in
1318 2064 1472 2105 Gallia
1490 2064 1680 2104 videtur
1696 2062 1915 2114 pendere,

275 2139 319 2173 et
340 2134 405 2173 ita
426 2136 663 2175 caecutire
684 2142 734 2176 vt
756 2135 915 2176 dicant
936 2136 1126 2187 bonum,
1150 2137 1340 2185 malum,
1364 2142 1592 2187 ponentes
1613 2136 1766 2175 lucem
1792 2141 1919 2174 tene—

273 2204 399 2255 bras,
424 2206 548 2257 quod
566 2212 692 2247 certe
713 2207 861 2247 tendit
883 2207 942 2247 ad
964 2207 1218 2248 interitum.
1244 2206 1638 2258 Quandoquidem
1660 2206 1744 2258 qui
1771 2217 1821 2245 se
1848 2216 1919 2244 sa·

272 2288 384 2316 num
406 2283 553 2328 putat,
585 2279 787 2319 consulit
815 2279 1049 2319 medicum
1080 2290 1243 2319 nemo:
1276 2279 1518 2319 enimuero
1551 2278 1653 2318 sine
1684 2276 1919 2317 charitate

272 2348 427 2388 nullus
449 2349 725 2390 saluabitur.
749 2349 922 2401 Ecquis
940 2349 1132 2399 diceret,
1153 2350 1362 2390 insontes
1379 2349 1613 2401 persequi,
1634 2348 1914 2388 charitatem

272 2420 394 2459 esse?
415 2419 473 2459 Et
494 2421 711 2472 quamuis
733 2421 906 2462 malum
931 2427 1197 2461 reuertatur
1218 2421 1265 2462 in
1287 2426 1428 2473 caput
1450 2420 1708 2472 irrogantis
1730 2419 1917 2470 (liuidus

271 2490 394 2531 enim
412 2491 607 2542 patienti
623 2504 921 2544 nequaquam
938 2493 1077 2533 infert
1099 2493 1334 2543 iniuriam,
1351 2492 1433 2533 sed
1450 2490 1774 2532 tantummodo
1791 2490 1894 2539 sibi)
1904 2523 1915 2540 ‚.

271 2562 376 2612 quis
396 2569 554 2603 tamen
575 2563 811 2604 hominem
827 2565 996 2605 debere
1014 2576 1098 2604 suo
1115 2564 1422 2613 benefactori,
1441 2570 1486 2604 et
1507 2562 1827 2615 suppeditanti
1843 2574 1913 2606 ea,

270 2644 390 2684 quae
421 2634 481 2674 ad
512 2634 768 2676 humanam
788 2637 938 2676 vitam
968 2635 1165 2686 faciunt,
1198 2636 1317 2676 bene
1345 2635 1531 2687 precari
1557 2633 1776 2685 negabit?
1804 2633 1917 2675 Vita

270 2710 434 2745 nostra
457 2717 576 2757 quae
598 2713 669 2746 est
691 2706 971 2747 abscondita
993 2707 1039 2747 in
1063 2706 1268 2757 Christo,
1293 2718 1449 2746 nonne
1471 2718 1525 2746 ea
1549 2712 1618 2746 est
1638 2711 1689 2745 vt
1710 2716 1795 2757 pro
1823 2703 1917 2744 Do-

270 2776 397 2815 mino
417 2777 528 2829 Jesu
552 2778 884 2818 contumeliam
906 2778 1162 2829 patiamur?
1184 2777 1288 2818 Non
1312 2777 1454 2829 igitur
1486 2777 1678 2817 dubium
1706 2784 1776 2816 est
1804 2777 1913 2827 quin

270 2846 376 2886 illos
399 2847 441 2897 (a
464 2848 633 2899 quibus
653 2850 753 2889 vita
776 2856 938 2889 nostra
961 2848 1302 2889 incrementum
1324 2848 1498 2900 accipit
1519 2848 1565 2888 in
1588 2847 1703 2898 dies)
1726 2847 1915 2887 commi-

269 2918 510 2958 seratione
532 2925 577 2959 et
599 2931 761 2959 amore
783 2922 1004 2971 prosequi
1040 2920 1307 2970 debeamus,
1340 2930 1626 2972 quamquam
1655 2924 1790 2958 actus
1817 2917 1911 2957 illo—

267 2998 372 3027 rum
393 2989 642 3030 videantur
662 2991 883 3031 secedere
905 3003 931 3031 a
956 3004 1070 3032 vero
1093 2992 1281 3032 tramite
1303 2991 1514 3031 rationis,
1538 2989 1717 3031 Trahat
1736 2995 1841 3041 post
1862 3000 1913 3028 se
