2047 3179
853 134 937 170 ΑΝ.
968 133 1058 171 1555
1699 127 1766 165 381

136 236 363 286 ecclesiis,
388 234 512 275 domi
534 233 777 284 diligenter
800 242 939 282 opere
969 229 1244 280 completur.
1280 227 1383 279 Qua
1414 240 1472 268 ex
1500 238 1644 268 causa
1673 228 1768 266 lau-

136 307 318 348 dandus
339 306 466 346 venit
488 317 580 345 non
600 314 765 356 parum
787 302 914 342 Deus
936 300 1041 352 Opt.
1074 299 1200 340 Max.
1233 298 1456 338 nobilium
1493 304 1537 337 et
1566 298 1768 338 aliorum

138 384 364 430 pronatae
384 376 510 417 vitae
530 375 783 423 hominum,
807 373 885 424 qui
906 371 1043 412 modo
1065 369 1236 410 diuinis
1257 368 1568 409 sacramentis
1592 368 1660 408 vti
1681 368 1770 406 sre-

139 455 332 501 quenter
354 447 593 499 incipiunt.
618 445 779 485 Plures
808 442 1128 483 confessiones
1151 439 1428 480 audiuntur:
1451 438 1770 479 restitutiones

140 521 447 561 ducentorum
482 524 561 558 aut
596 515 795 567 plurium
824 514 1018 554 millium
1045 510 1373 563 dipondiorum
1403 509 1607 561 propriis
1628 508 1772 549 domi-

142 591 212 631 nis
246 590 374 630 fiunt:
409 589 688 629 subuentum
723 591 793 625 est
826 583 1133 636 pauperibuS,
1178 582 1383 622 maxime
1418 580 1507 620 hoc
1542 586 1769 631 tempore,

143 674 263 710 cum,
301 665 492 712 propter
514 659 702 699 nauium
725 657 973 708 jacturam,
1005 653 1302 705 cogitabatur
1334 653 1438 692 illos
1473 651 1773 691 laboraturos

139 734 278 773 fame:
304 732 592 783 compositae
614 734 719 770 sunt
741 728 814 768 his
834 727 996 768 diebus
1024 737 1116 766 non
1151 736 1329 776 paucae
1356 724 1475 773 lites,
1499 734 1610 763 nam
1630 728 1675 762 et
1696 733 1773 772 po-

143 811 315 845 strema
337 800 736 854 quadragesimali
753 799 968 839 contione
987 797 1148 837 habita
1170 808 1197 835 a
1219 795 1358 835 Patre
1379 795 1520 835 Auila
1539 793 1549 813 ¹
1572 804 1774 834 commo-

141 883 216 915 tae
237 879 359 924 sunt,
383 885 478 913 non
498 873 598 912 sine
619 872 831 911 Vbertate
852 868 1202 918 lachrimarum,
1228 872 1429 918 quatuor
1451 871 1530 905 aut
1552 865 1772 916 quinque,

141 953 187 986 et
207 944 390 997 publice
412 943 504 984 alta
527 955 643 983 voce
666 941 988 982 condonarunt
1005 939 1199 991 inJ'urias
1216 937 1457 990 capitales:
1481 936 1556 976 hic
1574 941 1774 976 mortem

144 1016 304 1068 patris,
330 1015 404 1055 ille
426 1014 604 1063 matris,
629 1014 705 1053 illa
726 1012 863 1062 filiae,
886 1012 1001 1051 haec
1023 1022 1137 1050 vero
1159 1009 1349 1059 sororis3
1373 1014 1418 1048 et
1438 1008 1531 1048 alio
1559 1007 1648 1058 die,
1672 1018 1778 1047 sua-

145 1088 281 1128 dente
298 1086 436 1127 Patre
454 1085 688 1135 Goncalez
700 1083 712 1102 ²
729 1084 987 1124 fraternam
1004 1081 1300 1121 dilectionem
1312 1090 1452 1131 super
1465 1079 1626 1131 quinto
1643 1089 1775 1129 prae-

147 1164 281 1211 cepto
304 1157 531 1207 decalogi,
551 1156 775 1196 emolliuit
798 1153 1027 1195 Dominus
1048 1153 1235 1192 viscera
1257 1150 1515 1203 cujusdam,
1539 1150 1617 1202 qui
1639 1150 1777 1201 alapa

149 1241 314 1271 caesus
326 1229 492 1279 fuerat,
509 1240 629 1279 quae
645 1239 732 1267 nec
748 1226 958 1276 militum,
978 1236 1064 1264 nec
1081 1223 1409 1275 inquisitorum
1423 1233 1588 1274 preces
1605 1221 1779 1262 emolli-

152 1314 201 1342 re
215 1307 478 1353 potuerant,
495 1299 611 1339 adeo
629 1306 695 1348 vt,
710 1303 814 1349 post
831 1297 1146 1348 importunam
1163 1295 1290 1335 litem
1306 1300 1351 1334 et
1367 1295 1560 1344 longam
1571 1292 1782 1333 vexatio-

110 1381 113 1384 ·
151 1383 258 1412 nem
273 1377 318 1412 et
335 1382 533 1421 magnas
550 1370 800 1421 impensas,
817 1374 924 1408 ante
937 1367 1113 1407 exitum
1126 1365 1354 1406 ecclesiae
1372 1364 1527 1405 omnia
1544 1364 1780 1405 liberrime

150 1442 358 1484 donauit.
384 1441 612 1492 Denique,
637 1440 944 1480 concionante
965 1437 1103 1478 Patre
1125 1437 1337 1488 Baptista
1354 1434 1384 1486 ³,
1407 1435 1485 1475 diu
1506 1434 1781 1475 dissidentia

153 1514 297 1555 corda
321 1513 547 1554 nobilium
576 1518 913 1561 matronarum,
946 1510 992 1549 in
1019 1510 1122 1561 ipsa
1157 1508 1372 1558 ecclesia,
1396 1507 1553 1549 multis
1583 1506 1781 1547 videnti-

152 1586 239 1627 bus
259 1592 303 1626 et
325 1584 681 1633 admirantibus,
706 1582 955 1622 conciliata
976 1586 1098 1621 sunt.

233 1656 407 1697 Habuit
442 1655 490 1695 P.
520 1653 708 1695 Xuarez
742 1652 756 1671 ⁴
782 1653 906 1704 apud
937 1663 1176 1692 carcerem
1203 1650 1439 1703 publicum
1469 1656 1639 1690 octauo
1674 1660 1783 1701 quo-

153 1740 241 1780 que
277 1728 350 1767 die
387 1726 630 1767 contiones
664 1724 720 1765 de
756 1724 1013 1765 christiana
1047 1722 1276 1764 doctrina:
1315 1728 1373 1772 et,
1407 1726 1594 1772 praeter
1620 1721 1781 1771 multa,

154 1811 273 1850 quae
295 1798 454 1838 diuina
475 1797 629 1848 gratia
652 1801 695 1836 et
716 1796 860 1846 ipsius
882 1801 1165 1847 cooperante
1186 1793 1415 1834 industria
1450 1792 1666 1844 expedita
1689 1791 1784 1831 fue-

155 1882 220 1920 re,
242 1869 448 1921 negotia,
471 1868 584 1908 illud
605 1873 674 1907 est
695 1867 886 1907 maximi
906 1865 1126 1918 ponderis
1146 1865 1304 1905 diuino
1321 1865 1484 1904 fauore
1500 1862 1782 1904 confectum:

155 1947 256 1982 erat
276 1941 322 1981 in
343 1940 544 1980 vinculis
567 1938 730 1979 Petrus
751 1938 940 1990 quidam
961 1936 1143 1977 Mendel
1165 1935 1194 1985 ⁵,
1218 1936 1407 1976 natione
1428 1934 1622 1985 flander,
1643 1934 1786 1974 nutri-

155 2019 245 2064 tus,
268 2018 318 2053 ut
340 2012 509 2059 aiebat,
533 2011 593 2051 ad
613 2010 756 2062 pedes
788 2009 979 2049 Martini
999 2007 1207 2056 Lutheri,
1245 2013 1290 2046 et
1310 2017 1549 2047 venenosa
1579 2003 1786 2056 ejusdem

154 2083 369 2124 doctrina
385 2083 603 2132 imbutus;
626 2081 715 2131 hic,
740 2080 876 2121 morti
897 2079 1160 2128 damnatus,
1194 2089 1300 2118 cum
1327 2085 1449 2118 esset
1480 2077 1552 2117 die
1575 2076 1783 2116 crastino

155 2153 525 2206 suspendendus,
563 2152 828 2192 admonitus
862 2162 1028 2191 sacrae
1056 2149 1335 2190 auricularis
1363 2147 1687 2198 confessionis,
1718 2159 1786 2187 re-

157 2226 344 2278 spondit
378 2224 639 2265 subridens:
676 2223 793 2262 “iam
818 2234 906 2274 ego
935 2221 1136 2262 Domino
1166 2232 1269 2261 meo
1300 2219 1542 2260 confessus
1569 2230 1687 2269 sum,
1712 2218 1789 2259 cui

157 2308 238 2337 cor
260 2308 413 2336 meum
436 2302 480 2336 et
501 2296 679 2335 scelera
714 2305 818 2334 mea
853 2300 959 2334 sunt
987 2299 1114 2342 nota,
1146 2303 1283 2343 quem
1311 2290 1472 2330 fallere
1499 2290 1625 2330 nullo
1647 2289 1787 2330 modo

159 2379 365 2420 possum:
399 2366 508 2418 quid
544 2365 800 2406 confitebor
827 2364 1006 2404 homini
1025 2362 1263 2415 peccatori
1289 2361 1428 2402 simili
1455 2361 1608 2410 mihi?‚‚
1634 2359 1787 2400 Voca-

159 2445 234 2479 tus
272 2445 341 2479 est
380 2450 509 2478 more
536 2437 670 2477 solito
702 2436 761 2476 ad
795 2436 946 2487 ipsum
977 2433 1259 2475 audiendum
1298 2432 1438 2472 Pater
1475 2432 1683 2482 Xuarez,
1715 2432 1789 2471 cui

160 2511 258 2562 ipse
280 2509 431 2561 coepit
452 2520 585 2548 suam
606 2507 853 2559 propalare
880 2505 1168 2546 vaesaniam.
1193 2503 1259 2544 Re
1281 2509 1536 2554 comperta,
1561 2501 1790 2542 accedunt

161 2582 221 2622 ad
242 2579 575 2621 confutandum
595 2578 883 2618 haereticum
903 2576 1160 2617 doctissimi
1181 2581 1224 2615 et
1254 2573 1435 2626 egregii
1462 2572 1638 2613 ordinis
1658 2584 1791 2624 prae-

217 2766 227 2786 Ι
266 2767 302 2794 Ρ.
318 2765 494 2800 Alphonso
508 2772 567 2792 seu
584 2764 711 2791 Basilio
727 2763 766 2790 de
783 2762 900 2790 Avila.

215 2816 229 2834 ²
269 2814 304 2841 P.
320 2813 533 2841 Gundisalvo
549 2811 728 2839 Gonzalez.

215 2862 230 2881 ³
268 2862 304 2890 P.
320 2861 448 2895 Joanne
464 2860 624 2895 Baptista
639 2858 804 2886 Sanchez.

219 2911 231 2931 ὁ
268 2909 356 2937 Vide
371 2916 487 2943 supra,
502 2915 581 2943 pag.
595 2907 660 2942 377,
676 2910 790 2934 annot.
806 2906 837 2934 4.

215 2957 230 2977 ⁵
267 2957 410 2985 Nomina
424 2956 509 2984 haec
524 2963 589 2983 non
604 2955 738 2990 aperuit
757 2954 937 2986 Gonzalez.
954 2952 1080 2980 litteris
1094 2951 1269 2986 hispanice
1284 2952 1433 2985 scriptis,
1450 2958 1566 2985 supra,
1584 2957 1662 2984 pag.
1682 2949 1746 2975 378.
