2047 3179
141 156 210 194 188
663 155 886 192 LITTERAE
904 163 1264 197 QUADRmESTREs

140 255 217 294 un’
242 252 414 293 indicio
436 252 482 293 di
503 252 609 304 quel
643 251 730 292 che
763 251 960 292 sarebbe
983 257 1106 291 stato
1128 250 1398 291 necessario
1420 249 1536 299 dire,
1569 255 1613 290 et
1635 250 1781 289 maxi-

141 336 215 365 me
233 325 318 364 che
341 324 417 364 dal
437 330 600 364 nostro
622 323 773 364 Padi-e
797 324 974 363 hauera
995 323 1146 363 inteso
1167 327 1315 374 parte.

223 395 269 437 S’
294 395 555 446 insegnano
576 395 607 435 li
628 395 748 447 putti
768 394 813 435 di
831 400 996 447 questa
1019 394 1112 434 cita
1133 394 1252 434 nelle
1273 393 1436 433 lettere
1457 397 1502 432 et
1523 392 1664 443 uirtu,
1686 393 1779 432 nel—

142 468 184 507 le
206 468 342 519 quale
359 466 500 507 fanno
523 467 648 507 assai
667 466 822 506 frutto.
847 466 990 517 Tutti,
1014 465 1155 506 Padri
1191 463 1268 517 [et]
1291 463 1498 511 Fratelli,
1520 475 1604 515 per
1625 464 1780 514 gratia

142 539 217 578 del
246 537 445 589 Signore
475 545 612 578 stano
646 538 778 588 bene,
816 544 860 578 et
887 538 927 578 si
955 536 1242 577 essercitano
1272 535 1317 575 in
1345 535 1495 586 quelle
1526 545 1667 575 cuose
1695 534 1782 575 che

145 610 270 650 dalla
291 609 436 650 Santa
459 609 724 650 obedientia
749 610 781 649 11
802 621 917 650 50110
939 607 1232 649 60111311(13(6.

226 680 536 722 Desideramo
560 681 767 721 anchora
789 682 832 721 la
855 680 1009 720 sanita
1029 679 1085 720 de
1115 679 1161 720 S.
1185 678 1240 719 R.
1264 678 1314 718 P.
1337 689 1421 730 per
1447 678 1664 730 maggior
1685 679 1784 729 glo-

145 753 215 793 ria
237 753 311 793 del
331 751 530 803 Signore
552 758 595 793 et
627 753 683 793 de
710 752 816 793 tutti
848 751 989 792 Padri
1023 757 1069 791 et
1098 750 1305 799 Fratelli,
1336 750 1424 790 alle
1455 749 1657 790 orationi
1678 749 1785 789 delli

146 825 272 875 quali
293 825 399 864 tutti
420 824 463 864 ci
483 823 897 865 raccomandiamo
928 823 1060 863 accio
1089 822 1147 863 da
1176 821 1317 874 quelli
1347 821 1510 861 aiutati
1532 821 1572 861 si
1594 821 1735 873 degni
1755 821 1786 860 il

144 895 346 947 Signore
368 896 528 936 dareci
550 897 592 935 la
614 907 699 936 sua
730 901 893 935 sancta
915 894 1088 946 gratia,
1121 905 1209 934 con
1240 894 1282 933 la
1310 893 1446 944 quale
1475 892 1553 944 piu
1575 892 1782 932 ardente-

146 974 301 1008 mente
323 974 366 1007 et
388 978 551 1019 spesso
588 965 771 1019 [sia]mo
799 966 1042 1018 preparati
1068 978 1095 1005 3
1123 965 1322 1017 pigliare
1355 964 1664 1015 qualsiuoglie
1685 963 1786 1004 fati-

146 1041 232 1079 6116
269 1051 295 1079 3
325 1039 461 1079 1311(16
496 1045 541 1079 6(
573 1039 727 1090 gloria
762 1050 862 1089 sua,
896 1038 989 1078 alla
1016 1038 1152 1089 quale
1181 1048 1263 1088 per
1289 1047 1375 1076 sua
1403 1034 1726 1076 misericordia
1749 1035 1789 1075 51

146 1110 290 1161 degni
311 1110 568 1162 perducere
589 1122 673 1162 per
693 1109 860 1150 infiniti
881 1109 1027 1150 seculi
1045 1108 1091 1148 di
1112 1107 1271 1148 seculi.
1297 1106 1464 1148 Amen.

228 1181 303 1222 Da
323 1181 523 1222 Ferrara
549 1181 626 1221 alli
645 1180 698 1221 28
719 1180 765 1221 di
786 1180 1055 1221 Nouembro
1082 1178 1197 1219 1554.

473 1252 531 1293 D.
555 1252 614 1293 V,
642 1252 695 1293 R.
720 1251 769 1292 P.
793 1251 954 1292 inutile
976 1262 1129 1302 seruo,

1036 1393 1277 1434 AMBROSIO
1308 1391 1574 1432 Pumcmo.

765 1803 1183 1859 CCCXXXIII

226 2018 274 2055 P.
296 2016 559 2055 Leonardus
578 2017 739 2055 Κ65561

272 2082 396 2120 Patri
414 2083 587 2131 Ignatio
607 2082 661 2121 de
680 2083 866 2131 Loyola.

323 2148 523 2196 Colonia,
542 2147 589 2187 30
608 2148 877 2187 Novembris
894 2148 986 2187 1554
1004 2148 1031 2184 ¹.

933 2285 1032 2364 If-LIS

236 2467 399 2509 Gratia
422 2475 467 2509 et
488 2479 583 2520 pax
604 2467 782 2509 Christi
803 2466 997 2507 Domini
1017 2466 1277 2506 nobiscum.
1301 2465 1471 2506 Amen.

239 2539 456 2580 Conabor
478 2551 619 2592 quam
640 2545 803 2591 potero
823 2538 1059 2589 breuibus,
1084 2536 1185 2578 R.de
1209 2537 1256 2578 in
1278 2536 1466 2578 Christo
1487 2534 1561 2586 P.‚
1587 2545 1795 2586 compre-

157 2611 362 2651 hendere
385 2623 454 2662 ea,
479 2623 598 2663 quae
620 2610 850 2651 Dominus
872 2609 1087 2662 Optimus
1115 2608 1350 2650 Maximus
1377 2607 1480 2648 istis
1509 2606 1557 2647 in
1583 2605 1796 2658 partibus

157 2684 247 2722 hoc
270 2694 429 2723 mense
450 2682 705 2723 Nouembri
729 2682 917 2734 operari
938 2681 1159 2733 dignatus
1181 2686 1266 2732 est,
1292 2679 1352 2721 ad
1374 2678 1578 2731 gloriam
1599 2677 1670 2718 sui
1691 2688 1795 2717 san-

158 2754 355 2794 ctissimi
378 2754 593 2794 nominis.

215 2893 223 2912 ί
268 2892 515 2925 Autographae
531 2891 655 2925 duplici
677 2890 710 2918 in
725 2891 805 2919 solio
820 2891 882 2918 sub
897 2898 951 2919 nn.
966 2889 1020 2918 240
1035 2894 1068 2918 et
1083 2890 1146 2918 241.
1169 2890 1233 2917 Est
1248 2893 1283 2918 et
1305 2888 1546 2923 apographum
1561 2886 1665 2914 etiam
1686 2885 1722 2912 in
1736 2885 1794 2912 du-

161 2940 239 2973 plici
255 2939 347 2972 folio,
363 2946 418 2966 nn.
433 2938 533 2981 24361
548 2938 610 2969 ⁴243.
625 2939 657 2966 in
673 2946 738 2973 quo
753 2939 1005 2973 aliquantulum
1020 2942 1135 2966 textus
1151 2938 1364 2965 immutatur:
1379 2943 1464 2971 quas
1478 2932 1736 2962 immutationes
1752 2933 1806 2966 adv

157 2989 306 3022 paginae
323 2988 452 3014 calcem
468 2987 594 3014 italicis
606 2987 868 3014 characteribus
883 2986 1126 3014 describemus.
