2047 3179
221 169 294 208 538
744 171 971 208 LITTERAE
988 179 1347 214 QUADRIMESTRES

305 266 659 319 Superscm‘ptio
694 267 744 307 sn
779 270 954 318 quarta
984 266 1206 317 pagina:
1240 267 1267 312 †
1302 263 1403 304 R.<³0
1428 265 1476 304 in
1511 264 1699 305 Christo
1735 264 1868 306 Patri

223 337 272 377 P.
314 338 498 389 Ignatio
535 339 590 379 de
628 339 830 390 Loyola,
873 337 1149 389 Praeposito
1185 336 1407 376 Generali
1446 335 1696 377 Societatis
1735 337 1863 390 Jesu,

223 409 420 451 Romae.

305 481 419 522 Alia
440 493 604 521 manu:
629 481 744 521 1555.
769 479 1025 520 Florentia.
1051 479 1434 530 Quadrimestres
1453 479 1578 532 Julii.

311 553 371 594 Et
391 553 506 593 alia:
526 553 576 593 27
600 553 646 593 di
668 552 782 593 Sett.
809 552 862 602 Q.
887 550 931 592 S.

950 977 1156 1032 CDIII

303 1215 498 1262 Jacobus
520 1215 746 1260 Morellus,

348 1279 417 1317 Ex
436 1280 762 1317 commissione
786 1280 929 1317 Patris
946 1280 1177 1317 Paschasii
1198 1279 1348 1325 Broet,

401 1347 523 1384 Patri
541 1346 712 1394 ignatio
732 1346 785 1383 de
805 1346 989 1394 Loyola.

448 1412 650 1456 Parisiis,
672 1411 717 1448 27
748 1411 853 1459 Julii
882 1411 975 1449 1555
1009 1411 1037 1447 ¹.

989 1550 1126 1604 Jesus

312 1696 479 1737 Gratia
500 1702 545 1736 et
569 1707 663 1747 pax
685 1695 782 1735 Dfli
806 1695 957 1735 nostri
981 1694 1093 1748 Jesu
1124 1694 1297 1736 Christi
1328 1694 1586 1734 nobiscum.
1616 1693 1783 1734 Amen.

313 1768 429 1810 Cum
450 1768 751 1819 perspicuum
771 1766 905 1807 nobis
921 1767 980 1807 sit
1002 1773 1229 1819 quantum
1263 1777 1454 1806 sacrum
1486 1766 1577 1806 hoc
1612 1766 1875 1806 institutum

232 1840 402 1892 vbique
419 1841 631 1880 locorum
653 1839 929 1890 celebretur,
951 1844 1219 1890 quantaque
1236 1838 1395 1878 diuina
1412 1837 1660 1878 clementia
1677 1848 1760 1889 per
1777 1848 1875 1887 eos,

232 1923 352 1963 quos
373 1911 460 1952 sibi
481 1912 529 1952 in
549 1923 603 1952 eo
633 1911 827 1962 delegit,
858 1915 1099 1962 operetur,
1131 1916 1270 1962 atque
1298 1909 1439 1950 etiam
1466 1909 1718 1949 multorum
1746 1919 1876 1960 prae-

232 1983 632 2024 stantissimorum
653 1983 865 2023 Virorum
885 1982 1182 2022 innotescant
1202 1980 1435 2031 feruores,
1460 1981 1538 2032 qui
1565 1979 1879 2031 amplissimos

235 2054 421 2106 fundos,
445 2066 627 2095 annuos
647 2060 907 2106 prouentus
924 2053 1203 2104 vberrImos,
1227 2052 1368 2092 immo
1387 2052 1528 2092 etiam
1546 2051 1728 2103 seipsos
1754 2051 1879 2102 peni-

237 2132 314 2167 tus
352 2126 666 2177 abnegantes,
708 2131 927 2177 prompto
957 2124 1114 2164 animo
1140 2123 1243 2164 Deo
1271 2123 1476 2164 creatori
1511 2134 1596 2163 suo
1632 2134 1879 2162 consecra-

236 2203 360 2249 runt,
380 2209 456 2238 res
480 2209 592 2238 sane
620 2196 850 2249 stupenda
874 2196 1104 2247 grauique
1131 2195 1274 2247 digna
1297 2194 1607 2235 admiratione
1629 2193 1779 2234 videri
1800 2205 1880 2246 po-

237 2275 328 2309 test
348 2269 396 2309 in
416 2269 506 2309 hac
528 2268 645 2309 adeo
668 2268 842 2309 celebri
860 2267 1150 2308 Parisiorum
1167 2266 1426 2317 academia,
1446 2277 1537 2318 quo
1555 2271 1713 2306 tantus
1736 2265 1878 2306 vnde-

237 2352 422 2392 quaque
440 2340 757 2381 studiosorum
774 2340 1010 2388 iuuenum,
1030 2350 1125 2379 non
1139 2337 1424 2378 mediocrem
1436 2348 1549 2389 prae
1563 2348 1612 2377 se
1628 2335 1879 2377 ferentium

236 2411 528 2463 religionem,
552 2423 773 2451 numerus
795 2410 1052 2461 concurrit,
1075 2416 1302 2461 tanquam
1337 2421 1395 2449 ex
1430 2408 1737 2449 refertissimo
1760 2408 1880 2448 mari

238 2495 333 2524 non
353 2484 511 2536 plures
533 2483 783 2535 expiscari,
808 2488 852 2522 et
874 2482 933 2522 ad
953 2493 1009 2522 ea
1030 2493 1150 2533 quae
1185 2480 1533 2533 praestantiora
1556 2478 1696 2532 [sunt]
1721 2491 1880 2531 prose-

241 2554 427 2605 quenda
450 2554 622 2595 induci.
647 2553 843 2604 Verum,
882 2553 922 2594 si
956 2564 1116 2593 rerum
1149 2558 1420 2592 nostrarum
1453 2551 1686 2602 procellas
1721 2551 1882 2602 ingen-

242 2631 404 2678 tesque
425 2627 651 2666 tumultus
675 2623 1041 2674 consideremus,
1066 2623 1332 2663 mirandum
1364 2622 1517 2673 magis
1553 2621 1786 2661 videbitur
1809 2622 1883 2661 vel

241 2698 363 2738 vllos
383 2697 555 2737 audere
577 2708 664 2737 nos
685 2695 925 2737 accedere.
949 2692 952 2699 '

321 2769 423 2809 Tua
440 2769 597 2820 igitur,
617 2767 1044 2808 obseruandissime
1060 2766 1214 2817 Pater,
1233 2778 1327 2806 non
1346 2765 1591 2806 mirabitur
1606 2764 1884 2816 paternitaS,

243 2839 282 2879 si
303 2840 420 2880 adeo
439 2846 692 2890 angustum
714 2839 916 2879 filiorum
942 2849 1189 2878 numerum
1208 2837 1382 2885 videat,
1412 2847 1562 2888 neque
1584 2835 1708 2876 enim
1728 2835 1886 2886 plures

301 3000 309 3019 ¹
352 3000 615 3035 Autographae,
631 3004 726 3028 totae
741 3007 842 3027 manu
854 2998 973 3032 Jacobi
990 2997 1182 3032 More11i‚in
1197 2997 1277 3025 solio
1293 2996 1431 3030 duplici,
1447 3003 1503 3023 nn.
1519 2995 1574 3022 322
1587 2998 1621 3022 et
1635 2994 1699 3022 323.
