2047 3179
223 123 296 160 730
740 122 967 160 LITTERAE
1000 133 1359 166 QUADRIMESTRES

897 612 937 665 G
952 611 1196 664 DXLVI

299 879 352 916 N.
374 879 511 916 Leon.

349 945 469 982 Patri
490 944 658 990 Ignatio
678 943 731 980 de
751 943 936 990 Loyola.

399 1010 676 1051 Vallisoleto,
695 1008 742 1046 30
760 1009 1020 1046 Decembris
1044 1008 1134 1046 1555
1154 1008 1177 1043 ¹.

1011 1199 1108 1276 iiis

314 1435 583 1476 Admodum
605 1434 706 1474 ΗΜ
732 1434 779 1475 in
800 1433 885 1474 X.0
906 1433 1044 1473 Pater
1066 1438 1241 1472 noster.

315 1506 480 1547 Gratia
498 1515 541 1546 et
564 1505 664 1546 Pax
685 1505 758 1546 X.i
787 1512 875 1545 etc.

315 1578 446 1629 Quae
469 1578 552 1618 tibi
573 1578 620 1618 in
655 1577 728 1617 his
759 1583 962 1629 quatuor
993 1575 1314 1627 superioribus
1340 1575 1594 1625 mensibus,
1626 1574 1766 1615 Pater
1793 1574 1866 1614 ad—

230 1650 421 1690 modum
444 1650 579 1690 nobis
602 1648 811 1697 colende,
842 1647 1091 1688 scribenda
1123 1652 1392 1697 occurrunt,
1417 1646 1629 1697 generali
1658 1657 1877 1686 sermone

231 1721 642 1773 comprehendam.

310 1792 455 1834 Solita
480 1793 742 1844 spiritualia
766 1792 995 1832 exercitia
1020 1791 1118 1843 (Χ.Ο
1141 1790 1273 1840 duce)
1303 1790 1350 1830 in
1379 1790 1477 1830 dies
1508 1789 1738 1829 maiorem
1765 1788 1878 1840 (sic)

229 1865 572 1905 incrementum
606 1864 855 1915 recipiunt.
894 1863 1218 1914 Frequentant
1252 1867 1465 1902 nostram
1502 1872 1758 1913 pauperem
1798 1861 1875 1901 do-

229 1948 357 1976 mum
379 1941 627 1987 magnates
659 1935 796 1975 huius
828 1935 987 1975 curiae
1023 1946 1200 1984 omnes,
1233 1934 1308 1973 uel
1339 1934 1504 1973 saltem
1534 1933 1685 1972 maior
1714 1944 1875 1972 eorum

229 2019 355 2060 pars,
382 2019 488 2047 cum
512 2013 561 2047 ut
579 2007 749 2047 diuinis
767 2006 930 2046 officiis
948 2006 1092 2058 quieti
1110 2011 1153 2045 et
1171 2005 1410 2057 tranquilli
1427 2004 1642 2044 intersint
1660 2004 1735 2054 (ad
1753 2003 1875 2055 quod

231 2085 424 2119 nostrae
446 2078 612 2119 domus
634 2078 869 2118 silentium
893 2084 937 2118 et
954 2077 1142 2117 deuotio
1161 2088 1243 2116 eos
1261 2076 1526 2128 prouocat),
1547 2083 1644 2115 tum
1662 2082 1710 2114 ut
1727 2075 1783 2115 de
1801 2075 1874 2125 iis,

232 2163 354 2203 quae
377 2151 436 2191 ad
458 2150 722 2191 animorum
746 2151 947 2190 salutem
968 2148 1293 2189 tantummodo
1316 2147 1564 2199 pertinent,
1589 2153 1633 2186 et
1656 2146 1714 2186 ad
1742 2157 1874 2185 suum

232 2224 279 2263 in
312 2223 563 2263 uirtutibus
591 2221 856 2274 profectum
887 2227 1116 2272 spectant,
1154 2220 1399 2260 nobiscum
1430 2219 1476 2259 in
1507 2218 1801 2259 confessione
1832 2224 1875 2256 ct

233 2301 366 2335 extra
390 2295 516 2334 illam
540 2294 902 2334 communicent.
933 2293 1181 2333 Accedunt
1212 2291 1270 2331 ad
1299 2290 1372 2331 X.i
1401 2291 1512 2343 Jesu
1541 2301 1751 2330 mensam
1781 2300 1874 2329 non

232 2368 383 2407 solum
406 2367 452 2406 in
473 2366 635 2406 diebus
665 2365 930 2414 dominicis,
963 2364 1045 2404 sed
1073 2364 1213 2404 etiam
1243 2363 1459 2403 omnibus
1487 2361 1649 2402 diebus
1677 2360 1876 2409 festiuis,

233 2438 586 2490 quamplurimi3
610 2437 697 2477 etsi
724 2436 884 2487 templi
912 2435 1130 2487 angustia
1162 2446 1247 2474 nos
1274 2446 1366 2474 non
1399 2440 1632 2485 premeret
1659 2437 1874 2483 essetque

232 2510 311 2561 qui
345 2508 420 2550 X.1
448 2509 713 2549 doctrinam
751 2507 1020 2554 seminaret,
1058 2507 1324 2546 nullatenus
1355 2504 1569 2544 omnibus
1601 2502 1881 2543 satisfacere

233 2592 492 2632 possemus.
529 2579 761 2620 Dominus
792 2578 899 2630 Opt.
936 2578 1082 2629 Max„
1116 2577 1249 2617 cuius
1281 2576 1398 2615 haec
1430 2581 1560 2615 tanta
1591 2573 1758 2614 messis
1789 2580 1873 2621 est,

233 2663 353 2703 quae
375 2651 435 2691 ad
456 2652 684 2691 maiorem
707 2651 854 2702 ipsius
876 2649 1063 2689 laudem
1084 2653 1389 2694 concernunt,
1415 2646 1572 2687 faciat.

292 2859 301 2877 ¹
340 2860 602 2894 Autographae,
619 2860 651 2886 in
668 2858 900 2893 solioduplici.
918 2866 949 2884 n.
978 2857 1040 2884 5³6.
1063 2857 1116 2884 Ex
1141 2858 1267 2885 volum.
1293 2855 1466 2883 annii556.
1492 2854 1667 2882 Pertinent
1693 2858 1807 2880 tamen
1833 2853 1876 2879 ad„

236 2907 323 2934 hunc
348 2915 471 2935 annum
498 2909 565 2935 1555
586 2913 622 2935 ut
647 2916 687 2935 ex
714 2908 861 2935 POLANCI
888 2906 1066 2937 Chronico,
1090 2910 1113 2933 t.
1138 2914 1170 2937 V,
1194 2905 1365 2932 evincitur
1389 2908 1423 2931 et
1447 2911 1489 2930 ex
1513 2901 1802 2937 superscriptione
1828 2901 1874 2927 ad

234 2955 272 2981 P.
289 2954 483 2988 Ignatium.
