2047 3179
229 149 300 186 708
736 150 965 188 LITTERAE
993 162 1357 195 QUADRIMESTRES

227 247 323 298 piet
345 247 487 286 etiam
509 253 552 286 ct
575 247 756 298 domus,
780 247 886 288 licet
915 248 1103 299 exigua,
1128 260 1210 299 per
1239 260 1449 289 amorem
1470 249 1692 301 eiusdem,
1728 262 1868 303 quem

227 330 333 358 cum
356 318 474 358 coeli
497 330 666 370 capere
688 330 781 359 non
802 325 1010 370 possent,
1034 320 1185 371 potuit
1203 326 1359 360 tamen
1380 321 1520 360 Vnius
1537 321 1749 372 Virginis
1766 328 1861 363 Vte-

227 401 307 430 rus
324 389 555 441 accipere.

307 460 587 502 Scholastici
608 460 705 502 fere
726 461 914 502 ducenti
936 468 1044 502 sunt
1060 473 1272 511 numero,
1293 474 1430 514 quem
1451 462 1498 502 in
1515 463 1614 503 dies
1637 464 1788 515 magis
1811 476 1866 505 ac

226 532 378 582 magis
413 532 620 583 quotidie
661 533 988 584 pullulantium
1028 532 1382 574 adolescentum
1421 534 1666 575 multitudo
1704 543 1864 587 auget;

226 604 391 643 messis
413 603 600 655 quidem
621 610 817 655 apparet
837 605 998 653 multa,
1023 604 1228 655 operarii
1250 610 1405 645 autem
1426 605 1578 657 pauci,
1608 606 1691 646 sed
1713 618 1864 659 neque

225 675 381 715 omnia
411 686 661 726 possumus
691 686 852 715 omnes
885 687 1035 726 neque
1065 681 1236 715 cuncta
1264 676 1527 727 expetenda
1558 684 1665 717 sunt
1697 678 1756 718 ad
1789 690 1867 718 no-

224 754 373 786 strum
395 752 570 786 votum.
594 746 751 786 Verus
772 745 1118 786 Paterfamilias
1140 746 1355 787 Christus
1375 746 1513 800 Jesus
1534 748 1687 789 mittat
1709 761 1867 801 quarn—

224 818 449 869 plurimos
473 817 716 869 operarios
739 818 785 857 in
806 817 997 857 Vineam
1019 828 1160 868 quam
1181 818 1413 869 plantauit
1435 818 1631 859 dextera
1653 831 1756 861 sua.

305 889 543 930 Exercitia
565 889 775 929 literaria
798 889 1040 929 crebriora
1067 895 1175 929 sunt
1196 889 1242 929 in
1264 888 1378 939 dies,
1410 890 1625 941 publicae
1656 891 1864 943 aliquan-

224 961 283 1001 do
305 961 534 1001 habentur
558 960 810 1011 orationes,
841 960 1027 1001 interim
1057 960 1258 1012 dialogis
1289 961 1445 1001 latinis
1475 973 1502 1001 a
1528 962 1702 1002 nostris
1733 962 1864 1003 disci-

223 1032 345 1084 pulis
366 1031 655 1083 composstis,
680 1032 755 1071 vel
777 1043 803 1071 a
825 1032 1212 1084 praeceptoribus
1233 1032 1489 1083 translatis,
1515 1033 1695 1074 animos
1717 1033 1865 1074 refici-

223 1115 341 1144 mus.
372 1102 422 1144 In
449 1103 647 1154 singulis
677 1102 886 1143 sabbatis
915 1103 1201 1143 assertiones
1221 1103 1488 1144 rhetoricae
1515 1104 1785 1156 fulciuntur,
1818 1105 1865 1146 in

224 1175 328 1216 aliis
350 1175 492 1215 etiarn
513 1175 744 1215 classibus
764 1186 848 1215 suo
870 1174 1059 1215 modulo
1081 1174 1353 1215 scholastici
1377 1175 1570 1215 alternis
1591 1175 1774 1217 Vicibus
1800 1176 1862 1217 in-

223 1252 468 1298 terrogant
485 1252 529 1286 et
552 1245 854 1298 respondent:
879 1246 1046 1298 quibus
1063 1246 1193 1286 hisce
1211 1246 1427 1287 omnibus
1444 1246 1561 1287 adeo
1579 1247 1865 1288 studentium

223 1319 409 1359 animus
442 1318 719 1369 deuincitur‚
753 1324 804 1358 vt
830 1318 993 1358 nullibi
1024 1318 1119 1358 iam
1149 1324 1342 1368 possent
1375 1318 1608 1359 lubentius
1640 1319 1866 1360 lectiones

223 1389 387 1430 audire
410 1401 550 1441 quam
573 1389 698 1441 apud
719 1395 972 1429 nostrates.

303 1460 420 1503 Sunt
441 1468 485 1501 et
508 1461 600 1501 alia
621 1460 813 1501 maioris
836 1460 1028 1509 ordinis,
1053 1460 1099 1501 in
1122 1460 1290 1512 quibus
1312 1460 1470 1501 diuina
1491 1461 1749 1503 liberalitas
1771 1462 1864 1503 the-

222 1545 390 1574 sauros
411 1532 766 1573 misericordiae
787 1544 900 1573 suae
922 1531 1261 1583 benignissime
1283 1532 1458 1583 pandit.
1479 1532 1598 1573 Nam
1616 1540 1659 1574 et
1677 1534 1865 1586 aliquae

223 1605 542 1645 nobilissimae
572 1603 823 1655 foeminae,
856 1615 975 1655 quae
1003 1609 1216 1646 nostrum
1252 1605 1426 1646 adeunt
1455 1606 1694 1656 sacellum,
1725 1612 1864 1646 antea

222 1677 387 1717 solitae
409 1682 453 1716 et
476 1687 592 1716 auro
615 1682 659 1716 et
680 1675 880 1727 gemmis
902 1681 947 1716 et
968 1675 1187 1726 pretiosis
1204 1676 1454 1717 monilibus
1477 1676 1713 1728 exornari,
1739 1677 1865 1718 omni

221 1748 316 1788 iam
336 1748 574 1788 mundano
596 1747 720 1787 fastu
742 1747 972 1799 deposito,
1007 1747 1349 1788 moderatiores
1378 1748 1613 1800 incedunt,
1638 1755 1682 1789 et
1711 1749 1864 1800 placet

221 1820 316 1860 iarn
338 1820 394 1860 de
415 1820 555 1860 rebus
580 1819 752 1859 diuinis
772 1819 973 1859 miscere
997 1830 1254 1860 sermones:
1280 1820 1399 1859 aliae
1421 1831 1534 1860 vero
1563 1820 1763 1860 orationi
1783 1832 1863 1860 va-

223 1897 346 1941 cant,
372 1897 416 1932 et
437 1891 577 1931 rebus
599 1890 921 1942 spiritualibus
945 1902 1138 1942 operam
1161 1890 1274 1931 dare
1295 1897 1532 1942 satagunt,
1559 1898 1658 1932 tum
1680 1892 1740 1932 ad
1757 1904 1862 1933 con-

220 1963 474 2004 fessionem
495 1970 538 2003 et
560 1974 748 2003 sacram
775 1961 1124 2002 Eucharistiam
1152 1962 1423 2003 adueniunt.
1448 1963 1675 2004 Virorum
1706 1969 1864 2004 autem

220 2035 438 2087 quamuis
459 2046 552 2075 non
574 2034 690 2074 adeo
718 2044 921 2085 magnus
949 2040 1018 2073 est
1047 2044 1285 2084 numerus,
1315 2033 1379 2073 illi
1400 2040 1573 2085 tamen,
1598 2034 1677 2085 qui
1699 2034 1759 2074 ad
1777 2047 1863 2075 nos

222 2107 432 2155 veniunt,
463 2106 690 2158 probatae
718 2111 826 2145 sunt
853 2104 975 2154 fidei,
1010 2110 1055 2144 et
1083 2105 1375 2145 incessanter
1403 2112 1725 2156 perseuerant.
1757 2105 1863 2146 Non

221 2184 290 2218 est
321 2178 507 2218 silentio
538 2176 922 2229 supprimendum
954 2175 978 2227 ¹,
1009 2176 1134 2228 quod
1169 2187 1264 2216 non
1299 2176 1456 2216 multis
1492 2177 1662 2217 abhinc
1699 2178 1862 2218 diebus

222 2249 350 2290 Deus
377 2256 537 2290 noster
564 2260 648 2300 pro
676 2259 762 2288 sua
790 2247 964 2299 pietate
992 2247 1178 2299 operari
1201 2247 1422 2298 dignatus
1445 2253 1536 2299 est;
1567 2260 1678 2288 nam
1699 2255 1744 2288 et
1765 2250 1861 2300 qui-

221 2321 351 2372 dam,
386 2321 459 2361 cui
494 2320 670 2372 absque
697 2318 1013 2371 poenitentiae
1042 2324 1340 2358 sacramento
1372 2318 1541 2370 viginti
1579 2325 1624 2360 et
1659 2326 1862 2372 quatuor

219 2393 368 2445 elapsi
389 2392 574 2432 fuerant
595 2391 720 2441 anni,
744 2390 1003 2431 mutatione
1025 2389 1248 2430 dexterae
1265 2389 1453 2431 Excelsi
1471 2389 1530 2430 ad
1546 2390 1719 2431 bonam
1735 2403 1859 2431 men·

219 2472 315 2505 tem
335 2470 603 2513 reuocatus,
626 2473 789 2503 omnes
810 2461 1128 2502 conscientiae
1149 2461 1277 2501 sinus
1300 2462 1496 2513 aperuit,
1521 2469 1565 2502 et
1587 2473 1693 2502 cum
1714 2463 1859 2502 maxi-

220 2536 308 2576 mis
343 2535 491 2586 signis
525 2546 668 2575 verae
701 2533 1018 2585 poenitentiae
1048 2532 1293 2572 confessus
1329 2538 1412 2574 est.
1443 2532 1551 2573 Fuit
1582 2539 1626 2573 et
1653 2533 1861 2574 foemina

220 2606 466 2659 quaedam,
500 2617 636 2658 quae,
661 2604 910 2645 duodecim
940 2615 1089 2644 annos
1116 2610 1312 2655 peccato
1340 2605 1528 2645 mortali
1556 2605 1861 2656 pertinaciter

220 2678 497 2728 adhaerens,
518 2684 562 2717 et
574 2676 885 2717 confitebatur
902 2682 945 2716 et
959 2675 1017 2715 ad
1035 2675 1384 2715 sanctissimum
1401 2687 1572 2727 corpus
1591 2676 1766 2717 Christi
1782 2689 1859 2728 pu—

219 2750 338 2790 blice
358 2761 453 2789 non
472 2748 758 2789 formidabat
785 2745 1033 2797 accedere3
1065 2757 1172 2786 cum
1193 2751 1350 2786 tamen
1371 2746 1418 2786 in
1440 2747 1653 2787 omnibus
1683 2747 1860 2787 confes—

220 2821 430 2861 sionibus
446 2821 601 2860 sciens
618 2825 662 2860 et
678 2819 844 2859 volens
861 2828 1007 2858 vnum
1023 2817 1177 2857 celare
1194 2823 1442 2868 peccatum
1457 2818 1698 2869 voluisset;
1718 2829 1860 2869 quam

275 2980 285 2999 ¹
326 2979 380 3006 Sic
393 2980 425 3007 in
441 2981 552 3008 altero
568 2979 785 3013 autographo
800 2979 966 3013 exemplo;
977 2975 1126 3012 primum
1141 2975 1244 3004 habet
1260 2978 1526 3006 involvendum.
