2047 3179
175 134 248 172 678
686 134 914 173 LITTERAE
941 147 1300 179 QUADRmffisrREs

177 238 221 272 et
243 232 314 272 ch’
340 232 412 271 all’
434 232 551 272 hora
577 232 889 273 mancarebbe
920 233 950 273 il
982 245 1102 284 pane
1130 234 1174 273 al
1204 234 1402 285 collegio
1431 240 1594 275 nostro
1628 235 1815 286 quando

178 303 491 343 mancarebbe
514 315 540 343 a
561 304 639 345 lui.

258 373 361 415 Non
382 374 445 414 mi
465 385 659 415 occorre
681 375 801 416 altro
823 375 868 415 di
887 375 1114 416 scriuerui
1130 387 1214 426 per
1232 375 1415 427 adeSSO,
1435 387 1584 416 senon
1600 376 1685 416 che
1703 377 1809 417 tutti

177 445 220 485 ci
240 446 637 487 raccomandamo
658 446 960 487 humilmente
983 448 1070 486 alle
1091 452 1250 487 uostre
1272 447 1488 488 orationi.

257 517 331 557 Da
352 517 570 569 Perog1a,
596 530 622 558 a
644 517 735 559 (118
756 518 799 558 d'
825 517 1053 559 Ottouero
1080 517 1194 558 1555.

470 588 542 629 De
563 589 621 630 V.
647 588 696 629 P.
719 601 857 630 seruo
879 589 1098 641 indegno,

955 732 1058 773 G10.
1093 732 1306 773 ANTONIO
1332 733 1597 773 VIPERANO.

259 945 613 998 superscriptio
634 945 684 986 in
707 950 882 998 quarta
896 946 1106 998 pagina:
1126 946 1155 991 †
1175 945 1235 985 Al
1263 947 1407 986 molto
1434 946 1536 986 R.d0
1556 948 1602 987 in
1629 947 1713 988 X.0
1734 947 1817 988 Pa-

178 1017 281 1069 dre,
313 1018 344 1058 il
372 1017 421 1058 P.
452 1017 590 1058 Mtro.
622 1017 805 1069 Ignatio
837 1018 893 1058 de
923 1017 1119 1069 Loona,
1155 1017 1400 1069 Preposito
1431 1017 1661 1059 Generale
1697 1019 1818 1060 della

179 1088 474 1141 Compagnia
495 1089 542 1129 di
563 1089 722 1139 Giesu,
747 1101 773 1129 a
794 1089 958 1130 Roma.

258 1160 370 1201 Alia
405 1172 568 1200 manu:
597 1160 749 1214 jesus.
791 1160 906 1201 1555.
944 1160 1163 1212 Perugia.
1203 1160 1546 1212 Quadrimestri
1576 1161 1682 1201 delli
1711 1160 1737 1201 8
1771 1162 1814 1202 d‘

177 1238 282 1273 ott.e

348 1661 634 1689 praecedentium
648 1662 789 1696 Joannis
807 1662 946 1690 Antonii
961 1661 1130 1696 Viperani
1145 1662 1341 1688 litterarum
1358 1660 1468 1688 latina
1482 1659 1599 1687 versio
1616 1658 1642 1686 ¹.

950 1825 1050 1901 If-IS

257 2023 358 2063 Pax
378 2023 453 2064 X.i

255 2095 351 2136 Nos
373 2107 550 2147 omnes,
576 2095 677 2136 R.de
695 2095 760 2145 P„
785 2095 903 2135 bene
925 2096 1152 2135 ualemus:
1173 2092 1411 2134 consuetis
1429 2091 1596 2131 studiis
1613 2095 1658 2130 et
1674 2099 1816 2139 nego-

175 2167 253 2207 tiis
271 2165 434 2207 Patres
455 2173 500 2207 et
517 2167 691 2208 fratres
714 2173 1022 2218 occupantur,
1047 2166 1215 2217 quibus
1237 2171 1282 2204 et
1310 2164 1401 2204 sibi
1423 2169 1468 2203 et
1491 2162 1595 2202 aliis
1616 2171 1817 2201 summo-

173 2250 285 2290 pere
307 2246 518 2290 prosunt.
546 2238 717 2290 Atque,
741 2245 790 2278 ut
812 2238 921 2278 hinc
944 2237 1256 2289 auspicemur,
1283 2247 1401 2287 quae
1418 2234 1491 2274 his
1507 2239 1709 2285 quatuor
1727 2232 1816 2270 ela-

173 2311 271 2362 psis
293 2310 545 2358 mensibus,
570 2310 731 2350 diuina
752 2310 908 2361 gratia
926 2309 1194 2359 adiuuante,
1218 2308 1293 2348 hic
1309 2312 1445 2358 gesta
1464 2312 1587 2355 sunt,
1613 2303 1811 2355 permul-

171 2388 248 2423 tae
269 2382 491 2433 uirgines,
516 2381 709 2422 Patrum
731 2392 890 2431 opera,
915 2380 1090 2421 Christi
1108 2378 1316 2419 consiliis
1334 2377 1729 2427 obtemperantes,
1752 2373 1819 2413 ui-

174 2460 272 2493 tam
306 2464 441 2492 suam
475 2452 695 2504 religioni
733 2452 1063 2492 commendare
1099 2450 1232 2490 firmo
1264 2449 1421 2489 animo
1453 2449 1814 2499 proposuerunt.

175 2522 389 2574 Plerique
412 2523 552 2563 etiam
575 2524 769 2563 iuuenes
798 2522 1074 2573 religionem
1100 2522 1219 2561 uelle
1249 2519 1467 2571 amplecti
1496 2517 1735 2564 uidentur,
1762 2526 1820 2555 ex

178 2595 346 2646 quibus
366 2606 510 2634 unum
527 2595 678 2634 bonae
696 2594 879 2644 indolis,
901 2604 1050 2633 annos
1067 2599 1229 2632 natum
1247 2590 1434 2631 circiter
1452 2589 1614 2628 decem
1631 2594 1677 2627 et
1697 2594 1818 2633 octo,

177 2665 311 2706 breui
332 2665 556 2707 Societati
578 2673 769 2706 nostrae
792 2677 841 2706 se
863 2665 1082 2705 daturum
1106 2673 1367 2715 speramus.
1392 2661 1450 2701 Et
1470 2658 1699 2710 proximis
1732 2657 1823 2696 die-

176 2736 263 2776 bus
285 2737 489 2788 quidam,
514 2743 648 2777 extra
671 2737 948 2788 religionem
972 2735 1030 2775 ad
1052 2735 1262 2775 seculum
1293 2742 1538 2784 egressus,
1570 2728 1822 2781 spirituali-

177 2807 263 2847 bus
286 2809 523 2848 exercitiis
545 2808 604 2848 ad
627 2808 866 2848 meliorem
888 2807 1013 2847 uitae
1037 2805 1227 2846 modum
1248 2810 1319 2844 est
1342 2808 1608 2843 reuocatus.
1632 2800 1689 2840 Et
1711 2810 1822 2851 quo-

235 2967 243 2986 ¹
282 2967 532 3002 Autographae
549 2968 581 2995 in
598 2969 678 2995 folio
695 2968 831 3002 duplici,
848 2976 877 2994 n.
891 2968 935 2994 70.
