2047 3179
214 164 286 201 472
732 166 959 207 LirrERAE
986 181 1344 214 thofflmfisrrffls

799 621 1202 678 CCCLXXXV
1215 624 1281 677 11

287 849 332 885 l).
362 849 662 897 Hieronymus
682 849 751 887 del
766 849 950 888 Portillo

335 914 459 952 Patri
477 914 671 952 Antonio
691 914 745 952 de
763 914 927 953 Araoz.

380 979 685 1028 Septimancis,
706 981 730 1019 5
746 980 850 1029 Maji
871 981 973 1019 1555.

508 1183 626 1216 (Edita
638 1184 708 1218 jam
724 1187 775 1211 est
793 1184 826 1211 in
844 1183 969 1211 Cartas
984 1185 1027 1211 de
1043 1184 1114 1211 San
1130 1185 1286 1218 Ignacio,
1300 1189 1329 1215 t.
1346 1193 1379 1220 v,
1395 1193 1478 1221 pag.
1493 1185 1576 1220 432.)

779 1384 1298 1440 CCCLXXXVIII

286 1618 447 1657 Petrus
467 1620 662 1667 Sylvius,

334 1683 405 1722 Ex
425 1685 748 1723 commissione
769 1685 815 1723 P.
839 1687 1021 1733 Joannis
1041 1686 1270 1724 Laurentii
1292 1684 1546 1731 Cavallerii‚

380 1750 502 1788 Patri
521 1751 692 1799 Ignatio
709 1752 762 1789 de
781 1752 967 1798 Loyola.

401 1816 622 1865 [Tybure‚
642 1817 665 1854 9
683 1817 790 1866 Maji
810 1818 902 1856 1555
920 1819 944 1853 ².

975 1975 1074 2052 fflis

292 2171 459 2213 Gratia
481 2178 526 2212 et
553 2183 648 2223 pax
674 2170 866 2212 Domini
894 2171 1005 2225 Jesu
1033 2170 1208 2212 Christi
1234 2171 1292 2211 sit
1319 2183 1504 2223 semper
1531 2176 1862 2222 augeaturque

209 2244 256 2284 in
278 2243 497 2284 cordibus
518 2243 708 2284 nostris.
731 2243 898 2283 Arnen.

289 2315 450 2367 Elapsi
471 2314 828 2367 quadrimestris
850 2315 944 2354 iam
964 2314 1203 2355 reddenda
1219 2314 1338 2355 ratio
1356 2314 1511 2366 potius
1532 2313 1591 2354 ad
1613 2314 1851 2354 anteriora

209 2387 382 2427 rectius
405 2386 619 2427 obeunda
641 2398 728 2426 nos
749 2386 940 2437 excitat,
966 2385 1066 2426 Rde
1092 2386 1139 2426 in
1164 2386 1276 2439 Jesu
1297 2385 1484 2426 Christo
1514 2385 1675 2435 Pater,
1708 2396 1849 2436 quam

208 2459 523 2510 posteriorum
538 2457 866 2498 recordatione
883 2459 1167 2498 consoletur.
1185 2456 1366 2498 Verum
1387 2457 1425 2497 si
1446 2457 1598 2497 minus
1620 2456 1847 2496 hactenus

208 2530 468 2570 laborando
491 2530 704 2582 partibus
725 2529 900 2569 nostris
922 2528 1257 2579 satisfecimus,
1281 2529 1472 2579 saltem,
1497 2528 1739 2579 ignauiam
1764 2526 1848 2567 Pa-

210 2601 475 2642 trifamilias
496 2600 866 2650 manifestando,
894 2599 1096 2640 officium
1116 2606 1329 2640 nostrum
1351 2611 1409 2639 ex
1430 2605 1564 2651 parte
1587 2598 1676 2638 hac
1697 2599 1850 2649 exple-

209 2672 375 2722 bimus,
399 2679 444 2712 et
470 2671 593 2724 quod
613 2678 828 2712 nostrum
849 2677 918 2711 est
940 2671 1122 2723 exequi.

290 2742 503 2783 Profesto
525 2743 753 2783 Matthaei
773 2742 1007 2794 Apostoli,
1037 2741 1161 2793 1554,
1191 2741 1353 2794 Tybur
1375 2741 1547 2782 isthinc
1573 2742 1788 2782 venimus
1818 2741 1845 2780 2.

267 2853 276 2873 ¹
315 2854 565 2888 Apographum
582 2854 614 2881 in
630 2854 708 2882 solio
719 2854 831 2890 unico,
844 2862 876 2881 n.
888 2854 933 2888 44,
950 2862 1051 2881 manu
1066 2854 1125 2881 illa
1137 2854 1302 2882 flandrica
1313 2857 1372 2882 aut
1383 2854 1592 2889 germanica,
1603 2854 1642 2881 de
1655 2860 1721 2888 qua
1732 2860 1847 2887 supra,

213 2907 292 2934 pag.
305 2901 367 2932 397,
383 2905 498 2928 annot.
516 2902 540 2932 1.
555 2901 682 2928 mentio
697 2901 791 2929 facta
806 2905 869 2928 est.

266 2948 280 2966 2
319 2947 442 2975 Petrus
465 2948 604 2984 Sylvius
626 2948 839 2975 valetudinis
861 2956 966 2975 causa
987 2948 1096 2976 Roma
1117 2948 1235 2984 Tybur
1257 2948 1380 2975 missus
1395 2952 1457 2976 est.
1476 2947 1563 2975 Vide
1586 2948 1735 2975 PoLANCI
1751 2947 1855 2975 Clzro—

222 3002 337 3028 meon,
355 2999 377 3023 t.
391 3003 438 3030 111,
455 3003 534 3030 pag.
551 2996 595 3029 ΠΟ,
618 3004 649 3022 n.
665 2996 710 3023 28.
728 2995 831 3022 Plura
848 2997 880 3022 in
895 2995 994 3022 Nova
1013 2995 1113 3022 Serie
1129 2996 1334 3023 litterarum
1352 2995 1474 3023 Sancti
1488 2995 1635 3028 Ignatii.
