<?xml version="1.0" encoding="UTF-8"?>
<!DOCTYPE html PUBLIC "-//W3C//DTD XHTML 1.0 Transitional//EN"
    "http://www.w3.org/TR/xhtml1/DTD/xhtml1-transitional.dtd">
<html xmlns="http://www.w3.org/1999/xhtml" xml:lang="en" lang="en">
 <head>
  <title>
</title>
<meta http-equiv="Content-Type" content="text/html;charset=utf-8" />
  <meta name='ocr-system' content='tesseract 3.04.00' />
  <meta name='ocr-capabilities' content='ocr_page ocr_carea ocr_par ocr_line ocrx_word'/>
</head>
<body>
  <div class='ocr_page' id='page_1' title='image "./litteraequadrime15lain_0158.png"; bbox 0 0 2047 3179; ppageno 0'>
   <div class='ocr_carea' id='block_1_1' title="bbox 222 145 1350 193">
    <p class='ocr_par' dir='ltr' id='par_1_1' title="bbox 222 145 1350 193">
     <span class='ocr_line' id='line_1_1' title="bbox 222 145 1350 193; baseline 0.006 -12"><span class='ocrx_word' id='word_1_1' title='bbox 222 145 291 182; x_wconf 77' lang='lat'>152</span> <span class='ocrx_word' id='word_1_2' title='bbox 734 147 963 185; x_wconf 61' lang='lat' dir='ltr'>anmm</span> <span class='ocrx_word' id='word_1_3' title='bbox 991 160 1350 193; x_wconf 74' lang='lat' dir='ltr'>QUADmMESTREs</span> 
     </span>
    </p>
   </div>
   <div class='ocr_carea' id='block_1_2' title="bbox 207 243 1869 3012">
    <p class='ocr_par' dir='ltr' id='par_1_2' title="bbox 221 243 1869 724">
     <span class='ocr_line' id='line_1_2' title="bbox 221 243 1865 299; baseline 0.004 -17"><span class='ocrx_word' id='word_1_4' title='bbox 221 243 451 284; x_wconf 89' lang='lat' dir='ltr'>rationem</span> <span class='ocrx_word' id='word_1_5' title='bbox 471 245 649 296; x_wconf 84' lang='lat' dir='ltr'>pariter</span> <span class='ocrx_word' id='word_1_6' title='bbox 670 251 714 285; x_wconf 90' lang='lat' dir='ltr'>et</span> <span class='ocrx_word' id='word_1_7' title='bbox 736 245 1034 286; x_wconf 90' lang='lat' dir='ltr'>deuotionem</span> <span class='ocrx_word' id='word_1_8' title='bbox 1056 259 1191 287; x_wconf 91' lang='lat' dir='ltr'>omne</span> <span class='ocrx_word' id='word_1_9' title='bbox 1212 247 1322 287; x_wconf 92' lang='lat' dir='ltr'>illud</span> <span class='ocrx_word' id='word_1_10' title='bbox 1345 247 1567 299; x_wconf 89' lang='lat' dir='ltr'>oppidum</span> <span class='ocrx_word' id='word_1_11' title='bbox 1588 249 1865 290; x_wconf 59' lang='lat' dir='ltr'>commouit,</span> 
     </span>
     <span class='ocr_line' id='line_1_3' title="bbox 221 313 1862 369; baseline 0.002 -15"><span class='ocrx_word' id='word_1_12' title='bbox 221 313 350 355; x_wconf 91' lang='lat' dir='ltr'>Deus</span> <span class='ocrx_word' id='word_1_13' title='bbox 372 321 526 355; x_wconf 89' lang='lat' dir='ltr'>autem</span> <span class='ocrx_word' id='word_1_14' title='bbox 549 327 639 368; x_wconf 91' lang='lat' dir='ltr'>qua</span> <span class='ocrx_word' id='word_1_15' title='bbox 664 317 1073 358; x_wconf 77' lang='lat' dir='ltr'>commiseratione</span> <span class='ocrx_word' id='word_1_16' title='bbox 1107 319 1222 358; x_wconf 90' lang='lat' dir='ltr'>istos</span> <span class='ocrx_word' id='word_1_17' title='bbox 1251 324 1502 358; x_wconf 87' lang='lat' dir='ltr'>conseruat</span> <span class='ocrx_word' id='word_1_18' title='bbox 1529 324 1573 358; x_wconf 91' lang='lat' dir='ltr'>et</span> <span class='ocrx_word' id='word_1_19' title='bbox 1594 326 1862 369; x_wconf 77' lang='lat' dir='ltr'>promouet,</span> 
     </span>
     <span class='ocr_line' id='line_1_4' title="bbox 221 386 1858 442; baseline 0.002 -16"><span class='ocrx_word' id='word_1_20' title='bbox 221 386 385 427; x_wconf 88' lang='lat' dir='ltr'>eadem</span> <span class='ocrx_word' id='word_1_21' title='bbox 407 394 450 427; x_wconf 91' lang='lat' dir='ltr'>et</span> <span class='ocrx_word' id='word_1_22' title='bbox 473 388 589 427; x_wconf 85' lang='lat' dir='ltr'>alios</span> <span class='ocrx_word' id='word_1_23' title='bbox 610 389 856 440; x_wconf 87' lang='lat' dir='ltr'>plerosque</span> <span class='ocrx_word' id='word_1_24' title='bbox 879 389 938 429; x_wconf 85' lang='lat' dir='ltr'>ad</span> <span class='ocrx_word' id='word_1_25' title='bbox 959 390 1085 429; x_wconf 90' lang='lat' dir='ltr'>uiam</span> <span class='ocrx_word' id='word_1_26' title='bbox 1102 390 1307 430; x_wconf 88' lang='lat' dir='ltr'>iustitiae</span> <span class='ocrx_word' id='word_1_27' title='bbox 1328 394 1535 429; x_wconf 86' lang='lat' dir='ltr'>reuocat.</span> <span class='ocrx_word' id='word_1_28' title='bbox 1560 387 1741 430; x_wconf 88' lang='lat' dir='ltr'>Doctor</span> <span class='ocrx_word' id='word_1_29' title='bbox 1762 391 1858 442; x_wconf 88' lang='lat' dir='ltr'>qui-</span> 
     </span>
     <span class='ocr_line' id='line_1_5' title="bbox 221 458 1869 512; baseline 0.002 -14"><span class='ocrx_word' id='word_1_30' title='bbox 221 458 344 507; x_wconf 87' lang='lat' dir='ltr'>dam,</span> <span class='ocrx_word' id='word_1_31' title='bbox 367 459 501 499; x_wconf 89' lang='lat' dir='ltr'>nobis</span> <span class='ocrx_word' id='word_1_32' title='bbox 522 465 629 500; x_wconf 91' lang='lat' dir='ltr'>ante</span> <span class='ocrx_word' id='word_1_33' title='bbox 651 460 895 510; x_wconf 85' lang='lat' dir='ltr'>aduersus,</span> <span class='ocrx_word' id='word_1_34' title='bbox 918 472 1123 512; x_wconf 88' lang='lat' dir='ltr'>eousque</span> <span class='ocrx_word' id='word_1_35' title='bbox 1144 467 1350 501; x_wconf 90' lang='lat' dir='ltr'>mutatus</span> <span class='ocrx_word' id='word_1_36' title='bbox 1371 466 1454 511; x_wconf 88' lang='lat' dir='ltr'>est,</span> <span class='ocrx_word' id='word_1_37' title='bbox 1473 467 1524 500; x_wconf 89' lang='lat' dir='ltr'>ut</span> <span class='ocrx_word' id='word_1_38' title='bbox 1543 472 1636 500; x_wconf 92' lang='lat' dir='ltr'>non</span> <span class='ocrx_word' id='word_1_39' title='bbox 1658 461 1723 501; x_wconf 89' lang='lat' dir='ltr'>illi</span> <span class='ocrx_word' id='word_1_40' title='bbox 1744 462 1869 502; x_wconf 24' lang='lat' dir='ltr'>satis,</span> 
     </span>
     <span class='ocr_line' id='line_1_6' title="bbox 221 529 1864 584; baseline 0.002 -15"><span class='ocrx_word' id='word_1_41' title='bbox 221 529 280 568; x_wconf 87' lang='lat' dir='ltr'>sit</span> <span class='ocrx_word' id='word_1_42' title='bbox 297 536 465 569; x_wconf 87' lang='lat' dir='ltr'>octauo</span> <span class='ocrx_word' id='word_1_43' title='bbox 484 542 667 582; x_wconf 88' lang='lat' dir='ltr'>quoque</span> <span class='ocrx_word' id='word_1_44' title='bbox 685 532 757 571; x_wconf 87' lang='lat' dir='ltr'>die</span> <span class='ocrx_word' id='word_1_45' title='bbox 776 533 1138 582; x_wconf 84' lang='lat' dir='ltr'>communicare;</span> <span class='ocrx_word' id='word_1_46' title='bbox 1163 539 1207 572; x_wconf 92' lang='lat' dir='ltr'>et</span> <span class='ocrx_word' id='word_1_47' title='bbox 1226 533 1333 572; x_wconf 91' lang='lat' dir='ltr'>licet</span> <span class='ocrx_word' id='word_1_48' title='bbox 1354 531 1414 572; x_wconf 90' lang='lat' dir='ltr'>sit</span> <span class='ocrx_word' id='word_1_49' title='bbox 1435 531 1572 572; x_wconf 85' lang='lat' dir='ltr'>uxori</span> <span class='ocrx_word' id='word_1_50' title='bbox 1588 532 1864 584; x_wconf 75' lang='lat' dir='ltr'>obstrictus,</span> 
     </span>
     <span class='ocr_line' id='line_1_7' title="bbox 222 585 1857 654; baseline 0.002 -14"><span class='ocrx_word' id='word_1_51' title='bbox 222 607 380 652; x_wconf 82' lang='lat' dir='ltr'>sperat</span> <span class='ocrx_word' id='word_1_52' title='bbox 415 585 570 642; x_wconf 72' lang='lat' dir='ltr'>tamen</span> <span class='ocrx_word' id='word_1_53' title='bbox 597 602 711 652; x_wconf 89' lang='lat' dir='ltr'>fore,</span> <span class='ocrx_word' id='word_1_54' title='bbox 742 610 790 643; x_wconf 87' lang='lat' dir='ltr'>ut</span> <span class='ocrx_word' id='word_1_55' title='bbox 819 604 896 643; x_wconf 89' lang='lat' dir='ltr'>illa</span> <span class='ocrx_word' id='word_1_56' title='bbox 926 603 1264 643; x_wconf 87' lang='lat' dir='ltr'>monasterium</span> <span class='ocrx_word' id='word_1_57' title='bbox 1295 602 1498 654; x_wconf 77' lang='lat' dir='ltr'>aliquod,</span> <span class='ocrx_word' id='word_1_58' title='bbox 1532 603 1632 654; x_wconf 90' lang='lat' dir='ltr'>ipse</span> <span class='ocrx_word' id='word_1_59' title='bbox 1653 602 1857 644; x_wconf 87' lang='lat' dir='ltr'>Societa·</span> 
     </span>
     <span class='ocr_line' id='line_1_8' title="bbox 221 674 895 724; baseline 0 -12"><span class='ocrx_word' id='word_1_60' title='bbox 221 679 315 712; x_wconf 91' lang='lat' dir='ltr'>tem</span> <span class='ocrx_word' id='word_1_61' title='bbox 335 679 566 724; x_wconf 87' lang='lat' dir='ltr'>nostram,</span> <span class='ocrx_word' id='word_1_62' title='bbox 590 674 895 724; x_wconf 71' lang='lat' dir='ltr'>ingrediatur.</span> 
     </span>
    </p>

    <p class='ocr_par' dir='ltr' id='par_1_3' title="bbox 216 743 1867 1367">
     <span class='ocr_line' id='line_1_9' title="bbox 300 743 1863 796; baseline 0.001 -12"><span class='ocrx_word' id='word_1_63' title='bbox 300 743 592 784; x_wconf 77' lang='lat' dir='ltr'>Adolescens</span> <span class='ocrx_word' id='word_1_64' title='bbox 613 745 817 796; x_wconf 82' lang='lat' dir='ltr'>quidam,</span> <span class='ocrx_word' id='word_1_65' title='bbox 844 757 994 785; x_wconf 86' lang='lat' dir='ltr'>annos</span> <span class='ocrx_word' id='word_1_66' title='bbox 1015 751 1154 785; x_wconf 89' lang='lat' dir='ltr'>natus</span> <span class='ocrx_word' id='word_1_67' title='bbox 1175 745 1234 795; x_wconf 85' lang='lat'>19,</span> <span class='ocrx_word' id='word_1_68' title='bbox 1256 744 1521 785; x_wconf 89' lang='lat' dir='ltr'>Cardinalis</span> <span class='ocrx_word' id='word_1_69' title='bbox 1542 744 1863 786; x_wconf 82' lang='lat' dir='ltr'>Messanensis</span> 
     </span>
     <span class='ocr_line' id='line_1_10' title="bbox 220 817 1867 869; baseline 0.002 -15"><span class='ocrx_word' id='word_1_70' title='bbox 220 826 278 854; x_wconf 82' lang='lat' dir='ltr'>ex</span> <span class='ocrx_word' id='word_1_71' title='bbox 299 822 504 866; x_wconf 82' lang='lat' dir='ltr'>cognata</span> <span class='ocrx_word' id='word_1_72' title='bbox 522 827 681 867; x_wconf 88' lang='lat' dir='ltr'>nepos,</span> <span class='ocrx_word' id='word_1_73' title='bbox 702 817 908 868; x_wconf 89' lang='lat' dir='ltr'>acceptis</span> <span class='ocrx_word' id='word_1_74' title='bbox 926 817 983 855; x_wconf 90' lang='lat' dir='ltr'>ab</span> <span class='ocrx_word' id='word_1_75' title='bbox 1002 828 1093 856; x_wconf 90' lang='lat' dir='ltr'>uno</span> <span class='ocrx_word' id='word_1_76' title='bbox 1111 824 1297 869; x_wconf 85' lang='lat' dir='ltr'>patrum</span> <span class='ocrx_word' id='word_1_77' title='bbox 1318 822 1588 856; x_wconf 91' lang='lat' dir='ltr'>nostrorum</span> <span class='ocrx_word' id='word_1_78' title='bbox 1606 817 1867 863; x_wconf 72' lang='lat' dir='ltr'>exercitiis,</span> 
     </span>
     <span class='ocr_line' id='line_1_11' title="bbox 222 885 1863 940; baseline 0.002 -14"><span class='ocrx_word' id='word_1_79' title='bbox 222 887 328 926; x_wconf 90' lang='lat' dir='ltr'>huic</span> <span class='ocrx_word' id='word_1_80' title='bbox 350 898 398 926; x_wconf 89' lang='lat' dir='ltr'>se</span> <span class='ocrx_word' id='word_1_81' title='bbox 421 885 643 927; x_wconf 84' lang='lat' dir='ltr'>Societati</span> <span class='ocrx_word' id='word_1_82' title='bbox 665 888 855 938; x_wconf 88' lang='lat' dir='ltr'>dicauit,</span> <span class='ocrx_word' id='word_1_83' title='bbox 885 887 1076 940; x_wconf 90' lang='lat' dir='ltr'>fierique</span> <span class='ocrx_word' id='word_1_84' title='bbox 1105 888 1275 939; x_wconf 87' lang='lat' dir='ltr'>poterit</span> <span class='ocrx_word' id='word_1_85' title='bbox 1302 893 1350 927; x_wconf 88' lang='lat' dir='ltr'>ut</span> <span class='ocrx_word' id='word_1_86' title='bbox 1373 888 1513 938; x_wconf 87' lang='lat' dir='ltr'>paulo</span> <span class='ocrx_word' id='word_1_87' title='bbox 1537 894 1642 939; x_wconf 89' lang='lat' dir='ltr'>post</span> <span class='ocrx_word' id='word_1_88' title='bbox 1664 887 1863 929; x_wconf 87' lang='lat' dir='ltr'>Romam</span> 
     </span>
     <span class='ocr_line' id='line_1_12' title="bbox 220 957 1863 1012; baseline 0.002 -15"><span class='ocrx_word' id='word_1_89' title='bbox 220 969 269 997; x_wconf 88' lang='lat' dir='ltr'>se</span> <span class='ocrx_word' id='word_1_90' title='bbox 291 958 516 998; x_wconf 87' lang='lat' dir='ltr'>conferat.</span> <span class='ocrx_word' id='word_1_91' title='bbox 540 958 655 998; x_wconf 87' lang='lat' dir='ltr'>Tres</span> <span class='ocrx_word' id='word_1_92' title='bbox 679 959 887 1010; x_wconf 88' lang='lat' dir='ltr'>uirgines</span> <span class='ocrx_word' id='word_1_93' title='bbox 903 959 1241 999; x_wconf 85' lang='lat' dir='ltr'>monasterium</span> <span class='ocrx_word' id='word_1_94' title='bbox 1261 957 1738 1009; x_wconf 87' lang='lat' dir='ltr'>ingredistatuerunt:</span> <span class='ocrx_word' id='word_1_95' title='bbox 1763 960 1863 1012; x_wconf 84' lang='lat' dir='ltr'>plu-</span> 
     </span>
     <span class='ocr_line' id='line_1_13' title="bbox 219 1029 1865 1081; baseline 0.002 -13"><span class='ocrx_word' id='word_1_96' title='bbox 219 1040 308 1079; x_wconf 92' lang='lat' dir='ltr'>res,</span> <span class='ocrx_word' id='word_1_97' title='bbox 333 1029 418 1069; x_wconf 89' lang='lat' dir='ltr'>etsi</span> <span class='ocrx_word' id='word_1_98' title='bbox 439 1030 587 1069; x_wconf 86' lang='lat' dir='ltr'>nolint</span> <span class='ocrx_word' id='word_1_99' title='bbox 608 1030 730 1070; x_wconf 86' lang='lat' dir='ltr'>idem</span> <span class='ocrx_word' id='word_1_100' title='bbox 751 1030 923 1081; x_wconf 87' lang='lat' dir='ltr'>facere,</span> <span class='ocrx_word' id='word_1_101' title='bbox 948 1042 1081 1071; x_wconf 89' lang='lat' dir='ltr'>suam</span> <span class='ocrx_word' id='word_1_102' title='bbox 1102 1038 1260 1071; x_wconf 86' lang='lat' dir='ltr'>tamen</span> <span class='ocrx_word' id='word_1_103' title='bbox 1282 1029 1605 1081; x_wconf 88' lang='lat' dir='ltr'>uirginitatem</span> <span class='ocrx_word' id='word_1_104' title='bbox 1625 1031 1726 1071; x_wconf 89' lang='lat' dir='ltr'>Deo</span> <span class='ocrx_word' id='word_1_105' title='bbox 1750 1043 1865 1072; x_wconf 29' lang='lat' dir='ltr'>con-⁷</span> 
     </span>
     <span class='ocr_line' id='line_1_14' title="bbox 219 1100 1858 1153; baseline 0.001 -13"><span class='ocrx_word' id='word_1_106' title='bbox 219 1107 479 1140; x_wconf 86' lang='lat' dir='ltr'>secrarunt.</span> <span class='ocrx_word' id='word_1_107' title='bbox 499 1100 649 1152; x_wconf 86' lang='lat' dir='ltr'>Rapta</span> <span class='ocrx_word' id='word_1_108' title='bbox 668 1101 899 1152; x_wconf 89' lang='lat' dir='ltr'>quaedam</span> <span class='ocrx_word' id='word_1_109' title='bbox 917 1114 941 1142; x_wconf 94' lang='lat' dir='ltr'>e</span> <span class='ocrx_word' id='word_1_110' title='bbox 958 1102 1258 1152; x_wconf 80' lang='lat' dir='ltr'>monasterio,</span> <span class='ocrx_word' id='word_1_111' title='bbox 1279 1113 1385 1142; x_wconf 89' lang='lat' dir='ltr'>curn</span> <span class='ocrx_word' id='word_1_112' title='bbox 1402 1107 1525 1142; x_wconf 89' lang='lat' dir='ltr'>esset</span> <span class='ocrx_word' id='word_1_113' title='bbox 1543 1114 1776 1143; x_wconf 88' lang='lat' dir='ltr'>annorum</span> <span class='ocrx_word' id='word_1_114' title='bbox 1796 1103 1858 1153; x_wconf 84' lang='lat'>16,</span> 
     </span>
     <span class='ocr_line' id='line_1_15' title="bbox 217 1172 1864 1225; baseline 0.002 -13"><span class='ocrx_word' id='word_1_115' title='bbox 217 1183 428 1224; x_wconf 88' lang='lat' dir='ltr'>quaeque</span> <span class='ocrx_word' id='word_1_116' title='bbox 449 1179 612 1224; x_wconf 86' lang='lat' dir='ltr'>postea</span> <span class='ocrx_word' id='word_1_117' title='bbox 634 1173 679 1212; x_wconf 91' lang='lat' dir='ltr'>in</span> <span class='ocrx_word' id='word_1_118' title='bbox 702 1172 1027 1224; x_wconf 81' lang='lat' dir='ltr'>fornicatione,</span> <span class='ocrx_word' id='word_1_119' title='bbox 1052 1185 1133 1214; x_wconf 91' lang='lat' dir='ltr'>seu</span> <span class='ocrx_word' id='word_1_120' title='bbox 1156 1174 1337 1213; x_wconf 89' lang='lat' dir='ltr'>incestu</span> <span class='ocrx_word' id='word_1_121' title='bbox 1359 1173 1528 1225; x_wconf 89' lang='lat' dir='ltr'>potius,</span> <span class='ocrx_word' id='word_1_122' title='bbox 1562 1173 1679 1214; x_wconf 90' lang='lat' dir='ltr'>duos</span> <span class='ocrx_word' id='word_1_123' title='bbox 1711 1187 1864 1216; x_wconf 85' lang='lat' dir='ltr'>annos</span> 
     </span>
     <span class='ocr_line' id='line_1_16' title="bbox 216 1244 1864 1296; baseline 0.002 -13"><span class='ocrx_word' id='word_1_124' title='bbox 216 1250 392 1295; x_wconf 82' lang='lat' dir='ltr'>egerat,</span> <span class='ocrx_word' id='word_1_125' title='bbox 417 1245 626 1293; x_wconf 86' lang='lat' dir='ltr'>generali</span> <span class='ocrx_word' id='word_1_126' title='bbox 645 1244 771 1285; x_wconf 87' lang='lat' dir='ltr'>facta</span> <span class='ocrx_word' id='word_1_127' title='bbox 793 1244 1102 1295; x_wconf 88' lang='lat' dir='ltr'>confessione,</span> <span class='ocrx_word' id='word_1_128' title='bbox 1126 1244 1342 1296; x_wconf 80' lang='lat' dir='ltr'>promisit</span> <span class='ocrx_word' id='word_1_129' title='bbox 1365 1256 1415 1284; x_wconf 90' lang='lat' dir='ltr'>se</span> <span class='ocrx_word' id='word_1_130' title='bbox 1437 1245 1496 1284; x_wconf 89' lang='lat' dir='ltr'>ad</span> <span class='ocrx_word' id='word_1_131' title='bbox 1517 1247 1864 1287; x_wconf 87' lang='lat' dir='ltr'>monasterium</span> 
     </span>
     <span class='ocr_line' id='line_1_17' title="bbox 216 1315 1802 1367; baseline 0.001 -12"><span class='ocrx_word' id='word_1_132' title='bbox 216 1315 367 1355; x_wconf 90' lang='lat' dir='ltr'>redire</span> <span class='ocrx_word' id='word_1_133' title='bbox 389 1316 521 1366; x_wconf 92' lang='lat' dir='ltr'>uelle,</span> <span class='ocrx_word' id='word_1_134' title='bbox 545 1327 693 1367; x_wconf 88' lang='lat' dir='ltr'>eoque</span> <span class='ocrx_word' id='word_1_135' title='bbox 715 1316 885 1367; x_wconf 89' lang='lat' dir='ltr'>animo,</span> <span class='ocrx_word' id='word_1_136' title='bbox 910 1322 959 1356; x_wconf 93' lang='lat' dir='ltr'>ut</span> <span class='ocrx_word' id='word_1_137' title='bbox 981 1315 1227 1366; x_wconf 89' lang='lat' dir='ltr'>credimus,</span> <span class='ocrx_word' id='word_1_138' title='bbox 1247 1328 1306 1356; x_wconf 84' lang='lat' dir='ltr'>ex</span> <span class='ocrx_word' id='word_1_139' title='bbox 1327 1315 1417 1356; x_wconf 87' lang='lat' dir='ltr'>hac</span> <span class='ocrx_word' id='word_1_140' title='bbox 1436 1316 1550 1356; x_wconf 88' lang='lat' dir='ltr'>urbe</span> <span class='ocrx_word' id='word_1_141' title='bbox 1572 1316 1802 1357; x_wconf 82' lang='lat' dir='ltr'>discessit.</span> 
     </span>
    </p>

    <p class='ocr_par' dir='ltr' id='par_1_4' title="bbox 207 1386 1867 2439">
     <span class='ocr_line' id='line_1_18' title="bbox 294 1386 1861 1439; baseline 0.001 -12"><span class='ocrx_word' id='word_1_142' title='bbox 294 1386 410 1427; x_wconf 84' lang='lat' dir='ltr'>Viro</span> <span class='ocrx_word' id='word_1_143' title='bbox 432 1387 619 1427; x_wconf 90' lang='lat' dir='ltr'>cuidam</span> <span class='ocrx_word' id='word_1_144' title='bbox 639 1394 683 1427; x_wconf 89' lang='lat' dir='ltr'>et</span> <span class='ocrx_word' id='word_1_145' title='bbox 705 1388 803 1427; x_wconf 91' lang='lat' dir='ltr'>eius</span> <span class='ocrx_word' id='word_1_146' title='bbox 824 1387 961 1427; x_wconf 83' lang='lat' dir='ltr'>uxori</span> <span class='ocrx_word' id='word_1_147' title='bbox 981 1394 1281 1439; x_wconf 85' lang='lat' dir='ltr'>persuaserat</span> <span class='ocrx_word' id='word_1_148' title='bbox 1314 1387 1529 1438; x_wconf 87' lang='lat' dir='ltr'>daemon,</span> <span class='ocrx_word' id='word_1_149' title='bbox 1554 1394 1603 1428; x_wconf 91' lang='lat' dir='ltr'>ut</span> <span class='ocrx_word' id='word_1_150' title='bbox 1635 1394 1760 1428; x_wconf 91' lang='lat' dir='ltr'>metu</span> <span class='ocrx_word' id='word_1_151' title='bbox 1783 1401 1861 1429; x_wconf 78' lang='lat' dir='ltr'>ca·</span> 
     </span>
     <span class='ocr_line' id='line_1_19' title="bbox 214 1458 1867 1512; baseline 0.001 -14"><span class='ocrx_word' id='word_1_152' title='bbox 214 1458 481 1499; x_wconf 82' lang='lat' dir='ltr'>lamitatum</span> <span class='ocrx_word' id='word_1_153' title='bbox 509 1465 916 1499; x_wconf 86' lang='lat' dir='ltr'>sacramentorum</span> <span class='ocrx_word' id='word_1_154' title='bbox 943 1470 1079 1499; x_wconf 92' lang='lat' dir='ltr'>usum</span> <span class='ocrx_word' id='word_1_155' title='bbox 1105 1470 1300 1510; x_wconf 90' lang='lat' dir='ltr'>prorsus</span> <span class='ocrx_word' id='word_1_156' title='bbox 1326 1459 1639 1511; x_wconf 82' lang='lat' dir='ltr'>negligerent,</span> <span class='ocrx_word' id='word_1_157' title='bbox 1669 1459 1867 1512; x_wconf 81' lang='lat' dir='ltr'>iamque</span> 
     </span>
     <span class='ocr_line' id='line_1_20' title="bbox 213 1529 1856 1582; baseline 0.001 -13"><span class='ocrx_word' id='word_1_158' title='bbox 213 1541 362 1570; x_wconf 88' lang='lat' dir='ltr'>annos</span> <span class='ocrx_word' id='word_1_159' title='bbox 381 1531 407 1569; x_wconf 84' lang='lat'>5</span> <span class='ocrx_word' id='word_1_160' title='bbox 428 1536 507 1570; x_wconf 88' lang='lat' dir='ltr'>aut</span> <span class='ocrx_word' id='word_1_161' title='bbox 526 1529 550 1569; x_wconf 85' lang='lat'>6</span> <span class='ocrx_word' id='word_1_162' title='bbox 580 1530 638 1570; x_wconf 88' lang='lat' dir='ltr'>iis</span> <span class='ocrx_word' id='word_1_163' title='bbox 657 1536 923 1580; x_wconf 74' lang='lat' dir='ltr'>caruerant,</span> <span class='ocrx_word' id='word_1_164' title='bbox 948 1530 1009 1579; x_wconf 89' lang='lat' dir='ltr'>hi,</span> <span class='ocrx_word' id='word_1_165' title='bbox 1034 1536 1283 1581; x_wconf 83' lang='lat' dir='ltr'>postquam</span> <span class='ocrx_word' id='word_1_166' title='bbox 1304 1536 1413 1570; x_wconf 89' lang='lat' dir='ltr'>sunt</span> <span class='ocrx_word' id='word_1_167' title='bbox 1441 1530 1660 1582; x_wconf 87' lang='lat' dir='ltr'>confessi,</span> <span class='ocrx_word' id='word_1_168' title='bbox 1684 1531 1856 1572; x_wconf 87' lang='lat' dir='ltr'>firmio-</span> 
     </span>
     <span class='ocr_line' id='line_1_21' title="bbox 212 1601 1861 1654; baseline 0.001 -13"><span class='ocrx_word' id='word_1_169' title='bbox 212 1612 288 1641; x_wconf 89' lang='lat' dir='ltr'>res</span> <span class='ocrx_word' id='word_1_170' title='bbox 309 1612 365 1641; x_wconf 93' lang='lat' dir='ltr'>ac</span> <span class='ocrx_word' id='word_1_171' title='bbox 386 1601 634 1641; x_wconf 86' lang='lat' dir='ltr'>hilariores</span> <span class='ocrx_word' id='word_1_172' title='bbox 664 1601 722 1641; x_wconf 88' lang='lat' dir='ltr'>ad</span> <span class='ocrx_word' id='word_1_173' title='bbox 757 1613 868 1641; x_wconf 90' lang='lat' dir='ltr'>suos</span> <span class='ocrx_word' id='word_1_174' title='bbox 902 1601 1155 1641; x_wconf 89' lang='lat' dir='ltr'>redierunt.</span> <span class='ocrx_word' id='word_1_175' title='bbox 1182 1601 1382 1642; x_wconf 83' lang='lat' dir='ltr'>Rediere</span> <span class='ocrx_word' id='word_1_176' title='bbox 1417 1613 1599 1654; x_wconf 89' lang='lat' dir='ltr'>quoque</span> <span class='ocrx_word' id='word_1_177' title='bbox 1635 1603 1695 1643; x_wconf 89' lang='lat' dir='ltr'>ad</span> <span class='ocrx_word' id='word_1_178' title='bbox 1729 1614 1779 1643; x_wconf 92' lang='lat' dir='ltr'>se</span> <span class='ocrx_word' id='word_1_179' title='bbox 1815 1608 1861 1643; x_wconf 81' lang='lat' dir='ltr'>et</span> 
     </span>
     <span class='ocr_line' id='line_1_22' title="bbox 212 1671 1861 1725; baseline 0.002 -13"><span class='ocrx_word' id='word_1_180' title='bbox 212 1673 271 1713; x_wconf 87' lang='lat' dir='ltr'>ad</span> <span class='ocrx_word' id='word_1_181' title='bbox 301 1671 456 1713; x_wconf 89' lang='lat' dir='ltr'>Deum</span> <span class='ocrx_word' id='word_1_182' title='bbox 491 1684 624 1713; x_wconf 91' lang='lat' dir='ltr'>suum</span> <span class='ocrx_word' id='word_1_183' title='bbox 668 1673 951 1724; x_wconf 84' lang='lat' dir='ltr'>turpissimis</span> <span class='ocrx_word' id='word_1_184' title='bbox 985 1673 1316 1725; x_wconf 89' lang='lat' dir='ltr'>uoluptatibus,</span> <span class='ocrx_word' id='word_1_185' title='bbox 1342 1673 1388 1713; x_wconf 88' lang='lat' dir='ltr'>id</span> <span class='ocrx_word' id='word_1_186' title='bbox 1423 1674 1547 1725; x_wconf 92' lang='lat' dir='ltr'>quod</span> <span class='ocrx_word' id='word_1_187' title='bbox 1570 1680 1738 1725; x_wconf 88' lang='lat' dir='ltr'>patens</span> <span class='ocrx_word' id='word_1_188' title='bbox 1759 1682 1861 1715; x_wconf 88' lang='lat' dir='ltr'>erat</span> 
     </span>
     <span class='ocr_line' id='line_1_23' title="bbox 216 1743 1864 1795; baseline 0.001 -11"><span class='ocrx_word' id='word_1_189' title='bbox 216 1744 446 1794; x_wconf 80' lang='lat' dir='ltr'>omnibuS,</span> <span class='ocrx_word' id='word_1_190' title='bbox 470 1744 628 1784; x_wconf 88' lang='lat' dir='ltr'>dediti.</span> <span class='ocrx_word' id='word_1_191' title='bbox 651 1743 847 1784; x_wconf 90' lang='lat' dir='ltr'>Necnon</span> <span class='ocrx_word' id='word_1_192' title='bbox 876 1745 1016 1784; x_wconf 84' lang='lat' dir='ltr'>etiarn</span> <span class='ocrx_word' id='word_1_193' title='bbox 1040 1744 1118 1795; x_wconf 92' lang='lat' dir='ltr'>qui</span> <span class='ocrx_word' id='word_1_194' title='bbox 1140 1756 1166 1784; x_wconf 92' lang='lat' dir='ltr'>a</span> <span class='ocrx_word' id='word_1_195' title='bbox 1189 1745 1346 1784; x_wconf 89' lang='lat' dir='ltr'>multis</span> <span class='ocrx_word' id='word_1_196' title='bbox 1368 1745 1506 1785; x_wconf 89' lang='lat' dir='ltr'>annis</span> <span class='ocrx_word' id='word_1_197' title='bbox 1528 1745 1730 1786; x_wconf 88' lang='lat' dir='ltr'>confessi</span> <span class='ocrx_word' id='word_1_198' title='bbox 1765 1758 1864 1786; x_wconf 56' lang='lat' dir='ltr'>non&gt;</span> 
     </span>
     <span class='ocr_line' id='line_1_24' title="bbox 209 1815 1853 1867; baseline 0.002 -12"><span class='ocrx_word' id='word_1_199' title='bbox 209 1821 358 1866; x_wconf 89' lang='lat' dir='ltr'>erant,</span> <span class='ocrx_word' id='word_1_200' title='bbox 384 1821 523 1867; x_wconf 87' lang='lat' dir='ltr'>atque</span> <span class='ocrx_word' id='word_1_201' title='bbox 544 1815 664 1856; x_wconf 88' lang='lat' dir='ltr'>inter</span> <span class='ocrx_word' id='word_1_202' title='bbox 686 1816 772 1855; x_wconf 91' lang='lat' dir='ltr'>hos</span> <span class='ocrx_word' id='word_1_203' title='bbox 792 1827 914 1856; x_wconf 91' lang='lat' dir='ltr'>unus</span> <span class='ocrx_word' id='word_1_204' title='bbox 944 1816 1021 1867; x_wconf 92' lang='lat' dir='ltr'>qui</span> <span class='ocrx_word' id='word_1_205' title='bbox 1041 1828 1067 1855; x_wconf 90' lang='lat' dir='ltr'>a</span> <span class='ocrx_word' id='word_1_206' title='bbox 1089 1816 1251 1856; x_wconf 89' lang='lat' dir='ltr'>decem</span> <span class='ocrx_word' id='word_1_207' title='bbox 1274 1817 1426 1856; x_wconf 89' lang='lat' dir='ltr'>annis.</span> <span class='ocrx_word' id='word_1_208' title='bbox 1452 1816 1751 1858; x_wconf 85' lang='lat' dir='ltr'>Remiserunt</span> <span class='ocrx_word' id='word_1_209' title='bbox 1774 1818 1853 1858; x_wconf 87' lang='lat' dir='ltr'>alii</span> 
     </span>
     <span class='ocr_line' id='line_1_25' title="bbox 208 1886 1858 1939; baseline 0.002 -13"><span class='ocrx_word' id='word_1_210' title='bbox 208 1886 331 1936; x_wconf 89' lang='lat' dir='ltr'>odia,</span> <span class='ocrx_word' id='word_1_211' title='bbox 356 1886 447 1937; x_wconf 89' lang='lat' dir='ltr'>alii,</span> <span class='ocrx_word' id='word_1_212' title='bbox 473 1898 589 1938; x_wconf 91' lang='lat' dir='ltr'>quas</span> <span class='ocrx_word' id='word_1_213' title='bbox 611 1887 864 1938; x_wconf 86' lang='lat' dir='ltr'>habebant,</span> <span class='ocrx_word' id='word_1_214' title='bbox 887 1899 1060 1927; x_wconf 82' lang='lat' dir='ltr'>uxores</span> <span class='ocrx_word' id='word_1_215' title='bbox 1082 1887 1260 1928; x_wconf 87' lang='lat' dir='ltr'>alienas</span> <span class='ocrx_word' id='word_1_216' title='bbox 1282 1888 1614 1939; x_wconf 86' lang='lat' dir='ltr'>amandarunt;</span> <span class='ocrx_word' id='word_1_217' title='bbox 1634 1888 1715 1929; x_wconf 87' lang='lat' dir='ltr'>sed</span> <span class='ocrx_word' id='word_1_218' title='bbox 1737 1889 1858 1930; x_wconf 87' lang='lat' dir='ltr'>haec</span> 
     </span>
     <span class='ocr_line' id='line_1_26' title="bbox 207 1958 1855 2010; baseline 0.002 -13"><span class='ocrx_word' id='word_1_219' title='bbox 207 1958 312 2009; x_wconf 88' lang='lat' dir='ltr'>quis</span> <span class='ocrx_word' id='word_1_220' title='bbox 332 1958 480 2009; x_wconf 89' lang='lat' dir='ltr'>possit</span> <span class='ocrx_word' id='word_1_221' title='bbox 501 1958 742 2009; x_wconf 83' lang='lat' dir='ltr'>sigillatim</span> <span class='ocrx_word' id='word_1_222' title='bbox 763 1959 1000 2010; x_wconf 76' lang='lat' dir='ltr'>persequi?</span> <span class='ocrx_word' id='word_1_223' title='bbox 1022 1958 1130 1999; x_wconf 89' lang='lat' dir='ltr'>Vna</span> <span class='ocrx_word' id='word_1_224' title='bbox 1151 1971 1246 1999; x_wconf 83' lang='lat' dir='ltr'>uox</span> <span class='ocrx_word' id='word_1_225' title='bbox 1267 1965 1337 1999; x_wconf 89' lang='lat' dir='ltr'>est</span> <span class='ocrx_word' id='word_1_226' title='bbox 1355 1960 1623 2010; x_wconf 90' lang='lat' dir='ltr'>multorum,</span> <span class='ocrx_word' id='word_1_227' title='bbox 1648 1966 1747 2000; x_wconf 87' lang='lat' dir='ltr'>tum</span> <span class='ocrx_word' id='word_1_228' title='bbox 1766 1960 1855 2001; x_wconf 91' lang='lat' dir='ltr'>sibi</span> 
     </span>
     <span class='ocr_line' id='line_1_27' title="bbox 209 2028 1855 2082; baseline 0.003 -14"><span class='ocrx_word' id='word_1_229' title='bbox 209 2028 357 2069; x_wconf 90' lang='lat' dir='ltr'>uideri</span> <span class='ocrx_word' id='word_1_230' title='bbox 378 2030 546 2081; x_wconf 90' lang='lat' dir='ltr'>quietis</span> <span class='ocrx_word' id='word_1_231' title='bbox 569 2029 744 2081; x_wconf 73' lang='lat' dir='ltr'>ahquid</span> <span class='ocrx_word' id='word_1_232' title='bbox 767 2036 811 2069; x_wconf 92' lang='lat' dir='ltr'>et</span> <span class='ocrx_word' id='word_1_233' title='bbox 832 2030 1038 2069; x_wconf 89' lang='lat' dir='ltr'>laetitiae</span> <span class='ocrx_word' id='word_1_234' title='bbox 1060 2030 1317 2082; x_wconf 88' lang='lat' dir='ltr'>spiritualis</span> <span class='ocrx_word' id='word_1_235' title='bbox 1340 2031 1529 2079; x_wconf 84' lang='lat' dir='ltr'>sentire,</span> <span class='ocrx_word' id='word_1_236' title='bbox 1555 2043 1660 2072; x_wconf 90' lang='lat' dir='ltr'>cum</span> <span class='ocrx_word' id='word_1_237' title='bbox 1683 2039 1790 2073; x_wconf 90' lang='lat' dir='ltr'>sunt</span> <span class='ocrx_word' id='word_1_238' title='bbox 1807 2032 1855 2072; x_wconf 88' lang='lat' dir='ltr'>in</span> 
     </span>
     <span class='ocr_line' id='line_1_28' title="bbox 208 2100 1856 2155; baseline 0.002 -15"><span class='ocrx_word' id='word_1_239' title='bbox 208 2101 379 2152; x_wconf 87' lang='lat' dir='ltr'>templo</span> <span class='ocrx_word' id='word_1_240' title='bbox 402 2100 513 2141; x_wconf 92' lang='lat' dir='ltr'>Diui</span> <span class='ocrx_word' id='word_1_241' title='bbox 534 2101 732 2151; x_wconf 86' lang='lat' dir='ltr'>Nicolai;</span> <span class='ocrx_word' id='word_1_242' title='bbox 756 2108 994 2141; x_wconf 88' lang='lat' dir='ltr'>caeterum</span> <span class='ocrx_word' id='word_1_243' title='bbox 1012 2102 1172 2142; x_wconf 91' lang='lat' dir='ltr'>mundi</span> <span class='ocrx_word' id='word_1_244' title='bbox 1194 2103 1349 2142; x_wconf 86' lang='lat' dir='ltr'>omnia</span> <span class='ocrx_word' id='word_1_245' title='bbox 1368 2103 1540 2143; x_wconf 80' lang='lat' dir='ltr'>misera</span> <span class='ocrx_word' id='word_1_246' title='bbox 1564 2104 1856 2155; x_wconf 88' lang='lat' dir='ltr'>perturbata—</span> 
     </span>
     <span class='ocr_line' id='line_1_29' title="bbox 208 2171 1864 2225; baseline 0.002 -13"><span class='ocrx_word' id='word_1_247' title='bbox 208 2183 297 2223; x_wconf 90' lang='lat' dir='ltr'>que</span> <span class='ocrx_word' id='word_1_248' title='bbox 332 2183 451 2212; x_wconf 90' lang='lat' dir='ltr'>esse.</span> <span class='ocrx_word' id='word_1_249' title='bbox 486 2171 603 2213; x_wconf 84' lang='lat' dir='ltr'>Sunt</span> <span class='ocrx_word' id='word_1_250' title='bbox 631 2180 765 2213; x_wconf 84' lang='lat' dir='ltr'>extra</span> <span class='ocrx_word' id='word_1_251' title='bbox 794 2173 1045 2224; x_wconf 83' lang='lat' dir='ltr'>collegium</span> <span class='ocrx_word' id='word_1_252' title='bbox 1082 2175 1256 2214; x_wconf 89' lang='lat' dir='ltr'>multae</span> <span class='ocrx_word' id='word_1_253' title='bbox 1291 2174 1612 2215; x_wconf 88' lang='lat' dir='ltr'>confessiones</span> <span class='ocrx_word' id='word_1_254' title='bbox 1648 2175 1864 2225; x_wconf 63' lang='lat' dir='ltr'>auditae,</span> 
     </span>
     <span class='ocr_line' id='line_1_30' title="bbox 208 2244 1856 2299; baseline 0.002 -16"><span class='ocrx_word' id='word_1_255' title='bbox 208 2250 306 2284; x_wconf 89' lang='lat' dir='ltr'>tum</span> <span class='ocrx_word' id='word_1_256' title='bbox 327 2244 373 2284; x_wconf 89' lang='lat' dir='ltr'>in</span> <span class='ocrx_word' id='word_1_257' title='bbox 394 2244 719 2295; x_wconf 83' lang='lat' dir='ltr'>hospitalibus,</span> <span class='ocrx_word' id='word_1_258' title='bbox 744 2252 842 2285; x_wconf 91' lang='lat' dir='ltr'>tum</span> <span class='ocrx_word' id='word_1_259' title='bbox 864 2245 910 2285; x_wconf 91' lang='lat' dir='ltr'>in</span> <span class='ocrx_word' id='word_1_260' title='bbox 932 2245 1131 2298; x_wconf 85' lang='lat' dir='ltr'>priuatis</span> <span class='ocrx_word' id='word_1_261' title='bbox 1160 2246 1390 2287; x_wconf 88' lang='lat' dir='ltr'>domibus.</span> <span class='ocrx_word' id='word_1_262' title='bbox 1414 2246 1511 2287; x_wconf 86' lang='lat' dir='ltr'>Nec</span> <span class='ocrx_word' id='word_1_263' title='bbox 1533 2258 1643 2287; x_wconf 86' lang='lat' dir='ltr'>raro</span> <span class='ocrx_word' id='word_1_264' title='bbox 1665 2247 1856 2299; x_wconf 82' lang='lat' dir='ltr'>petendi</span> 
     </span>
     <span class='ocr_line' id='line_1_31' title="bbox 208 2316 1857 2370; baseline 0.003 -16"><span class='ocrx_word' id='word_1_265' title='bbox 208 2326 352 2355; x_wconf 87' lang='lat' dir='ltr'>causa</span> <span class='ocrx_word' id='word_1_266' title='bbox 374 2316 558 2356; x_wconf 88' lang='lat' dir='ltr'>consilii</span> <span class='ocrx_word' id='word_1_267' title='bbox 579 2316 669 2356; x_wconf 85' lang='lat' dir='ltr'>huc</span> <span class='ocrx_word' id='word_1_268' title='bbox 691 2316 1003 2368; x_wconf 86' lang='lat' dir='ltr'>concurritur,</span> <span class='ocrx_word' id='word_1_269' title='bbox 1018 2328 1194 2369; x_wconf 90' lang='lat' dir='ltr'>perque</span> <span class='ocrx_word' id='word_1_270' title='bbox 1213 2317 1338 2358; x_wconf 91' lang='lat' dir='ltr'>hunc</span> <span class='ocrx_word' id='word_1_271' title='bbox 1351 2317 1540 2358; x_wconf 89' lang='lat' dir='ltr'>modum</span> <span class='ocrx_word' id='word_1_272' title='bbox 1559 2319 1719 2369; x_wconf 84' lang='lat' dir='ltr'>multa,</span> <span class='ocrx_word' id='word_1_273' title='bbox 1735 2330 1857 2370; x_wconf 90' lang='lat' dir='ltr'>quae</span> 
     </span>
     <span class='ocr_line' id='line_1_32' title="bbox 209 2386 1107 2439; baseline 0.002 -13"><span class='ocrx_word' id='word_1_274' title='bbox 209 2386 365 2437; x_wconf 91' lang='lat' dir='ltr'>inique</span> <span class='ocrx_word' id='word_1_275' title='bbox 387 2387 724 2439; x_wconf 88' lang='lat' dir='ltr'>retinebantur,</span> <span class='ocrx_word' id='word_1_276' title='bbox 749 2394 857 2428; x_wconf 92' lang='lat' dir='ltr'>sunt</span> <span class='ocrx_word' id='word_1_277' title='bbox 874 2388 1107 2428; x_wconf 87' lang='lat' dir='ltr'>restituta.</span> 
     </span>
    </p>

    <p class='ocr_par' dir='ltr' id='par_1_5' title="bbox 210 2456 1860 2783">
     <span class='ocr_line' id='line_1_33' title="bbox 288 2456 1857 2514; baseline 0.003 -17"><span class='ocrx_word' id='word_1_278' title='bbox 288 2456 594 2498; x_wconf 87' lang='lat' dir='ltr'>Reuerendus</span> <span class='ocrx_word' id='word_1_279' title='bbox 616 2457 756 2498; x_wconf 87' lang='lat' dir='ltr'>Pater</span> <span class='ocrx_word' id='word_1_280' title='bbox 781 2457 1109 2510; x_wconf 85' lang='lat' dir='ltr'>Prouincialis‚</span> <span class='ocrx_word' id='word_1_281' title='bbox 1134 2460 1305 2501; x_wconf 90' lang='lat' dir='ltr'>missus</span> <span class='ocrx_word' id='word_1_282' title='bbox 1327 2461 1386 2501; x_wconf 91' lang='lat' dir='ltr'>ad</span> <span class='ocrx_word' id='word_1_283' title='bbox 1407 2461 1518 2514; x_wconf 84' lang='lat' dir='ltr'>Julii</span> <span class='ocrx_word' id='word_1_284' title='bbox 1541 2460 1680 2501; x_wconf 86' lang='lat' dir='ltr'>finem</span> <span class='ocrx_word' id='word_1_285' title='bbox 1699 2473 1723 2501; x_wconf 92' lang='lat' dir='ltr'>a</span> <span class='ocrx_word' id='word_1_286' title='bbox 1746 2460 1857 2501; x_wconf 88' lang='lat' dir='ltr'>Pro-</span> 
     </span>
     <span class='ocr_line' id='line_1_34' title="bbox 210 2529 1856 2584; baseline 0.003 -16"><span class='ocrx_word' id='word_1_287' title='bbox 210 2540 321 2580; x_wconf 86' lang='lat' dir='ltr'>rege</span> <span class='ocrx_word' id='word_1_288' title='bbox 348 2536 396 2569; x_wconf 91' lang='lat' dir='ltr'>ut</span> <span class='ocrx_word' id='word_1_289' title='bbox 425 2530 524 2569; x_wconf 89' lang='lat' dir='ltr'>eius</span> <span class='ocrx_word' id='word_1_290' title='bbox 548 2529 688 2569; x_wconf 83' lang='lat' dir='ltr'>filiam</span> <span class='ocrx_word' id='word_1_291' title='bbox 719 2531 958 2581; x_wconf 88' lang='lat' dir='ltr'>inuiseret,</span> <span class='ocrx_word' id='word_1_292' title='bbox 982 2531 1191 2571; x_wconf 85' lang='lat' dir='ltr'>nondum</span> <span class='ocrx_word' id='word_1_293' title='bbox 1213 2532 1365 2573; x_wconf 89' lang='lat' dir='ltr'>rediit:</span> <span class='ocrx_word' id='word_1_294' title='bbox 1399 2540 1677 2584; x_wconf 84' lang='lat' dir='ltr'>expectatur</span> <span class='ocrx_word' id='word_1_295' title='bbox 1698 2538 1856 2573; x_wconf 89' lang='lat' dir='ltr'>tamen</span> 
     </span>
     <span class='ocr_line' id='line_1_35' title="bbox 210 2600 1855 2656; baseline 0.004 -17"><span class='ocrx_word' id='word_1_296' title='bbox 210 2600 257 2640; x_wconf 91' lang='lat' dir='ltr'>in</span> <span class='ocrx_word' id='word_1_297' title='bbox 280 2600 394 2651; x_wconf 86' lang='lat' dir='ltr'>dies,</span> <span class='ocrx_word' id='word_1_298' title='bbox 419 2608 463 2640; x_wconf 87' lang='lat' dir='ltr'>et</span> <span class='ocrx_word' id='word_1_299' title='bbox 484 2612 644 2641; x_wconf 88' lang='lat' dir='ltr'>morae</span> <span class='ocrx_word' id='word_1_300' title='bbox 666 2613 859 2642; x_wconf 81' lang='lat' dir='ltr'>causam</span> <span class='ocrx_word' id='word_1_301' title='bbox 881 2614 983 2642; x_wconf 84' lang='lat' dir='ltr'>esse</span> <span class='ocrx_word' id='word_1_302' title='bbox 1006 2603 1256 2652; x_wconf 86' lang='lat' dir='ltr'>credimus,</span> <span class='ocrx_word' id='word_1_303' title='bbox 1281 2604 1403 2656; x_wconf 90' lang='lat' dir='ltr'>quod</span> <span class='ocrx_word' id='word_1_304' title='bbox 1431 2603 1682 2656; x_wconf 85' lang='lat' dir='ltr'>Syracusis</span> <span class='ocrx_word' id='word_1_305' title='bbox 1704 2610 1748 2644; x_wconf 90' lang='lat' dir='ltr'>et</span> <span class='ocrx_word' id='word_1_306' title='bbox 1770 2604 1855 2645; x_wconf 91' lang='lat' dir='ltr'>Ca-</span> 
     </span>
     <span class='ocr_line' id='line_1_36' title="bbox 213 2672 1860 2727; baseline 0.003 -17"><span class='ocrx_word' id='word_1_307' title='bbox 213 2678 352 2711; x_wconf 86' lang='lat' dir='ltr'>tanae</span> <span class='ocrx_word' id='word_1_308' title='bbox 374 2672 431 2712; x_wconf 92' lang='lat' dir='ltr'>ob</span> <span class='ocrx_word' id='word_1_309' title='bbox 453 2673 666 2723; x_wconf 82' lang='lat' dir='ltr'>collegia,</span> <span class='ocrx_word' id='word_1_310' title='bbox 692 2685 810 2724; x_wconf 88' lang='lat' dir='ltr'>quac</span> <span class='ocrx_word' id='word_1_311' title='bbox 828 2674 890 2714; x_wconf 91' lang='lat' dir='ltr'>ibi</span> <span class='ocrx_word' id='word_1_312' title='bbox 908 2675 1167 2715; x_wconf 83' lang='lat' dir='ltr'>extruenda</span> <span class='ocrx_word' id='word_1_313' title='bbox 1187 2682 1427 2727; x_wconf 83' lang='lat' dir='ltr'>putantur,</span> <span class='ocrx_word' id='word_1_314' title='bbox 1452 2675 1724 2727; x_wconf 88' lang='lat' dir='ltr'>aliquandiu</span> <span class='ocrx_word' id='word_1_315' title='bbox 1741 2675 1860 2716; x_wconf 29' lang='lat' dir='ltr'>deti-⁷</span> 
     </span>
     <span class='ocr_line' id='line_1_37' title="bbox 212 2739 1654 2783; baseline 0.003 -1"><span class='ocrx_word' id='word_1_316' title='bbox 212 2743 315 2782; x_wconf 92' lang='lat' dir='ltr'>neri</span> <span class='ocrx_word' id='word_1_317' title='bbox 335 2754 527 2783; x_wconf 84' lang='lat' dir='ltr'>necesse</span> <span class='ocrx_word' id='word_1_318' title='bbox 549 2751 632 2783; x_wconf 85' lang='lat' dir='ltr'>est.</span> <span class='ocrx_word' id='word_1_319' title='bbox 1649 2739 1654 2743; x_wconf 49' lang='lat'><strong>⁴</strong></span> 
     </span>
    </p>

    <p class='ocr_par' dir='ltr' id='par_1_6' title="bbox 214 2813 1863 3012">
     <span class='ocr_line' id='line_1_38' title="bbox 293 2813 1856 2869; baseline 0.003 -16"><span class='ocrx_word' id='word_1_320' title='bbox 293 2813 448 2860; x_wconf 83' lang='lat' dir='ltr'>Plura,</span> <span class='ocrx_word' id='word_1_321' title='bbox 473 2826 591 2865; x_wconf 84' lang='lat' dir='ltr'>quac</span> <span class='ocrx_word' id='word_1_322' title='bbox 614 2816 831 2866; x_wconf 82' lang='lat' dir='ltr'>scribam,</span> <span class='ocrx_word' id='word_1_323' title='bbox 856 2817 1182 2858; x_wconf 85' lang='lat' dir='ltr'>colendissime</span> <span class='ocrx_word' id='word_1_324' title='bbox 1216 2819 1263 2858; x_wconf 90' lang='lat' dir='ltr'>in</span> <span class='ocrx_word' id='word_1_325' title='bbox 1285 2819 1371 2860; x_wconf 88' lang='lat' dir='ltr'>X.⁰</span> <span class='ocrx_word' id='word_1_326' title='bbox 1399 2818 1553 2869; x_wconf 86' lang='lat' dir='ltr'>Pater,</span> <span class='ocrx_word' id='word_1_327' title='bbox 1578 2829 1672 2858; x_wconf 91' lang='lat' dir='ltr'>non</span> <span class='ocrx_word' id='word_1_328' title='bbox 1693 2829 1856 2858; x_wconf 41' lang='lat' dir='ltr'>occurn</span> 
     </span>
     <span class='ocr_line' id='line_1_39' title="bbox 214 2886 1856 2941; baseline 0.004 -17"><span class='ocrx_word' id='word_1_329' title='bbox 214 2891 337 2934; x_wconf 74' lang='lat' dir='ltr'>runt,</span> <span class='ocrx_word' id='word_1_330' title='bbox 368 2891 412 2924; x_wconf 90' lang='lat' dir='ltr'>et</span> <span class='ocrx_word' id='word_1_331' title='bbox 445 2886 666 2936; x_wconf 83' lang='lat' dir='ltr'>quoniam</span> <span class='ocrx_word' id='word_1_332' title='bbox 702 2887 818 2926; x_wconf 85' lang='lat' dir='ltr'>haec</span> <span class='ocrx_word' id='word_1_333' title='bbox 849 2894 955 2927; x_wconf 89' lang='lat' dir='ltr'>sunt</span> <span class='ocrx_word' id='word_1_334' title='bbox 986 2889 1287 2941; x_wconf 81' lang='lat' dir='ltr'>paucissima,</span> <span class='ocrx_word' id='word_1_335' title='bbox 1319 2901 1542 2941; x_wconf 86' lang='lat' dir='ltr'>rogamus</span> <span class='ocrx_word' id='word_1_336' title='bbox 1561 2889 1615 2929; x_wconf 90' lang='lat' dir='ltr'>R.</span> <span class='ocrx_word' id='word_1_337' title='bbox 1641 2888 1689 2929; x_wconf 90' lang='lat' dir='ltr'>P.</span> <span class='ocrx_word' id='word_1_338' title='bbox 1715 2889 1767 2930; x_wconf 89' lang='lat' dir='ltr'>T.</span> <span class='ocrx_word' id='word_1_339' title='bbox 1804 2895 1856 2930; x_wconf 88' lang='lat' dir='ltr'>ut</span> 
     </span>
     <span class='ocr_line' id='line_1_40' title="bbox 218 2955 1863 3012; baseline 0.003 -17"><span class='ocrx_word' id='word_1_340' title='bbox 218 2955 343 3008; x_wconf 88' lang='lat' dir='ltr'>apud</span> <span class='ocrx_word' id='word_1_341' title='bbox 365 2955 532 3007; x_wconf 88' lang='lat' dir='ltr'>Deum,</span> <span class='ocrx_word' id='word_1_342' title='bbox 555 2958 632 3007; x_wconf 88' lang='lat' dir='ltr'>qui</span> <span class='ocrx_word' id='word_1_343' title='bbox 654 2963 820 3008; x_wconf 84' lang='lat' dir='ltr'>potens</span> <span class='ocrx_word' id='word_1_344' title='bbox 842 2965 910 2999; x_wconf 88' lang='lat' dir='ltr'>est</span> <span class='ocrx_word' id='word_1_345' title='bbox 941 2958 1098 3000; x_wconf 87' lang='lat' dir='ltr'>facere</span> <span class='ocrx_word' id='word_1_346' title='bbox 1120 2966 1169 3000; x_wconf 91' lang='lat' dir='ltr'>ut</span> <span class='ocrx_word' id='word_1_347' title='bbox 1195 2961 1296 3002; x_wconf 92' lang='lat' dir='ltr'>eius</span> <span class='ocrx_word' id='word_1_348' title='bbox 1323 2962 1477 3012; x_wconf 88' lang='lat' dir='ltr'>gratia</span> <span class='ocrx_word' id='word_1_349' title='bbox 1505 2961 1551 3001; x_wconf 94' lang='lat' dir='ltr'>in</span> <span class='ocrx_word' id='word_1_350' title='bbox 1580 2972 1716 3001; x_wconf 90' lang='lat' dir='ltr'>omne</span> <span class='ocrx_word' id='word_1_351' title='bbox 1738 2970 1863 3012; x_wconf 89' lang='lat' dir='ltr'>opus.</span> 
     </span>
    </p>
   </div>
  </div>
 </body>
</html>
