<?xml version="1.0" encoding="UTF-8"?>
<!DOCTYPE html PUBLIC "-//W3C//DTD XHTML 1.0 Transitional//EN"
    "http://www.w3.org/TR/xhtml1/DTD/xhtml1-transitional.dtd">
<html xmlns="http://www.w3.org/1999/xhtml" xml:lang="en" lang="en">
 <head>
  <title>
</title>
<meta http-equiv="Content-Type" content="text/html;charset=utf-8" />
  <meta name='ocr-system' content='tesseract 3.04.00' />
  <meta name='ocr-capabilities' content='ocr_page ocr_carea ocr_par ocr_line ocrx_word'/>
</head>
<body>
  <div class='ocr_page' id='page_1' title='image "./litteraequadrime15lain_0202.png"; bbox 0 0 2047 3179; ppageno 0'>
   <div class='ocr_carea' id='block_1_1' title="bbox 225 159 1343 206">
    <p class='ocr_par' dir='ltr' id='par_1_1' title="bbox 225 159 1343 206">
     <span class='ocr_line' id='line_1_1' title="bbox 225 159 1343 206; baseline 0.006 -11"><span class='ocrx_word' id='word_1_1' title='bbox 225 159 292 196; x_wconf 74' lang='lat'>106</span> <span class='ocrx_word' id='word_1_2' title='bbox 737 160 965 199; x_wconf 79' lang='lat' dir='ltr'><strong>LITTERAE</strong></span> <span class='ocrx_word' id='word_1_3' title='bbox 984 174 1343 206; x_wconf 79' lang='lat' dir='ltr'>QUADRIMESTRES</span> 
     </span>
    </p>
   </div>
   <div class='ocr_carea' id='block_1_2' title="bbox 200 258 1863 2162">
    <p class='ocr_par' dir='ltr' id='par_1_2' title="bbox 220 258 1863 382">
     <span class='ocr_line' id='line_1_2' title="bbox 222 258 1863 312; baseline 0.002 -14"><span class='ocrx_word' id='word_1_4' title='bbox 222 258 368 309; x_wconf 91' lang='lat' dir='ltr'>tione,</span> <span class='ocrx_word' id='word_1_5' title='bbox 411 259 695 310; x_wconf 84' lang='lat' dir='ltr'>vigesimum</span> <span class='ocrx_word' id='word_1_6' title='bbox 734 260 945 312; x_wconf 87' lang='lat' dir='ltr'>quintum</span> <span class='ocrx_word' id='word_1_7' title='bbox 992 272 1222 312; x_wconf 89' lang='lat' dir='ltr'>superans</span> <span class='ocrx_word' id='word_1_8' title='bbox 1263 272 1461 311; x_wconf 88' lang='lat' dir='ltr'>annum,</span> <span class='ocrx_word' id='word_1_9' title='bbox 1504 261 1863 302; x_wconf 75' lang='lat' dir='ltr'>humanioribus</span> 
     </span>
     <span class='ocr_line' id='line_1_3' title="bbox 220 330 1641 382; baseline 0.001 -12"><span class='ocrx_word' id='word_1_10' title='bbox 220 330 369 371; x_wconf 89' lang='lat' dir='ltr'>literis</span> <span class='ocrx_word' id='word_1_11' title='bbox 391 330 508 371; x_wconf 87' lang='lat' dir='ltr'>dans</span> <span class='ocrx_word' id='word_1_12' title='bbox 531 342 742 382; x_wconf 80' lang='lat' dir='ltr'>operam,</span> <span class='ocrx_word' id='word_1_13' title='bbox 766 331 916 371; x_wconf 87' lang='lat' dir='ltr'>bonae</span> <span class='ocrx_word' id='word_1_14' title='bbox 939 331 1108 372; x_wconf 88' lang='lat' dir='ltr'>indolis</span> <span class='ocrx_word' id='word_1_15' title='bbox 1130 344 1186 372; x_wconf 90' lang='lat' dir='ltr'>ac</span> <span class='ocrx_word' id='word_1_16' title='bbox 1208 343 1346 372; x_wconf 89' lang='lat' dir='ltr'>rarae</span> <span class='ocrx_word' id='word_1_17' title='bbox 1368 330 1641 372; x_wconf 79' lang='lat' dir='ltr'>modestiae.</span> 
     </span>
    </p>

    <p class='ocr_par' dir='ltr' id='par_1_3' title="bbox 219 401 1858 810">
     <span class='ocr_line' id='line_1_4' title="bbox 299 401 1857 455; baseline 0.001 -13"><span class='ocrx_word' id='word_1_18' title='bbox 299 402 496 454; x_wconf 82' lang='lat' dir='ltr'>Reliqui,</span> <span class='ocrx_word' id='word_1_19' title='bbox 521 414 715 442; x_wconf 90' lang='lat' dir='ltr'>numero</span> <span class='ocrx_word' id='word_1_20' title='bbox 737 403 913 453; x_wconf 89' lang='lat' dir='ltr'>decem,</span> <span class='ocrx_word' id='word_1_21' title='bbox 950 403 1073 443; x_wconf 90' lang='lat' dir='ltr'>bona</span> <span class='ocrx_word' id='word_1_22' title='bbox 1110 403 1350 454; x_wconf 90' lang='lat' dir='ltr'>potiuntur</span> <span class='ocrx_word' id='word_1_23' title='bbox 1385 401 1678 453; x_wconf 80' lang='lat' dir='ltr'>valetudine,</span> <span class='ocrx_word' id='word_1_24' title='bbox 1718 408 1857 455; x_wconf 89' lang='lat' dir='ltr'>atque</span> 
     </span>
     <span class='ocr_line' id='line_1_5' title="bbox 221 473 1858 526; baseline -0.001 -11"><span class='ocrx_word' id='word_1_25' title='bbox 221 475 481 515; x_wconf 92' lang='lat' dir='ltr'>studiorum</span> <span class='ocrx_word' id='word_1_26' title='bbox 504 485 761 525; x_wconf 87' lang='lat' dir='ltr'>p1ogressu</span> <span class='ocrx_word' id='word_1_27' title='bbox 780 481 1078 526; x_wconf 78' lang='lat' dir='ltr'>promouent,</span> <span class='ocrx_word' id='word_1_28' title='bbox 1099 475 1265 526; x_wconf 87' lang='lat' dir='ltr'>quibus</span> <span class='ocrx_word' id='word_1_29' title='bbox 1286 474 1331 513; x_wconf 90' lang='lat' dir='ltr'>id</span> <span class='ocrx_word' id='word_1_30' title='bbox 1353 473 1614 513; x_wconf 88' lang='lat' dir='ltr'>iniunctum</span> <span class='ocrx_word' id='word_1_31' title='bbox 1636 480 1727 525; x_wconf 75' lang='lat' dir='ltr'>est,</span> <span class='ocrx_word' id='word_1_32' title='bbox 1747 485 1858 526; x_wconf 88' lang='lat' dir='ltr'>quo·</span> 
     </span>
     <span class='ocr_line' id='line_1_6' title="bbox 222 545 1855 596; baseline 0.001 -11"><span class='ocrx_word' id='word_1_33' title='bbox 222 556 325 585; x_wconf 91' lang='lat' dir='ltr'>rum</span> <span class='ocrx_word' id='word_1_34' title='bbox 353 551 448 585; x_wconf 91' lang='lat' dir='ltr'>tres</span> <span class='ocrx_word' id='word_1_35' title='bbox 475 545 623 585; x_wconf 89' lang='lat' dir='ltr'>literis</span> <span class='ocrx_word' id='word_1_36' title='bbox 657 545 1013 585; x_wconf 76' lang='lat' dir='ltr'>humanioribus</span> <span class='ocrx_word' id='word_1_37' title='bbox 1035 545 1147 585; x_wconf 87' lang='lat' dir='ltr'>dant</span> <span class='ocrx_word' id='word_1_38' title='bbox 1178 556 1393 596; x_wconf 80' lang='lat' dir='ltr'>operam,</span> <span class='ocrx_word' id='word_1_39' title='bbox 1425 550 1625 596; x_wconf 89' lang='lat' dir='ltr'>quatuor</span> <span class='ocrx_word' id='word_1_40' title='bbox 1654 545 1855 596; x_wconf 88' lang='lat' dir='ltr'>philoso-</span> 
     </span>
     <span class='ocr_line' id='line_1_7' title="bbox 221 615 1853 668; baseline 0 -12"><span class='ocrx_word' id='word_1_41' title='bbox 221 616 408 668; x_wconf 90' lang='lat' dir='ltr'>phicam</span> <span class='ocrx_word' id='word_1_42' title='bbox 442 616 686 667; x_wconf 91' lang='lat' dir='ltr'>periodum</span> <span class='ocrx_word' id='word_1_43' title='bbox 715 616 983 656; x_wconf 88' lang='lat' dir='ltr'>decurrunt.</span> <span class='ocrx_word' id='word_1_44' title='bbox 1007 617 1108 667; x_wconf 86' lang='lat' dir='ltr'>Ego</span> <span class='ocrx_word' id='word_1_45' title='bbox 1139 617 1265 656; x_wconf 89' lang='lat' dir='ltr'>solus</span> <span class='ocrx_word' id='word_1_46' title='bbox 1300 615 1567 667; x_wconf 81' lang='lat' dir='ltr'>theologiae</span> <span class='ocrx_word' id='word_1_47' title='bbox 1602 615 1754 656; x_wconf 88' lang='lat' dir='ltr'>studio</span> <span class='ocrx_word' id='word_1_48' title='bbox 1789 616 1853 656; x_wconf 92' lang='lat' dir='ltr'>in-</span> 
     </span>
     <span class='ocr_line' id='line_1_8' title="bbox 221 686 1853 739; baseline -0.001 -11"><span class='ocrx_word' id='word_1_49' title='bbox 221 688 402 728; x_wconf 90' lang='lat' dir='ltr'>cumbo.</span> <span class='ocrx_word' id='word_1_50' title='bbox 433 687 643 739; x_wconf 83' lang='lat' dir='ltr'>Quatuor</span> <span class='ocrx_word' id='word_1_51' title='bbox 672 693 779 727; x_wconf 91' lang='lat' dir='ltr'>sunt</span> <span class='ocrx_word' id='word_1_52' title='bbox 809 686 1099 737; x_wconf 79' lang='lat' dir='ltr'>sacerdotes,</span> <span class='ocrx_word' id='word_1_53' title='bbox 1130 688 1287 738; x_wconf 88' lang='lat' dir='ltr'>plures</span> <span class='ocrx_word' id='word_1_54' title='bbox 1316 686 1459 727; x_wconf 89' lang='lat' dir='ltr'>futuri</span> <span class='ocrx_word' id='word_1_55' title='bbox 1486 687 1525 727; x_wconf 93' lang='lat' dir='ltr'>si</span> <span class='ocrx_word' id='word_1_56' title='bbox 1555 698 1639 738; x_wconf 89' lang='lat' dir='ltr'>per</span> <span class='ocrx_word' id='word_1_57' title='bbox 1666 687 1853 739; x_wconf 89' lang='lat' dir='ltr'>Episco-</span> 
     </span>
     <span class='ocr_line' id='line_1_9' title="bbox 219 759 575 810; baseline -0.006 -11"><span class='ocrx_word' id='word_1_58' title='bbox 219 771 329 810; x_wconf 89' lang='lat' dir='ltr'>pum</span> <span class='ocrx_word' id='word_1_59' title='bbox 352 759 575 799; x_wconf 75' lang='lat' dir='ltr'>licuisset.</span> 
     </span>
    </p>

    <p class='ocr_par' dir='ltr' id='par_1_4' title="bbox 209 828 1859 1524">
     <span class='ocr_line' id='line_1_10' title="bbox 299 828 1855 881; baseline 0 -11"><span class='ocrx_word' id='word_1_60' title='bbox 299 830 432 871; x_wconf 75' lang='lat' dir='ltr'>R.11²11S</span> <span class='ocrx_word' id='word_1_61' title='bbox 460 830 691 870; x_wconf 90' lang='lat' dir='ltr'>Dominus</span> <span class='ocrx_word' id='word_1_62' title='bbox 721 829 1085 870; x_wconf 88' lang='lat' dir='ltr'>Clarmontanus</span> <span class='ocrx_word' id='word_1_63' title='bbox 1120 841 1169 869; x_wconf 93' lang='lat' dir='ltr'>se</span> <span class='ocrx_word' id='word_1_64' title='bbox 1204 828 1515 870; x_wconf 89' lang='lat' dir='ltr'>Reuerentiae</span> <span class='ocrx_word' id='word_1_65' title='bbox 1549 829 1679 870; x_wconf 87' lang='lat' dir='ltr'>Tuae</span> <span class='ocrx_word' id='word_1_66' title='bbox 1715 841 1855 881; x_wconf 91' lang='lat' dir='ltr'>quam</span> 
     </span>
     <span class='ocr_line' id='line_1_11' title="bbox 220 900 1855 952; baseline -0.001 -9"><span class='ocrx_word' id='word_1_67' title='bbox 220 902 556 944; x_wconf 88' lang='lat' dir='ltr'>officiosissime</span> <span class='ocrx_word' id='word_1_68' title='bbox 591 902 902 941; x_wconf 83' lang='lat' dir='ltr'>commendat.</span> <span class='ocrx_word' id='word_1_69' title='bbox 940 901 1067 941; x_wconf 88' lang='lat' dir='ltr'>Idem</span> <span class='ocrx_word' id='word_1_70' title='bbox 1102 900 1329 952; x_wconf 85' lang='lat' dir='ltr'>efflagitat</span> <span class='ocrx_word' id='word_1_71' title='bbox 1364 901 1557 942; x_wconf 89' lang='lat' dir='ltr'>illustris</span> <span class='ocrx_word' id='word_1_72' title='bbox 1591 902 1855 942; x_wconf 87' lang='lat' dir='ltr'>libellorum</span> 
     </span>
     <span class='ocr_line' id='line_1_12' title="bbox 218 972 1859 1026; baseline 0 -12"><span class='ocrx_word' id='word_1_73' title='bbox 218 974 458 1026; x_wconf 88' lang='lat' dir='ltr'>regiorum</span> <span class='ocrx_word' id='word_1_74' title='bbox 492 973 612 1024; x_wconf 85' lang='lat' dir='ltr'>Mgr.</span> <span class='ocrx_word' id='word_1_75' title='bbox 649 972 879 1013; x_wconf 87' lang='lat' dir='ltr'>Dominus</span> <span class='ocrx_word' id='word_1_76' title='bbox 914 972 1166 1013; x_wconf 86' lang='lat' dir='ltr'>Montanus</span> <span class='ocrx_word' id='word_1_77' title='bbox 1199 972 1224 1023; x_wconf 88' lang='lat'>¹,</span> <span class='ocrx_word' id='word_1_78' title='bbox 1262 978 1371 1013; x_wconf 91' lang='lat' dir='ltr'>ante</span> <span class='ocrx_word' id='word_1_79' title='bbox 1407 974 1635 1024; x_wconf 90' lang='lat' dir='ltr'>pauculos</span> <span class='ocrx_word' id='word_1_80' title='bbox 1670 986 1859 1014; x_wconf 90' lang='lat' dir='ltr'>menses</span> 
     </span>
     <span class='ocr_line' id='line_1_13' title="bbox 215 1043 1850 1097; baseline 0 -11"><span class='ocrx_word' id='word_1_81' title='bbox 215 1045 391 1097; x_wconf 85' lang='lat' dir='ltr'>Regius</span> <span class='ocrx_word' id='word_1_82' title='bbox 420 1044 730 1086; x_wconf 90' lang='lat' dir='ltr'>Consiliarius</span> <span class='ocrx_word' id='word_1_83' title='bbox 758 1051 897 1096; x_wconf 87' lang='lat' dir='ltr'>atque</span> <span class='ocrx_word' id='word_1_84' title='bbox 931 1044 1316 1096; x_wconf 88' lang='lat' dir='ltr'>supputationum</span> <span class='ocrx_word' id='word_1_85' title='bbox 1345 1043 1515 1085; x_wconf 88' lang='lat' dir='ltr'>Curiae</span> <span class='ocrx_word' id='word_1_86' title='bbox 1542 1043 1850 1095; x_wconf 84' lang='lat' dir='ltr'>Secretarius‚</span> 
     </span>
     <span class='ocr_line' id='line_1_14' title="bbox 215 1115 1852 1170; baseline 0 -13"><span class='ocrx_word' id='word_1_87' title='bbox 215 1118 294 1170; x_wconf 90' lang='lat' dir='ltr'>qui</span> <span class='ocrx_word' id='word_1_88' title='bbox 323 1117 457 1157; x_wconf 89' lang='lat' dir='ltr'>nobis</span> <span class='ocrx_word' id='word_1_89' title='bbox 478 1116 616 1156; x_wconf 90' lang='lat' dir='ltr'>fidem</span> <span class='ocrx_word' id='word_1_90' title='bbox 637 1115 763 1156; x_wconf 90' lang='lat' dir='ltr'>dedit</span> <span class='ocrx_word' id='word_1_91' title='bbox 795 1127 844 1155; x_wconf 92' lang='lat' dir='ltr'>se</span> <span class='ocrx_word' id='word_1_92' title='bbox 865 1115 1043 1166; x_wconf 85' lang='lat' dir='ltr'>Regem</span> <span class='ocrx_word' id='word_1_93' title='bbox 1076 1126 1216 1167; x_wconf 88' lang='lat' dir='ltr'>super</span> <span class='ocrx_word' id='word_1_94' title='bbox 1237 1121 1399 1156; x_wconf 88' lang='lat' dir='ltr'>nostro</span> <span class='ocrx_word' id='word_1_95' title='bbox 1429 1116 1620 1167; x_wconf 88' lang='lat' dir='ltr'>negotio</span> <span class='ocrx_word' id='word_1_96' title='bbox 1652 1128 1852 1157; x_wconf 94' lang='lat' dir='ltr'>conuen-</span> 
     </span>
     <span class='ocr_line' id='line_1_15' title="bbox 214 1186 1851 1240; baseline -0.001 -11"><span class='ocrx_word' id='word_1_97' title='bbox 214 1195 390 1240; x_wconf 90' lang='lat' dir='ltr'>turum,</span> <span class='ocrx_word' id='word_1_98' title='bbox 414 1188 452 1228; x_wconf 90' lang='lat' dir='ltr'>si</span> <span class='ocrx_word' id='word_1_99' title='bbox 483 1187 692 1238; x_wconf 82' lang='lat' dir='ltr'>theologi</span> <span class='ocrx_word' id='word_1_100' title='bbox 722 1199 889 1239; x_wconf 91' lang='lat' dir='ltr'>parum</span> <span class='ocrx_word' id='word_1_101' title='bbox 921 1187 1110 1239; x_wconf 89' lang='lat' dir='ltr'>propitii</span> <span class='ocrx_word' id='word_1_102' title='bbox 1140 1186 1274 1227; x_wconf 89' lang='lat' dir='ltr'>nobis</span> <span class='ocrx_word' id='word_1_103' title='bbox 1301 1186 1487 1227; x_wconf 85' lang='lat' dir='ltr'>fuerint.</span> <span class='ocrx_word' id='word_1_104' title='bbox 1518 1186 1729 1228; x_wconf 90' lang='lat' dir='ltr'>Medicus</span> <span class='ocrx_word' id='word_1_105' title='bbox 1756 1188 1851 1240; x_wconf 89' lang='lat' dir='ltr'>qui-</span> 
     </span>
     <span class='ocr_line' id='line_1_16' title="bbox 213 1257 1854 1309; baseline -0.001 -8"><span class='ocrx_word' id='word_1_106' title='bbox 213 1261 322 1301; x_wconf 89' lang='lat' dir='ltr'>dam</span> <span class='ocrx_word' id='word_1_107' title='bbox 358 1259 619 1309; x_wconf 86' lang='lat' dir='ltr'>Parisinus,</span> <span class='ocrx_word' id='word_1_108' title='bbox 645 1258 845 1299; x_wconf 83' lang='lat' dir='ltr'>Aleman</span> <span class='ocrx_word' id='word_1_109' title='bbox 881 1258 1183 1308; x_wconf 84' lang='lat' dir='ltr'>cognomine,</span> <span class='ocrx_word' id='word_1_110' title='bbox 1223 1257 1401 1298; x_wconf 84' lang='lat' dir='ltr'>Christi</span> <span class='ocrx_word' id='word_1_111' title='bbox 1432 1259 1621 1299; x_wconf 88' lang='lat' dir='ltr'>nomine</span> <span class='ocrx_word' id='word_1_112' title='bbox 1656 1266 1854 1300; x_wconf 88' lang='lat' dir='ltr'>nostrae</span> 
     </span>
     <span class='ocr_line' id='line_1_17' title="bbox 211 1329 1846 1382; baseline -0.001 -9"><span class='ocrx_word' id='word_1_113' title='bbox 211 1331 495 1373; x_wconf 89' lang='lat' dir='ltr'>valetudinis</span> <span class='ocrx_word' id='word_1_114' title='bbox 530 1342 693 1370; x_wconf 89' lang='lat' dir='ltr'>curam</span> <span class='ocrx_word' id='word_1_115' title='bbox 726 1331 870 1381; x_wconf 87' lang='lat' dir='ltr'>gerit,</span> <span class='ocrx_word' id='word_1_116' title='bbox 902 1341 1086 1370; x_wconf 90' lang='lat' dir='ltr'>omnem</span> <span class='ocrx_word' id='word_1_117' title='bbox 1116 1329 1316 1370; x_wconf 84' lang='lat' dir='ltr'>offerens</span> <span class='ocrx_word' id='word_1_118' title='bbox 1346 1330 1480 1370; x_wconf 92' lang='lat' dir='ltr'>nobis</span> <span class='ocrx_word' id='word_1_119' title='bbox 1514 1342 1706 1382; x_wconf 85' lang='lat' dir='ltr'>operam</span> <span class='ocrx_word' id='word_1_120' title='bbox 1741 1342 1846 1371; x_wconf 91' lang='lat' dir='ltr'>cum</span> 
     </span>
     <span class='ocr_line' id='line_1_18' title="bbox 211 1401 1848 1455; baseline -0.001 -11"><span class='ocrx_word' id='word_1_121' title='bbox 211 1404 357 1445; x_wconf 88' lang='lat' dir='ltr'>altero</span> <span class='ocrx_word' id='word_1_122' title='bbox 380 1403 585 1455; x_wconf 89' lang='lat' dir='ltr'>quodam</span> <span class='ocrx_word' id='word_1_123' title='bbox 605 1402 785 1443; x_wconf 91' lang='lat' dir='ltr'>medico</span> <span class='ocrx_word' id='word_1_124' title='bbox 807 1414 901 1442; x_wconf 92' lang='lat' dir='ltr'>non</span> <span class='ocrx_word' id='word_1_125' title='bbox 922 1401 1107 1442; x_wconf 90' lang='lat' dir='ltr'>obscuri</span> <span class='ocrx_word' id='word_1_126' title='bbox 1128 1401 1349 1442; x_wconf 91' lang='lat' dir='ltr'>nominis.</span> <span class='ocrx_word' id='word_1_127' title='bbox 1371 1401 1572 1442; x_wconf 87' lang='lat' dir='ltr'>Proinde</span> <span class='ocrx_word' id='word_1_128' title='bbox 1593 1409 1848 1455; x_wconf 85' lang='lat' dir='ltr'>Vtrumque</span> 
     </span>
     <span class='ocr_line' id='line_1_19' title="bbox 209 1472 1290 1524; baseline -0.003 -8"><span class='ocrx_word' id='word_1_129' title='bbox 209 1474 302 1516; x_wconf 50' lang='lat' dir='ltr'>Pssil</span> <span class='ocrx_word' id='word_1_130' title='bbox 317 1475 446 1515; x_wconf 89' lang='lat' dir='ltr'>Tuae</span> <span class='ocrx_word' id='word_1_131' title='bbox 468 1473 844 1514; x_wconf 90' lang='lat' dir='ltr'>commendatum</span> <span class='ocrx_word' id='word_1_132' title='bbox 867 1472 1042 1513; x_wconf 90' lang='lat' dir='ltr'>habere</span> <span class='ocrx_word' id='word_1_133' title='bbox 1065 1473 1290 1524; x_wconf 89' lang='lat' dir='ltr'>digneris.</span> 
     </span>
    </p>

    <p class='ocr_par' dir='ltr' id='par_1_5' title="bbox 204 1544 1846 1812">
     <span class='ocr_line' id='line_1_20' title="bbox 287 1544 1845 1598; baseline -0.001 -11"><span class='ocrx_word' id='word_1_134' title='bbox 287 1545 511 1587; x_wconf 90' lang='lat' dir='ltr'>Vniuersi</span> <span class='ocrx_word' id='word_1_135' title='bbox 541 1545 705 1585; x_wconf 89' lang='lat' dir='ltr'>Patres</span> <span class='ocrx_word' id='word_1_136' title='bbox 741 1557 796 1586; x_wconf 91' lang='lat' dir='ltr'>ac</span> <span class='ocrx_word' id='word_1_137' title='bbox 830 1545 1002 1585; x_wconf 83' lang='lat' dir='ltr'>fratres</span> <span class='ocrx_word' id='word_1_138' title='bbox 1036 1556 1085 1584; x_wconf 91' lang='lat' dir='ltr'>se</span> <span class='ocrx_word' id='word_1_139' title='bbox 1122 1551 1245 1585; x_wconf 90' lang='lat' dir='ltr'>totos</span> <span class='ocrx_word' id='word_1_140' title='bbox 1279 1551 1358 1585; x_wconf 91' lang='lat' dir='ltr'>tuo</span> <span class='ocrx_word' id='word_1_141' title='bbox 1393 1544 1596 1586; x_wconf 88' lang='lat' dir='ltr'>offerunt</span> <span class='ocrx_word' id='word_1_142' title='bbox 1628 1546 1845 1598; x_wconf 66' lang='lat' dir='ltr'>imperior</span> 
     </span>
     <span class='ocr_line' id='line_1_21' title="bbox 207 1617 1846 1669; baseline 0 -11"><span class='ocrx_word' id='word_1_143' title='bbox 207 1618 363 1659; x_wconf 89' lang='lat' dir='ltr'>omnia</span> <span class='ocrx_word' id='word_1_144' title='bbox 392 1617 668 1669; x_wconf 86' lang='lat' dir='ltr'>aggressuri</span> <span class='ocrx_word' id='word_1_145' title='bbox 695 1622 968 1656; x_wconf 88' lang='lat' dir='ltr'>constanter</span> <span class='ocrx_word' id='word_1_146' title='bbox 994 1623 1181 1656; x_wconf 87' lang='lat' dir='ltr'>tuarum</span> <span class='ocrx_word' id='word_1_147' title='bbox 1210 1617 1477 1657; x_wconf 91' lang='lat' dir='ltr'>orationum</span> <span class='ocrx_word' id='word_1_148' title='bbox 1506 1617 1700 1667; x_wconf 91' lang='lat' dir='ltr'>fiducia,</span> <span class='ocrx_word' id='word_1_149' title='bbox 1723 1618 1846 1658; x_wconf 82' lang='lat' dir='ltr'>inter</span> 
     </span>
     <span class='ocr_line' id='line_1_22' title="bbox 205 1687 1843 1741; baseline -0.001 -11"><span class='ocrx_word' id='word_1_150' title='bbox 205 1701 322 1741; x_wconf 92' lang='lat' dir='ltr'>quos</span> <span class='ocrx_word' id='word_1_151' title='bbox 350 1700 423 1728; x_wconf 92' lang='lat' dir='ltr'>me</span> <span class='ocrx_word' id='word_1_152' title='bbox 452 1688 681 1739; x_wconf 84' lang='lat' dir='ltr'>inutilem,</span> <span class='ocrx_word' id='word_1_153' title='bbox 707 1699 788 1739; x_wconf 92' lang='lat' dir='ltr'>spe</span> <span class='ocrx_word' id='word_1_154' title='bbox 809 1688 927 1728; x_wconf 92' lang='lat' dir='ltr'>tanti</span> <span class='ocrx_word' id='word_1_155' title='bbox 954 1687 1177 1739; x_wconf 88' lang='lat' dir='ltr'>praesidii</span> <span class='ocrx_word' id='word_1_156' title='bbox 1206 1688 1509 1740; x_wconf 88' lang='lat' dir='ltr'>gestientem,</span> <span class='ocrx_word' id='word_1_157' title='bbox 1532 1689 1610 1741; x_wconf 92' lang='lat' dir='ltr'>pio</span> <span class='ocrx_word' id='word_1_158' title='bbox 1639 1690 1843 1740; x_wconf 89' lang='lat' dir='ltr'>patroci-</span> 
     </span>
     <span class='ocr_line' id='line_1_23' title="bbox 204 1759 1248 1812; baseline -0.001 -11"><span class='ocrx_word' id='word_1_159' title='bbox 204 1761 280 1801; x_wconf 91' lang='lat' dir='ltr'>nio</span> <span class='ocrx_word' id='word_1_160' title='bbox 303 1759 602 1812; x_wconf 89' lang='lat' dir='ltr'>promouebis</span> <span class='ocrx_word' id='word_1_161' title='bbox 629 1770 714 1810; x_wconf 90' lang='lat' dir='ltr'>pro</span> <span class='ocrx_word' id='word_1_162' title='bbox 737 1765 935 1810; x_wconf 90' lang='lat' dir='ltr'>paterna</span> <span class='ocrx_word' id='word_1_163' title='bbox 957 1765 1035 1799; x_wconf 91' lang='lat' dir='ltr'>tua</span> <span class='ocrx_word' id='word_1_164' title='bbox 1059 1759 1248 1810; x_wconf 89' lang='lat' dir='ltr'>pietate.</span> 
     </span>
    </p>

    <p class='ocr_par' dir='ltr' id='par_1_6' title="bbox 202 1830 1843 1944">
     <span class='ocr_line' id='line_1_24' title="bbox 281 1830 1843 1884; baseline 0 -12"><span class='ocrx_word' id='word_1_165' title='bbox 281 1830 422 1882; x_wconf 89' lang='lat' dir='ltr'>Vale,</span> <span class='ocrx_word' id='word_1_166' title='bbox 446 1830 495 1871; x_wconf 89' lang='lat' dir='ltr'>P.</span> <span class='ocrx_word' id='word_1_167' title='bbox 520 1830 947 1870; x_wconf 88' lang='lat' dir='ltr'>obseruandissime</span> <span class='ocrx_word' id='word_1_168' title='bbox 977 1831 1023 1870; x_wconf 92' lang='lat' dir='ltr'>in</span> <span class='ocrx_word' id='word_1_169' title='bbox 1050 1830 1236 1871; x_wconf 89' lang='lat' dir='ltr'>Christo</span> <span class='ocrx_word' id='word_1_170' title='bbox 1259 1831 1391 1884; x_wconf 91' lang='lat' dir='ltr'>Jesu,</span> <span class='ocrx_word' id='word_1_171' title='bbox 1416 1831 1494 1883; x_wconf 86' lang='lat' dir='ltr'>qui</span> <span class='ocrx_word' id='word_1_172' title='bbox 1524 1837 1570 1871; x_wconf 91' lang='lat' dir='ltr'>te</span> <span class='ocrx_word' id='word_1_173' title='bbox 1602 1832 1736 1872; x_wconf 91' lang='lat' dir='ltr'>nobis</span> <span class='ocrx_word' id='word_1_174' title='bbox 1765 1832 1843 1872; x_wconf 82' lang='lat' dir='ltr'>diu</span> 
     </span>
     <span class='ocr_line' id='line_1_25' title="bbox 202 1902 1188 1944; baseline -0.003 0"><span class='ocrx_word' id='word_1_175' title='bbox 202 1909 359 1944; x_wconf 90' lang='lat' dir='ltr'>seruet</span> <span class='ocrx_word' id='word_1_176' title='bbox 379 1902 676 1942; x_wconf 90' lang='lat' dir='ltr'>incolumem.</span> <span class='ocrx_word' id='word_1_177' title='bbox 1186 1913 1188 1915; x_wconf 91' lang='lat'>·</span> 
     </span>
    </p>

    <p class='ocr_par' dir='ltr' id='par_1_7' title="bbox 200 1972 1839 2092">
     <span class='ocr_line' id='line_1_26' title="bbox 279 1972 1839 2025; baseline 0 -11"><span class='ocrx_word' id='word_1_178' title='bbox 279 1973 488 2024; x_wconf 91' lang='lat' dir='ltr'>Parisiis,</span> <span class='ocrx_word' id='word_1_179' title='bbox 518 1984 577 2013; x_wconf 86' lang='lat' dir='ltr'>ex</span> <span class='ocrx_word' id='word_1_180' title='bbox 606 1973 800 2013; x_wconf 88' lang='lat' dir='ltr'>aedibus</span> <span class='ocrx_word' id='word_1_181' title='bbox 831 1972 1199 2025; x_wconf 90' lang='lat' dir='ltr'>Clarmontanis,</span> <span class='ocrx_word' id='word_1_182' title='bbox 1226 1973 1406 2015; x_wconf 86' lang='lat' dir='ltr'>calend.</span> <span class='ocrx_word' id='word_1_183' title='bbox 1430 1974 1687 2015; x_wconf 90' lang='lat' dir='ltr'>Decembr.</span> <span class='ocrx_word' id='word_1_184' title='bbox 1723 1974 1839 2014; x_wconf 75' lang='lat'>1554.</span> 
     </span>
     <span class='ocr_line' id='line_1_27' title="bbox 200 2037 1247 2092; baseline -0.002 -12"><span class='ocrx_word' id='word_1_185' title='bbox 200 2040 400 2092; x_wconf 90' lang='lat' dir='ltr'>Imperio</span> <span class='ocrx_word' id='word_1_186' title='bbox 421 2038 514 2079; x_wconf 77' lang='lat' dir='ltr'>R.d¹&#39;</span> <span class='ocrx_word' id='word_1_187' title='bbox 537 2038 586 2079; x_wconf 90' lang='grc' dir='ltr'>Ρ.</span> <span class='ocrx_word' id='word_1_188' title='bbox 611 2038 802 2079; x_wconf 91' lang='lat' dir='ltr'>Domini</span> <span class='ocrx_word' id='word_1_189' title='bbox 823 2037 1068 2079; x_wconf 87' lang='lat' dir='ltr'>Paschasii</span> <span class='ocrx_word' id='word_1_190' title='bbox 1089 2039 1247 2080; x_wconf 74' lang='lat' dir='ltr'>Broet.</span> 
     </span>
    </p>

    <p class='ocr_par' dir='ltr' id='par_1_8' title="bbox 280 2110 1603 2162">
     <span class='ocr_line' id='line_1_28' title="bbox 280 2110 1603 2162; baseline 0.001 -11"><span class='ocrx_word' id='word_1_191' title='bbox 280 2110 407 2151; x_wconf 73' lang='lat' dir='ltr'>V.dae</span> <span class='ocrx_word' id='word_1_192' title='bbox 436 2110 741 2150; x_wconf 88' lang='lat' dir='ltr'>Paternitatis</span> <span class='ocrx_word' id='word_1_193' title='bbox 762 2116 871 2151; x_wconf 90' lang='lat' dir='ltr'>tuae</span> <span class='ocrx_word' id='word_1_194' title='bbox 893 2122 1058 2151; x_wconf 88' lang='lat' dir='ltr'>seruus</span> <span class='ocrx_word' id='word_1_195' title='bbox 1080 2111 1127 2151; x_wconf 94' lang='lat' dir='ltr'>in</span> <span class='ocrx_word' id='word_1_196' title='bbox 1150 2111 1339 2152; x_wconf 80' lang='lat' dir='ltr'>Christo</span> <span class='ocrx_word' id='word_1_197' title='bbox 1368 2111 1603 2162; x_wconf 89' lang='lat' dir='ltr'>minimus,</span> 
     </span>
    </p>
   </div>
   <div class='ocr_carea' id='block_1_3' title="bbox 1008 2254 1619 2296">
    <p class='ocr_par' dir='ltr' id='par_1_9' title="bbox 1008 2254 1619 2296">
     <span class='ocr_line' id='line_1_29' title="bbox 1008 2254 1619 2296; baseline 0.003 -2"><span class='ocrx_word' id='word_1_198' title='bbox 1008 2254 1254 2295; x_wconf 77' lang='lat' dir='ltr'>ROBERTUS</span> <span class='ocrx_word' id='word_1_199' title='bbox 1285 2255 1619 2296; x_wconf 80' lang='lat' dir='ltr'>CLAYssons.</span> 
     </span>
    </p>
   </div>
   <div class='ocr_carea' id='block_1_4' title="bbox 197 2468 1839 2592">
    <p class='ocr_par' dir='ltr' id='par_1_10' title="bbox 197 2468 1839 2592">
     <span class='ocr_line' id='line_1_30' title="bbox 278 2468 1839 2520; baseline 0 -12"><span class='ocrx_word' id='word_1_200' title='bbox 278 2468 630 2520; x_wconf 68' lang='lat' dir='ltr'>superscriptio</span> <span class='ocrx_word' id='word_1_201' title='bbox 652 2468 702 2508; x_wconf 78' lang='lat' dir='ltr'>in</span> <span class='ocrx_word' id='word_1_202' title='bbox 730 2473 903 2520; x_wconf 70' lang='lat' dir='ltr'>quarta</span> <span class='ocrx_word' id='word_1_203' title='bbox 928 2469 1134 2520; x_wconf 75' lang='lat' dir='ltr'>pagz&#39;mz.</span> <span class='ocrx_word' id='word_1_204' title='bbox 1159 2468 1261 2510; x_wconf 74' lang='lat' dir='ltr'>R.d0</span> <span class='ocrx_word' id='word_1_205' title='bbox 1283 2470 1331 2510; x_wconf 92' lang='lat' dir='ltr'>in</span> <span class='ocrx_word' id='word_1_206' title='bbox 1358 2469 1545 2510; x_wconf 89' lang='lat' dir='ltr'>Christo</span> <span class='ocrx_word' id='word_1_207' title='bbox 1581 2468 1711 2509; x_wconf 89' lang='lat' dir='ltr'>Patri</span> <span class='ocrx_word' id='word_1_208' title='bbox 1746 2470 1839 2509; x_wconf 90' lang='lat' dir='ltr'>Do-</span> 
     </span>
     <span class='ocr_line' id='line_1_31' title="bbox 197 2538 1839 2592; baseline 0.001 -14"><span class='ocrx_word' id='word_1_209' title='bbox 197 2538 321 2578; x_wconf 83' lang='lat' dir='ltr'>mino</span> <span class='ocrx_word' id='word_1_210' title='bbox 356 2539 538 2589; x_wconf 79' lang='lat' dir='ltr'>Ignatio</span> <span class='ocrx_word' id='word_1_211' title='bbox 561 2540 617 2580; x_wconf 91' lang='lat' dir='ltr'>de</span> <span class='ocrx_word' id='word_1_212' title='bbox 650 2539 830 2591; x_wconf 87' lang='lat' dir='ltr'>Loyola</span> <span class='ocrx_word' id='word_1_213' title='bbox 858 2538 1135 2592; x_wconf 85' lang='lat' dir='ltr'>Praeposito</span> <span class='ocrx_word' id='word_1_214' title='bbox 1165 2540 1320 2581; x_wconf 87' lang='lat' dir='ltr'>Gnali.</span> <span class='ocrx_word' id='word_1_215' title='bbox 1350 2540 1600 2581; x_wconf 82' lang='lat' dir='ltr'>Societatis</span> <span class='ocrx_word' id='word_1_216' title='bbox 1633 2541 1839 2581; x_wconf 87' lang='lat' dir='ltr'>nominis</span> 
     </span>
    </p>
   </div>
   <div class='ocr_carea' id='block_1_5' title="bbox 195 2610 1765 2735">
    <p class='ocr_par' dir='ltr' id='par_1_11' title="bbox 195 2610 1765 2735">
     <span class='ocr_line' id='line_1_32' title="bbox 195 2610 544 2662; baseline -0.003 -13"><span class='ocrx_word' id='word_1_217' title='bbox 195 2610 321 2662; x_wconf 83' lang='lat' dir='ltr'>Jesu.</span> <span class='ocrx_word' id='word_1_218' title='bbox 354 2610 544 2650; x_wconf 78' lang='lat' dir='ltr'>Romae.</span> 
     </span>
     <span class='ocr_line' id='line_1_33' title="bbox 273 2680 1765 2735; baseline 0.001 -15"><span class='ocrx_word' id='word_1_219' title='bbox 273 2680 384 2720; x_wconf 62' lang='lat' dir='ltr'>Alia</span> <span class='ocrx_word' id='word_1_220' title='bbox 406 2693 565 2720; x_wconf 76' lang='lat' dir='ltr'>mann.</span> <span class='ocrx_word' id='word_1_221' title='bbox 595 2681 708 2722; x_wconf 67' lang='lat'>1334.</span> <span class='ocrx_word' id='word_1_222' title='bbox 735 2682 907 2734; x_wconf 75' lang='lat' dir='ltr'>ParIgi.</span> <span class='ocrx_word' id='word_1_223' title='bbox 932 2683 991 2723; x_wconf 84' lang='lat' dir='ltr'>Di</span> <span class='ocrx_word' id='word_1_224' title='bbox 1016 2684 1074 2723; x_wconf 84' lang='lat' dir='ltr'>M.</span> <span class='ocrx_word' id='word_1_225' title='bbox 1100 2683 1306 2724; x_wconf 81' lang='lat' dir='ltr'>Roberto</span> <span class='ocrx_word' id='word_1_226' title='bbox 1329 2683 1395 2735; x_wconf 85' lang='lat' dir='ltr'>p.⁰</span> <span class='ocrx_word' id='word_1_227' title='bbox 1418 2683 1461 2723; x_wconf 88' lang='lat' dir='ltr'>di</span> <span class='ocrx_word' id='word_1_228' title='bbox 1485 2683 1765 2724; x_wconf 82' lang='lat' dir='ltr'>Decembre.</span> 
     </span>
    </p>
   </div>
   <div class='ocr_carea' id='block_1_6' title="bbox 290 2752 744 2802">
    <p class='ocr_par' dir='ltr' id='par_1_12' title="bbox 290 2752 744 2802">
     <span class='ocr_line' id='line_1_34' title="bbox 290 2752 744 2802; baseline 0.004 -11"><span class='ocrx_word' id='word_1_229' title='bbox 290 2752 550 2800; x_wconf 34' lang='lat' dir='ltr'>lv&#39;estsgsnm</span> <span class='ocrx_word' id='word_1_230' title='bbox 571 2752 744 2802; x_wconf 68' lang='lat' dir='ltr'>ss&#39;gl&#39;llz&#39;.</span> 
     </span>
    </p>
   </div>
   <div class='ocr_carea' id='block_1_7' title="bbox 249 2911 709 2945">
    <p class='ocr_par' dir='ltr' id='par_1_13' title="bbox 249 2911 709 2945">
     <span class='ocr_line' id='line_1_35' title="bbox 249 2911 709 2945; baseline -0.002 -6"><span class='ocrx_word' id='word_1_231' title='bbox 249 2912 258 2932; x_wconf 86' lang='lat'>¹</span> <span class='ocrx_word' id='word_1_232' title='bbox 299 2911 460 2945; x_wconf 81' lang='lat' dir='ltr'>Dumont,</span> <span class='ocrx_word' id='word_1_233' title='bbox 477 2920 533 2939; x_wconf 85' lang='lat' dir='ltr'>scu</span> <span class='ocrx_word' id='word_1_234' title='bbox 547 2913 589 2940; x_wconf 91' lang='lat' dir='ltr'>du</span> <span class='ocrx_word' id='word_1_235' title='bbox 604 2912 709 2940; x_wconf 80' lang='lat' dir='ltr'>Mont.</span> 
     </span>
    </p>
   </div>
  </div>
 </body>
</html>
