2047 3179
864 124 948 161 AN.
980 125 1071 161 1555
1712 125 1777 162 701

144 222 412 263 Biliomensi
436 223 481 262 in
501 221 764 273 proximum
784 219 968 260 Pascha
991 231 1017 259 a
1038 219 1326 260 paternitate
1344 226 1424 260 tua
1454 231 1660 271 exorem,
1683 234 1775 272 qua

145 293 201 333 de
225 305 272 332 re
294 293 507 333 eumdem
528 304 608 344 per
630 293 789 332 literas
811 302 918 331 cum
938 289 1218 330 Reuerentia
1241 290 1341 330 Tua
1360 291 1630 342 propediem
1651 299 1777 332 actu-

149 376 251 404 rum
271 364 487 404 arbitror.
511 364 691 404 Interea
715 362 879 402 domus
897 368 1035 413 atque
1058 360 1173 401 adeo
1196 362 1406 412 supellex
1427 362 1560 402 nobis
1587 374 1781 414 praepa-

148 435 342 485 rabitur,
382 435 513 474 cuius
556 433 901 485 comparandae
933 432 1159 483 paulatim
1190 436 1354 472 curam
1383 432 1611 484 Magistro
1646 434 1781 473 Petro

146 505 361 545 iniunxit.
406 505 609 545 Domum
649 516 797 555 suam,
834 515 974 555 quam
1008 503 1185 554 incolo,
1223 503 1468 544 duodecim
1498 505 1782 555 pauperibus

146 576 457 623 scholasticis,
481 576 528 616 in
549 587 728 616 morem
751 574 947 626 Collegii
974 574 1078 614 istic
1101 573 1384 624 Germanici,
1409 573 1658 615 Societatis
1692 587 1783 614 ma-

145 646 344 697 gisterio
374 646 669 686 instituendis
701 652 838 697 atque
875 644 1055 685 alendis
1091 644 1359 685 destinauit.
1397 644 1572 685 Aream
1602 657 1732 695 vero,
1758 658 1783 685 a

146 717 282 757 turba
301 723 546 765 secretam,
572 716 763 756 aedibus
786 716 858 756 his
886 715 1173 766 contiguam,
1203 715 1440 767 gymnasii
1476 716 1686 755 classicis
1715 728 1783 756 or-

146 787 334 827 dinibus
357 787 531 827 dicauit
553 787 696 827 animi
727 787 800 827 sui
835 787 1043 827 decreto.
1080 785 1304 826 Societati
1339 798 1453 826 Vero
1488 787 1676 827 domum
1694 798 1785 826 am-

150 858 428 910 piissimam,
453 858 527 898 cui
548 858 762 909 proxime
794 857 1001 898 vicinum
1031 863 1100 897 est
1130 858 1352 908 templum
1377 857 1434 897 D.
1473 857 1690 898 Michaeli
1717 869 1785 898 sa-

146 940 293 979 crum,
319 927 547 969 Societati
577 928 842 978 dicandum,
867 935 1006 980 atque
1027 940 1138 968 area
1160 928 1345 979 publica
1368 928 1591 979 suffragio
1614 929 1786 968 ciuium

149 1000 284 1039 nobis
323 999 557 1049 donanda,
613 999 894 1050 designauit,
936 1011 1075 1050 quam
1117 999 1266 1051 pretio
1302 999 1531 1040 redimere
1571 1000 1784 1040 instituit.

146 1069 288 1110 Faxit
310 1070 523 1110 Christus
544 1077 595 1110 Vt
623 1082 764 1122 quam
792 1070 1025 1122 ocyssime
1059 1070 1302 1121 negotium
1337 1082 1472 1110 omne
1494 1070 1784 1111 conficiatur.

152 1140 289 1182 Certe
311 1141 617 1181 Biliomenses
638 1153 820 1181 summo
848 1141 1016 1181 affectu
1037 1152 1092 1181 ac
1115 1141 1282 1192 spiritu
1304 1141 1472 1181 anhelo
1501 1142 1560 1182 ad
1590 1141 1788 1193 Collegii

146 1213 432 1252 erectionem
453 1212 679 1263 aspirant,
705 1219 962 1264 optantque
978 1218 1028 1252 vt
1050 1224 1143 1252 non
1165 1212 1366 1264 dispersi
1387 1224 1676 1264 separemur,
1707 1212 1788 1253 sed

148 1284 287 1323 simul
308 1295 401 1323 vna
425 1283 471 1323 in
493 1283 631 1323 domo
655 1294 1015 1323 commoremur.

228 1353 475 1394 Caeterum
492 1362 716 1405 quantum
738 1353 797 1394 ad
819 1354 1180 1404 occupationum
1201 1354 1528 1406 spiritualium,
1569 1365 1689 1406 quae
1712 1366 1785 1394 me

148 1436 295 1476 prope
317 1425 488 1475 obruit,
513 1425 699 1464 turbam
722 1426 902 1475 attinet,
927 1425 1204 1476 compendio
1226 1426 1452 1466 historiae
1474 1425 1685 1466 ordinem
1701 1425 1784 1466 Pa-

149 1496 344 1536 ternitas
366 1495 467 1535 Tua
489 1495 704 1547 accipere
726 1495 910 1547 poterit,
933 1507 1215 1547 quamquam
1239 1508 1314 1536 res
1335 1502 1498 1547 gestae
1520 1497 1788 1548 complures

149 1567 243 1607 sint
264 1578 475 1607 numero.
498 1566 542 1607 A
562 1567 810 1618 postremis
833 1567 979 1617 igitur
1001 1566 1146 1607 literis
1169 1567 1388 1607 Octobris
1422 1567 1507 1608 17.⁰
1543 1554 1732 1620 scriptis
1756 1567 1782 1618 ¹,

150 1639 330 1678 tructus
379 1637 658 1677 concionum
697 1637 913 1677 discretis
951 1638 997 1677 in
1036 1638 1151 1678 locis
1191 1638 1459 1678 habitarum
1504 1639 1784 1689 Vberrimus,

152 1708 326 1749 Christi
343 1709 500 1760 gratia
532 1709 662 1758 duce,
703 1708 870 1759 extitit,
907 1720 1000 1748 non
1035 1709 1175 1749 modo
1211 1709 1397 1750 Biliomi
1430 1710 1512 1750 sed
1547 1716 1592 1750 et
1629 1709 1783 1751 Claro-

152 1786 322 1829 monte,
347 1791 436 1831 quo
458 1781 559 1819 loco
586 1787 788 1830 quatuor
810 1779 1113 1820 concionibus
1135 1781 1321 1832 habitis,
1350 1781 1522 1832 partim
1550 1781 1597 1821 in
1632 1781 1792 1822 Xeno-

152 1851 338 1901 dochio,
364 1851 534 1902 partim
556 1851 603 1890 in
624 1851 738 1891 aede
756 1851 912 1891 Divae
935 1850 1149 1902 Virginis
1167 1852 1227 1892 du
1242 1851 1366 1902 Port‚
1391 1852 1588 1904 denique
1605 1852 1652 1892 in
1668 1864 1791 1893 sum-

150 1920 225 1962 ‘mo
248 1922 517 1962 dioeceseos
538 1922 724 1973 templo,
748 1929 996 1973 praesente
1017 1921 1123 1962 D.¹10
1154 1923 1404 1974 Episcopo,
1427 1923 1577 1964 bonus
1613 1923 1790 1964 Christi

151 1993 266 2034 odor
287 1994 334 2033 in
356 1993 622 2032 auditorum
643 2000 835 2044 pectora
857 2005 881 2033 e
897 1994 1047 2033 nostri
1074 1994 1301 2045 ingenioli
1328 1995 1523 2035 vasculo
1551 1994 1790 2046 dispersus

150 2071 235 2104 est.
278 2064 707 2114 Fragrantissimus
741 2075 855 2103 vero
883 2064 1290 2104 circumstantium
1320 2076 1545 2105 coronam
1581 2065 1694 2106 odor
1723 2078 1791 2106 rc-

152 2135 332 2176 creavit
354 2135 578 2175 orationis
601 2135 822 2174 solemnis
844 2135 890 2175 in
911 2135 1092 2187 synodo
1116 2135 1481 2176 Claromontana
1503 2148 1530 2176 a
1563 2148 1635 2176 me
1658 2136 1787 2177 habi-

152 2213 227 2246 tae
251 2206 322 2246 die
346 2205 567 2246 Octobris
588 2205 692 2255 249,
718 2217 853 2257 quae,
878 2205 934 2246 de
951 2206 1202 2246 residentia
1226 2213 1364 2258 atque
1380 2207 1617 2247 functione
1637 2215 1791 2259 pasto-

153 2288 257 2317 rum
278 2277 505 2326 instituta,
530 2276 647 2316 adeo
668 2275 802 2316 Rmo.
826 2276 1027 2317 Domino
1049 2277 1225 2328 placuit
1254 2284 1304 2317 vt
1325 2290 1428 2318 eam
1450 2278 1574 2330 typis
1604 2278 1788 2326 excudi,

154 2348 388 2388 adiunctis
425 2347 836 2387 constitutionibus
872 2347 1229 2400 Episcopalibus
1260 2360 1426 2389 recens
1457 2351 1785 2400 promulgatis,

155 2419 392 2459 mandarit
420 2421 446 2458 ².
483 2418 703 2458 Nonnulli
738 2418 880 2458 etiam
918 2419 1026 2459 hinc
1067 2419 1141 2470 pio
1183 2419 1350 2459 affectu
1389 2421 1611 2460 commoti
1647 2433 1787 2473 super

153 2501 295 2529 onere
315 2489 633 2529 conscientiae
664 2501 776 2529 suae
811 2501 882 2529 me
917 2491 1265 2541 consuluerunt,
1304 2503 1502 2542 quorum
1538 2504 1561 2531 e
1597 2503 1791 2532 numero

152 2572 274 2600 Vnus
297 2559 460 2600 Abbas
482 2560 580 2600 fuit.
604 2560 731 2600 Binis
749 2560 1051 2601 concionibus
1073 2561 1119 2601 in
1141 2562 1365 2601 coenobio
1380 2561 1629 2613 Virginum
1647 2562 1790 2603 Mart-

152 2642 234 2671 sac
270 2637 539 2682 nuncupato
569 2642 714 2682 prope
736 2630 968 2682 Ryomum
999 2632 1190 2683 habitis,
1214 2633 1371 2672 multis
1402 2640 1540 2673 antea
1574 2634 1790 2685 precibus

209 2790 217 2809 ¹
261 2790 407 2817 Periisse
425 2790 445 2816 h
459 2797 489 2816 ie
507 2790 686 2816 videntur.

206 2839 219 2856 “-’
259 2838 323 2869 An,
336 2838 435 2872 juxta
451 2837 610 2864 Gali-elmi
628 2837 670 2864 du
689 2836 769 2864 prat
786 2837 994 2871 mandatum,
1013 2838 1122 2865 oratio
1139 2838 1222 2865 haec
1240 2839 1332 2874 typis
1348 2847 1490 2868 excussa
1506 2841 1549 2868 sit
1566 2848 1681 2874 necne,
1699 2840 1789 2874 igno-

155 2893 283 2913 ramus
314 2885 414 2912 Certe
439 2885 634 2920 Clayssonii
661 2892 781 2912 nomen
806 2893 869 2912 non
893 2886 1064 2919 reperitur
1087 2885 1119 2912 in
1152 2885 1397 2921 Bt'bliotlqune
1422 2888 1484 2915 des
1505 2889 1686 2915 “crz'vaz'ns
1701 2889 1743 2916 de
1759 2889 1793 2916 la

159 2932 374 2967 Compagnie
395 2933 436 2959 de
451 2932 568 2967 Je'sus.
