2047 3179
215 119 285 156 504
731 122 958 161 LITTERAE
977 134 1339 168 QUADRIMESTRES

298 217 346 257 ln
370 218 701 269 quadrimestri
722 226 878 261 autem
899 221 987 262 hoc
1011 228 1115 262 octo
1143 230 1250 262 sunt
1281 224 1505 263 exercitia
1533 225 1721 275 tradita,
1746 237 1855 277 quo-

217 300 321 328 rum
341 300 477 340 unus,
504 291 581 342 qui
598 291 842 333 sacrificus
860 299 928 333 est
946 294 1107 333 sacelli
1123 294 1256 345 regii,
1277 305 1500 345 magnam
1518 295 1573 336 de
1591 307 1639 336 se
1658 297 1855 338 caeteris

217 359 591 402 aedificationem
607 369 650 403 et
668 365 933 416 exemplum
947 365 1134 405 virtutis
1150 365 1357 416 praebet.
1375 365 1437 406 At
1450 367 1713 418 reliquisset
1727 380 1854 409 mun-

217 431 328 472 dum
349 438 392 472 et
415 434 587 484 omnia,
612 446 731 486 quae
751 435 798 475 in
820 447 874 475 eo
896 442 1017 486 sunt,
1038 436 1076 475 si
1098 444 1317 488 parentes
1336 436 1519 488 (quibus
1536 446 1605 478 est
1622 439 1852 489 addictus)

216 504 303 544 sibi
325 504 657 556 impedimento
678 518 772 547 non
794 507 1071 547 extitissent.
1097 507 1362 559 Caeterum,
1385 510 1600 560 quamuis
1622 511 1686 550 ita
1707 522 1756 550 se
1778 523 1853 551 res

216 575 401 627 habeat,
426 589 480 617 ea
501 583 571 617 est
592 578 791 618 hominis
809 578 987 629 religio,
1012 578 1059 619 id
1077 579 1281 619 studium
1302 581 1537 621 serviendi
1559 581 1659 622 Deo
1677 583 1852 634 optimo

216 647 437 698 maximo,
464 654 514 688 vt
539 650 716 689 nullum
738 661 831 690 non
858 649 1061 701 lapidem
1082 656 1285 701 moueat,
1316 663 1407 703 quo
1439 652 1651 692 ordinem
1680 660 1723 693 et
1744 654 1854 694 inte-

214 718 353 758 rioris
374 719 576 759 hominis
604 720 1046 770 considerationem,
1080 728 1306 773 quantum
1333 723 1422 763 fert
1451 735 1563 764 suus
1584 731 1755 775 status,
1780 726 1853 765 ob-

213 796 384 830 seruet.
416 790 609 843 Juuenis
629 799 875 843 praeterea
905 792 1109 843 quidam,
1142 794 1420 834 mercatoris
1447 795 1690 836 cuiusdam
1717 796 1852 847 filiuS,

212 872 468 912 peruersus
498 862 707 914 quidem,
741 870 785 902 et
812 863 982 903 mirum
1011 863 1057 903 in
1091 865 1280 905 modum
1315 865 1435 905 ludis
1465 866 1737 907 chartarum
1765 868 1853 909 dis-

213 937 409 984 tractus,
441 934 625 985 publice
655 935 1010 986 concubinatus,
1045 935 1124 987 qui
1150 938 1335 987 parenti
1357 937 1584 978 ducentos
1606 944 1745 991 atque
1766 947 1854 980 ter-

214 1010 375 1044 centos
407 1004 545 1045 simul
580 1005 778 1046 ducatos
809 1017 979 1046 aureos
1006 1007 1244 1059 surripere
1271 1019 1365 1048 non
1393 1015 1463 1049 est
1489 1010 1691 1062 veritus,
1723 1011 1855 1052 cuius

213 1074 400 1126 quidem
417 1077 727 1128 surreptionis
744 1088 887 1117 causa
908 1077 994 1117 fuit
1017 1085 1183 1129 captus
1205 1085 1249 1119 et
1270 1080 1507 1131 publicum
1529 1093 1769 1122 carcerem
1791 1083 1851 1123 in-

213 1148 390 1187 clusus:
415 1148 512 1198 hie,
537 1148 749 1199 inquam,
779 1148 866 1189 fuit
894 1149 1113 1190 maximis
1135 1151 1408 1192 muneribus
1437 1164 1464 1192 a
1491 1152 1649 1193 diuina
1679 1153 1855 1194 munifi-

211 1219 363 1258 centia
383 1219 595 1259 affectus.
615 1218 754 1259 Pater
771 1220 909 1271 enim,
925 1232 1031 1261 cum
1049 1233 1073 1261 e
1091 1233 1282 1262 carcere
1295 1221 1439 1263 filium
1452 1224 1712 1276 liberasset,
1730 1237 1853 1265 eum·

215 1289 413 1341 demque
426 1291 615 1331 domum
628 1303 786 1331 secum
800 1292 1064 1343 adduxiset,
1081 1293 1384 1344 compedibus
1397 1306 1503 1334 eum
1523 1296 1731 1348 tradidit,
1756 1297 1853 1348 qui-

213 1362 299 1402 bus
322 1370 461 1402 antea
484 1369 675 1414 propter
698 1363 873 1403 similes
895 1375 1116 1404 excessus
1137 1363 1291 1405 fuerat
1322 1365 1555 1406 detentus⁰
1578 1367 1854 1409 Accersitus

212 1445 314 1474 sum
337 1434 397 1474 ad
413 1434 662 1475 visendum
679 1435 911 1486 iuuenem,
932 1447 1070 1487 quem
1088 1435 1198 1476 dum
1217 1437 1558 1490 conuenissem‚
1584 1440 1755 1491 rogaui
1777 1452 1854 1492 pa-

211 1512 331 1546 trem
349 1506 523 1546 sineret
539 1505 684 1546 filium
702 1506 864 1547 venire
881 1519 1066 1547 mecum
1083 1507 1142 1548 ad
1160 1509 1428 1559 collegium,
1449 1521 1538 1560 quo
1556 1517 1715 1562 posset
1735 1510 1856 1552 filius

212 1577 424 1618 confiteri
446 1577 602 1629 quiete
623 1584 836 1630 peccata,
861 1585 962 1619 erat
990 1579 1161 1631 quippe
1191 1586 1301 1620 tunc
1329 1580 1635 1622 Hebdomada
1658 1581 1849 1633 Sancta;

211 1649 322 1690 siuit
339 1649 529 1689 tandem
545 1655 693 1701 pater,
719 1650 934 1701 quamuis
955 1651 1129 1690 nemini
1147 1657 1256 1691 tunc
1273 1651 1362 1692 nisi
1383 1652 1496 1692 mihi
1518 1653 1845 1694 commisisset.

210 1720 354 1762 Venit
376 1721 532 1772 itaque
554 1721 737 1761 iuuenis
758 1732 958 1772 mecum,
983 1722 1139 1762 animo
1160 1728 1316 1763 autem
1333 1722 1398 1774 (ut
1420 1723 1574 1775 ipsum
1595 1723 1769 1764 dixisse
1786 1724 1847 1765 fe-

212 1792 336 1842 runt)
369 1792 645 1843 aufugiendi
672 1804 756 1844 per
781 1798 920 1843 tecta,
952 1793 1140 1845 quando
1169 1794 1356 1834 aliunde
1385 1807 1479 1835 non
1506 1802 1689 1846 pateret
1718 1796 1832 1847 fuga

212 1864 391 1905 Verum
412 1865 584 1904 mansit
606 1864 730 1916 apud
757 1876 842 1905 nos
874 1865 1190 1916 quadraginta
1223 1866 1342 1917 dies,
1374 1867 1563 1907 omnino
1593 1867 1851 1908 reluctante

209 1936 513 1976 inclinatione
535 1947 635 1976 sua:
660 1936 814 1976 aiebat
836 1936 959 1976 enim
980 1937 1095 1988 ipse,
1116 1937 1240 1988 quod
1257 1936 1490 1978 sufficeret
1508 1950 1644 1978 nemo
1663 1939 1722 1979 ad
1742 1938 1852 1979 deti-

209 2008 414 2048 nendum
443 2008 596 2059 ipsum
626 2007 857 2048 inclusum
880 2014 985 2048 octo
1008 2008 1120 2049 dies.
1148 2007 1381 2059 Quoniam
1401 2021 1550 2062 neque
1582 2010 1851 2062 compedes,

208 2091 360 2131 neque
374 2085 553 2131 portae,
567 2091 719 2131 neque
730 2080 949 2131 parietes,
967 2086 1159 2132 possent
1170 2081 1296 2121 illum
1312 2080 1534 2122 detinere:
1552 2082 1709 2121 omnia
1723 2093 1852 2122 nam-

208 2162 297 2203 que
315 2151 601 2202 infringebat
617 2151 806 2203 quando
829 2163 856 2191 a
879 2158 1013 2202 patre
1034 2151 1101 2192 sic
1133 2151 1423 2203 trudebatur,
1447 2158 1492 2193 et
1512 2153 1703 2193 tandem
1721 2153 1849 2193 ausu-

208 2223 382 2274 giebat.
397 2221 635 2263 Statuerat
648 2229 893 2274 praeterea
911 2230 981 2263 ter
999 2223 1128 2263 abire
1141 2223 1264 2264 hinc.
1279 2223 1508 2264 Dominus
1521 2230 1678 2264 autem
1690 2225 1849 2264 verbis

208 2301 253 2334 et
270 2295 504 2346 operibus,
521 2307 640 2346 quae
652 2295 717 2334 illi
735 2295 1067 2346 praestitimus,
1089 2295 1288 2346 largitus
1301 2302 1371 2336 est
1388 2295 1429 2334 ei
1445 2295 1650 2346 gratiam
1667 2308 1723 2335 ne
1742 2296 1850 2336 hinc

207 2366 493 2406 discederet:
517 2366 642 2418 quod
663 2366 762 2418 ipse
782 2365 920 2406 valde
941 2368 1230 2417 multumque
1253 2367 1465 2416 miratus,
1491 2367 1698 2407 dicebat:
1721 2367 1849 2418 quid-

210 2438 321 2489 quid
343 2449 431 2489 ego
454 2444 591 2478 antea
610 2438 916 2478 decreueram
933 2438 1104 2488 facere,
1128 2437 1217 2478 nisi
1235 2437 1363 2478 Deus
1380 2438 1493 2488 ipse,
1514 2438 1633 2478 alius
1652 2438 1852 2479 obstitis-

210 2515 280 2550 set
303 2522 453 2549 nemo.
479 2509 641 2561 ltaque
659 2510 757 2561 ipse
775 2509 916 2559 Deus,
937 2517 1128 2561 propter
1147 2521 1282 2550 suam
1298 2509 1571 2558 bonitatem,
1592 2510 1851 2550 discessum

211 2581 310 2620 cius
331 2582 588 2632 impediuit.
615 2581 703 2621 Hic
724 2593 839 2621 vero
861 2581 913 2621 40
935 2582 1098 2621 diebus
1125 2581 1236 2622 fecit
1259 2581 1500 2621 exercitia.
1535 2580 1856 2622 Confitebatur

210 2659 254 2691 et
272 2652 526 2704 recipiebat
545 2653 917 2692 sacratissimam
930 2653 1278 2693 Eucharistiam
1292 2652 1489 2703 singulis
1503 2652 1750 2692 dominicis
1763 2652 1853 2693 die-

210 2723 310 2762 bus.
336 2723 445 2763 Post
468 2736 601 2774 quae,
628 2724 674 2763 in
698 2724 955 2763 remedium
987 2724 1172 2763 animae
1196 2735 1325 2774 suae,
1349 2723 1656 2764 constitutum
1678 2729 1747 2763 est
1768 2724 1855 2763 iret

212 2794 507 2845 Corduuam,
542 2795 738 2835 daturus
766 2795 827 2835 ibi
859 2806 1052 2846 operam
1072 2795 1221 2834 literis
1244 2795 1289 2834 in
1312 2794 1520 2845 Collegio
1542 2801 1721 2844 nostro,
1746 2806 1852 2846 quo,

210 2865 304 2904 iam
325 2866 578 2916 profectus,
604 2867 773 2917 studet,
798 2867 1003 2907 studium
1025 2873 1182 2906 autem
1204 2872 1385 2906 tantum
1408 2866 1539 2906 abest
1560 2872 1611 2906 vt
1635 2871 1771 2906 antea
1789 2865 1851 2905 di-

209 2936 391 2987 ligeret,
418 2944 465 2976 vt
488 2949 545 2977 ne
568 2937 732 2977 audire
754 2937 941 2988 quidem
965 2938 1116 2977 vellet.
1149 2937 1255 2977 Fuit
1277 2937 1413 2977 huius
1444 2937 1626 2977 iuuenis
1654 2936 1850 2976 mutatio
