2047 3179
887 134 968 170 AN.
1001 135 1091 171 1555
1732 136 1802 175 467

255 230 604 281 Sltperscrl‘ptt'o
625 231 673 269 sn
695 233 867 281 quarta
885 230 1089 280 pagina:
1110 230 1221 271 IHs.
1246 231 1305 271 Al
1327 244 1437 283 muy
1458 232 1559 272 Rdo
1580 245 1635 272 en
1657 233 1798 274 Chro.

173 301 339 348 Padre,
364 302 404 341 el
425 301 472 341 P.
498 301 632 341 Mtro.
657 301 838 352 Ignatio
856 300 1094 352 Preposito
1112 301 1314 341 General
1335 303 1451 342 dela
1469 303 1725 354 Compania
1743 304 1798 344 de

172 372 307 424 Jesus
329 383 385 411 en
407 371 568 412 Roma.

255 442 365 482 Alsa
399 454 561 482 manet:
600 443 711 483 looo.
749 443 917 483 Ebora.
960 442 1357 493 Quadrimestres.
1393 444 1417 483 2
1455 444 1581 484 Maii.
1621 444 1714 484 Rte
1749 444 1802 484 20

175 512 406 553 Octobris.

779 941 913 994 CCC
926 939 1223 993 DXXXVI

246 1173 462 1210 &obertus
483 1173 783 1219 CIayssonius,

289 1237 359 1274 Ex
380 1238 699 1276 commissione
723 1240 862 1276 Patris
885 1239 1109 1276 Paschasii
1132 1239 1276 1282 Hroet,

341 1302 460 1340 Patri
476 1303 646 1349 Ignatio
667 1305 720 1341 de
740 1305 923 1351 Loyola.

390 1369 580 1412 Parisiis,
603 1369 625 1406 3
647 1370 747 1417 Maji
770 1370 860 1408 1555
880 1371 906 1407 ¹.

251 1575 349 1616 Pax
370 1576 557 1617 Domini
574 1577 661 1618 Dei
686 1578 833 1617 nostri
865 1578 976 1630 Jesu
1005 1578 1179 1619 Christi
1214 1578 1420 1630 perfecta
1455 1591 1540 1619 nos
1566 1580 1705 1620 donet
1738 1580 1791 1620 li-

170 1646 364 1687 bertate.
390 1647 557 1688 Amen.

251 1718 351 1758 Rde
367 1719 412 1758 in
433 1718 620 1759 Christo
641 1718 794 1760 Pater:
818 1720 1003 1760 humilis
1023 1721 1318 1761 salutationis
1339 1733 1565 1773 perquam
1588 1722 1794 1763 officioso

169 1790 429 1841 praemisso
452 1791 691 1842 obsequio,
716 1803 768 1830 ea
791 1802 922 1842 quae,
946 1792 1017 1832 his
1039 1798 1238 1843 quatuor
1258 1793 1494 1834 mensibus
1523 1794 1694 1845 elapsis
1715 1794 1790 1834 hic

169 1867 319 1912 gesta,
343 1860 424 1900 ΡΜ
452 1867 558 1901 tuae
580 1862 826 1902 scribenda
847 1869 1113 1913 occurrunt,
1136 1864 1384 1915 perpaucis
1406 1865 1789 1916 perstringemus.

250 1932 481 1984 Imprimis
514 1933 694 1983 gratias
734 1938 928 1983 agentes
955 1934 1141 1974 diuinae
1175 1935 1512 1986 prouidentiae,
1550 1935 1673 1987 quod
1700 1948 1794 1977 non

170 2003 306 2043 modo
329 2004 542 2043 coelestis
562 2003 841 2053 vocationis,
861 2011 998 2056 atque
1021 2005 1137 2046 adeo
1158 2006 1462 2057 professionis
1483 2007 1788 2057 euangelicae

169 2085 375 2124 munere,
397 2086 483 2114 nos
509 2074 702 2126 dignata
732 2076 804 2125 sit,
837 2087 1001 2116 verum
1033 2076 1193 2116 hilaris
1223 2077 1475 2128 patientiae
1496 2077 1542 2117 in
1578 2078 1792 2118 aduersis

172 2146 306 2196 (quae
345 2145 533 2185 tandem
574 2147 922 2187 serenissimam
968 2147 1354 2198 tranquillitatem
1392 2148 1546 2199 nobis,
1599 2148 1787 2189 Christo

170 2215 421 2266 aspirante,
446 2216 645 2256 allatura
666 2217 940 2268 speramus),
965 2217 1086 2258 dono
1109 2229 1193 2258 nos
1212 2218 1352 2258 etiam
1369 2230 1669 2259 remunerare
1685 2221 1790 2260 bea-

170 2297 314 2338 reque
348 2286 579 2337 dignetur,
617 2288 1007 2339 quemadmodum
1042 2301 1100 2329 ex
1136 2289 1454 2340 superioribus
1489 2290 1634 2330 literis
1667 2292 1783 2331 satis

169 2356 443 2408 abundeque
464 2357 729 2398 Paternitas
750 2365 828 2398 tua
851 2366 1139 2411 compertum
1160 2360 1313 2400 habet.

248 2427 385 2468 Certe
407 2427 525 2468 Rflus
542 2429 840 2481 Praepositus
862 2437 1019 2470 noster
1040 2431 1053 2449 '²
1076 2431 1214 2470 nullis
1236 2432 1605 2483 tempestatibus,
1627 2444 1785 2484 quam-

169 2500 341 2539 tumuis
361 2501 646 2551 procellosis,
672 2502 728 2541 ab
750 2501 850 2552 ipso
871 2502 1103 2554 Episcopo
1126 2501 1377 2542 Parisiensi
1394 2502 1422 2554 ⁵,
1442 2502 1791 2555 Theologorum

169 2570 348 2620 synodo
376 2582 431 2610 ac
466 2572 746 2623 magistratu
774 2571 1001 2612 aduersus
1028 2571 1311 2614 Societatem
1338 2574 1569 2625 excitatis,
1599 2586 1626 2614 a
1652 2586 1792 2615 sacra

167 2640 266 2691 spei
289 2652 461 2681 ancora
483 2641 667 2693 figenda
685 2642 946 2693 deterritus,
970 2642 1300 2684 Praefecturae
1322 2644 1471 2685 officio
1493 2645 1668 2685 inuicta
1685 2657 1792 2686 con-

225 2847 230 2864 !
273 2846 520 2881 Autographae
536 2849 660 2883 duplici
676 2850 764 2884 folio,
783 2858 835 2878 nn.
852 2850 904 2876 320
920 2855 952 2877 ct
968 2850 1033 2877 321.

222 2894 235 2912 ²
274 2893 314 2921 P.
329 2894 532 2923 Paschasius
549 2896 662 2924 Broe‘t.

223 2940 235 2957 ⁷·
276 2941 461 2969 Eustachio
477 2943 519 2970 du
536 2943 665 2979 Bellay.
