2047 3179
932 147 1013 184 ΑΝ.
1046 148 1136 185 1554
1779 152 1849 187 137

857 631 1209 685 ΟΟΟΧΧΙΠ

288 890 334 927 Ρ.
368 891 621 929 Bernardus
649 892 870 931 Oliverius

338 956 459 994 Patri
477 956 649 1004 Ignatio
670 958 723 996 de
738 958 921 1006 Loyola.

379 1020 595 1068 Tornaco,
620 1023 663 1060 10
681 1023 952 1071 Septembris
974 1025 1066 1061 1554
1086 1025 1109 1061 ¹.

990 1215 1087 1291 1115

296 1442 462 1484 Gratia
497 1450 541 1484 et
577 1457 670 1496 pax
705 1445 892 1486 Domini
926 1448 1074 1488 nostri
1094 1448 1204 1501 Jesu
1236 1447 1410 1488 Christi
1444 1448 1503 1488 sit
1534 1460 1718 1500 semper
1746 1461 1855 1489 cum

217 1515 431 1555 omnibus
454 1516 602 1556 nobis.
624 1516 791 1557 Amen.

292 1585 561 1627 Admodum
584 1587 683 1627 Rde
707 1588 753 1628 in
784 1588 970 1630 Christo
1002 1589 1155 1630 Pater.
1182 1589 1380 1641 Quando
1414 1590 1477 1630 ita
1496 1591 1622 1631 iubet
1644 1591 1698 1631 T.
1724 1590 1778 1631 R.
1799 1590 1849 1631 Ρ.

215 1662 263 1696 vt
284 1657 513 1698 rationem
535 1659 732 1699 reddant
753 1659 833 1700 filii
853 1661 925 1701 sui
946 1667 1114 1712 quarto
1136 1672 1321 1713 quoque
1343 1673 1501 1702 mense
1523 1661 1579 1702 de
1600 1662 1853 1711 fructibus,

215 1740 332 1779 quos
353 1729 537 1769 bonitas
559 1730 646 1770 Dei
669 1730 862 1782 dignata
883 1738 953 1772 est
988 1744 1072 1783 per
1104 1745 1184 1773 eos
1219 1733 1426 1785 operari,
1464 1733 1573 1774 licet
1606 1733 1740 1774 nobis
1762 1734 1851 1774 hoc

215 1800 547 1850 quadrimestri
570 1813 734 1852 parum
755 1802 915 1843 datum
937 1804 995 1844 sit
1016 1810 1205 1854 metere,
1231 1816 1337 1844 cum
1353 1810 1398 1844 et
1415 1804 1570 1856 ipsum
1591 1817 1746 1845 serere
1768 1817 1851 1845 no-

216 1871 284 1910 bis
305 1871 442 1911 fuerit
457 1872 715 1923 inhibitum,
732 1880 781 1914 vt
804 1880 960 1914 tamen
982 1875 1275 1916 obedientiae
1291 1875 1522 1916 faciamus
1540 1876 1669 1926 satis,
1689 1877 1854 1928 paucis

216 1943 586 1993 perstringemus
608 1955 726 1994 quae
749 1952 1015 1986 occurrunt.

296 2013 346 2054 In
374 2014 551 2065 primis,
576 2015 710 2055 nobis
738 2022 987 2068 Vtcumque
1021 2018 1203 2058 reddita
1238 2018 1440 2058 sanitate
1472 2018 1682 2070 (propter
1711 2030 1851 2070 quam

216 2086 588 2136 recuperandam
624 2086 714 2126 huc
745 2087 928 2128 remissi
962 2088 1133 2128 fuimus
1165 2088 1211 2139 ²),
1236 2089 1475 2140 coepimus
1510 2089 1785 2141 praedicare
1806 2090 1852 2129 in

217 2155 415 2196 diuersis
433 2157 568 2208 pagis
586 2164 627 2196 et
648 2157 774 2208 locis,
794 2169 885 2209 quo
903 2166 1241 2200 concurrerunt
1258 2171 1352 2199 non
1368 2160 1507 2211 pauci
1524 2160 1667 2200 etiam
1679 2160 1853 2200 distan-

215 2233 286 2266 tes
305 2238 388 2267 sex
411 2229 483 2267 vel
505 2234 681 2278 septem
703 2229 978 2270 milliaribus
1006 2243 1032 2270 a
1060 2231 1162 2270 loco
1184 2231 1263 2270 vbi
1290 2231 1703 2271 concionabamur.
1731 2231 1852 2271 Hinc

216 2298 394 2338 sactum
417 2307 485 2339 est
524 2307 569 2338 vt
605 2300 790 2350 plurimi
817 2301 862 2340 in
891 2302 1119 2353 proximis
1146 2302 1277 2342 festis
1307 2301 1657 2352 penthecostes,
1688 2302 1852 2343 Sacra-

215 2370 360 2409 menti
376 2369 404 2418 ⁵,
427 2378 470 2410 et
488 2370 839 2422 Assumptionis
860 2372 1011 2413 Diuae
1029 2373 1224 2422 Mariae,
1240 2374 1705 2424 communicauerint,
1723 2386 1855 2426 prae-

215 2447 285 2480 ter
306 2441 396 2480 loci
418 2448 461 2481 et
484 2441 745 2482 incolarum
765 2454 956 2494 morem,
981 2450 1024 2483 et
1042 2444 1186 2484 multo
1210 2445 1365 2496 plures
1387 2444 1732 2485 confitebantur
1760 2457 1853 2484 non

215 2511 439 2552 audentes
462 2512 613 2552 adbuc
631 2514 993 2564 communicare,
1017 2522 1267 2567 propterea
1288 2515 1413 2567 quod
1440 2522 1542 2556 erat
1569 2516 1706 2556 nimis
1731 2516 1853 2555 inso-

215 2582 362 2632 litum,
387 2590 431 2622 et
453 2583 511 2622 ab
535 2583 637 2623 aliis
658 2583 942 2625 haberentur
963 2585 1092 2625 risui.
1115 2585 1166 2625 In
1188 2586 1244 2626 iis
1265 2597 1449 2638 quoque
1471 2586 1586 2627 locis
1612 2586 1751 2626 finem
1774 2586 1856 2626 im-

215 2653 455 2703 posuimus
491 2653 713 2703 (Domino
739 2655 1042 2706 cooperante)
1077 2657 1329 2697 multorum
1365 2657 1481 2698 rixis
1516 2666 1560 2697 et
1589 2657 1855 2706 discordiis,

270 2862 279 2881 ¹
321 2862 569 2896 Autographac
587 2861 619 2888 in
635 2862 761 2896 duplici
777 2862 866 2893 solio,
883 2869 935 2890 nn.
949 2862 1001 2889 263
1015 2867 1047 2890 et
1063 2863 1125 2890 264.

268 2908 282 2926 ²
326 2909 409 2936 Vide
424 2910 575 2936 Pomxm
592 2909 797 2942 Clzromcon,
813 2914 835 2936 t.
852 2917 901 2943 111,
917 2918 996 2945 pag.
1012 2911 1073 2942 215,
1088 2919 1119 2938 n.
1134 2911 1196 2938 1166.

268 2955 283 2974 ³
319 2956 385 2984 Seu
401 2955 565 2991 Corporis
582 2956 724 2983 Christi.
