2047 3179
191 157 262 195 224
714 157 941 195 L1TTERAE
959 168 1318 201 QUADRtMEsTREs

273 256 344 297 De
364 256 540 297 eisdem
561 256 653 296 alia
666 268 760 297 non
778 268 931 308 pauca
948 268 1137 308 possem
1158 257 1363 297 scribere
1381 256 1715 296 iocundissima
1732 258 1827 308 qui-

191 328 298 369 dem
319 328 413 378 illa,
437 328 519 368 sed
541 328 763 380 quoniam
784 327 1038 368 minutiora
1054 328 1273 368 uidentur
1289 339 1430 379 quam
1447 327 1590 367 scribi
1610 327 1827 379 debeant,

192 411 247 440 ea
269 399 452 440 silentio
474 399 755 451 praeteribo.
778 399 837 439 Et
858 405 908 440 ut
930 399 989 440 ad
1012 398 1198 439 Patrem
1226 405 1454 449 reuertar,
1479 409 1584 438 cum
1613 404 1710 439 tam
1732 411 1829 439 cre-

193 471 278 512 bro
299 470 509 511 diuinum
530 470 727 511 uerbum
748 470 1002 523 praedicet,
1028 471 1392 521 haudquaquam
1409 470 1497 509 hoc
1518 481 1612 509 uno
1635 481 1828 511 munere

194 547 443 583 contentus
465 548 549 582 est.

274 613 380 654 Duo
409 613 596 665 quidem
623 613 713 653 uiri
742 613 953 665 primarii
989 613 1192 653 ciuitatis
1220 612 1359 652 huius
1390 612 1594 652 maxime
1624 613 1744 653 inter
1780 624 1829 653 se

192 685 497 735 dissidebant,
522 696 722 737 quorum
743 685 875 734 alter,
899 685 1059 725 nescio
1081 696 1171 735 qua
1201 689 1366 724 exorta
1395 683 1668 735 offensione,
1694 684 1831 724 alteri

195 757 451 807 mulierem,
476 768 582 796 cum
604 768 697 808 qua
718 757 888 796 multos
911 768 1058 796 annos
1085 756 1286 806 uixerat,
1324 755 1372 795 ui
1402 755 1608 795 adimere
1640 762 1827 796 conten—

193 828 347 868 debat.
368 828 503 879 Quod
523 839 630 868 cum
651 839 756 868 eum
778 839 872 868 non
892 827 980 867 hoc
1002 828 1183 877 lateret,
1207 837 1278 875 ea,
1303 837 1422 877 quae
1439 827 1497 866 ad
1515 827 1587 867 sui
1604 826 1829 867 defensio-

194 911 301 940 nem
322 899 591 939 necessaria
614 898 702 938 sibi
732 898 1026 948 uidebantur,
1059 909 1233 949 magna
1255 897 1464 938 adhibita
1496 898 1733 938 celeritate
1754 910 1832 949 pa-

194 972 344 1019 rabat;
369 977 413 1011 et
434 971 544 1011 dum
566 971 758 1011 alterius
783 970 969 1010 uolebat
995 976 1192 1009 conatus
1221 969 1500 1021 opprimere,
1525 981 1631 1010 eum
1666 976 1833 1010 contra

195 1054 244 1083 se
266 1042 590 1083 uehementius
610 1042 913 1082 accendebat.
935 1041 983 1081 P.
1005 1041 1232 1092 Baptista,
1253 1052 1303 1080 re
1322 1041 1528 1092 cognita,
1548 1040 1637 1081 Dei
1652 1041 1833 1092 gloriae

197 1114 456 1163 studiosus,
494 1113 736 1166 praefatos
771 1113 898 1153 uiros
939 1113 1264 1152 discordantes
1304 1113 1425 1152 inter
1466 1123 1516 1153 se
1550 1124 1834 1164 componere

197 1197 379 1227 summa
401 1185 645 1236 diligentia
667 1184 867 1235 curauit,
892 1184 1015 1236 quod
1039 1189 1083 1224 et
1105 1183 1335 1224 adiutrice
1352 1183 1510 1224 diuina
1532 1184 1688 1235 gratia
1705 1183 1830 1224 fecit.

195 1257 316 1298 Nam
336 1257 521 1297 illorum
543 1256 712 1296 animis
733 1255 908 1295 sedatis
929 1255 1077 1306 ipsius
1098 1255 1304 1306 monitis,
1327 1255 1373 1295 in
1395 1255 1658 1306 pristinam,
1683 1255 1758 1295 uel
1778 1267 1833 1295 ea

196 1331 340 1370 multo
361 1328 631 1378 firmiorem,
656 1327 912 1367 amicitiam
933 1326 1188 1366 redierunt.

275 1400 382 1441 Alia
405 1411 499 1440 non
521 1400 687 1449 minor,
716 1398 799 1438 sed
827 1399 965 1448 longe
987 1398 1152 1449 maior,
1177 1398 1415 1438 contentio
1438 1399 1560 1438 inter
1581 1397 1834 1450 primarios

196 1474 324 1513 ciues
345 1471 591 1512 cuiusdam
612 1469 771 1522 oppidi
790 1469 1040 1510 Valentiae
1062 1470 1279 1521 proximi,
1304 1469 1493 1510 nomine
1515 1469 1828 1519 Fontinentis,

195 1556 289 1584 non
310 1543 467 1583 multis
489 1542 658 1582 abhinc
680 1541 841 1582 diebus
863 1548 1028 1581 exorta
1050 1541 1151 1581 fuit.
1172 1541 1380 1594 Cumque
1400 1541 1463 1592 hi,
1483 1542 1562 1594 qui
1579 1541 1708 1582 rixas
1726 1553 1836 1581 con-

197 1617 437 1665 citassent,
461 1615 618 1666 capita
639 1613 781 1653 totius
806 1613 953 1664 plebis
974 1613 1275 1664 haberentur,
1299 1613 1550 1654 vniuersus
1570 1613 1667 1653 fere
1691 1625 1834 1665 popu-

196 1688 267 1728 lus
288 1699 380 1727 una
403 1697 510 1726 cum
526 1686 598 1726 leis
619 1691 688 1725 est
710 1685 1027 1737 perturbatus.
1051 1685 1171 1726 Nam
1194 1686 1273 1726 alii
1293 1686 1398 1726 aliis
1420 1686 1650 1736 fauenteS,
1680 1697 1729 1725 se
1753 1685 1829 1724 ad-

196 1758 435 1798 uersarios
457 1757 656 1797 aliorum
679 1756 997 1807 declarabant,
1033 1769 1059 1796 a
1081 1757 1249 1809 quibus
1272 1757 1365 1798 iam
1392 1757 1586 1809 perinde
1608 1763 1656 1797 ut
1686 1756 1833 1796 inimi-

196 1829 374 1870 cissimi
395 1830 555 1869 hostes
571 1829 877 1868 habebantur.
902 1828 1062 1881 Itaque
1085 1829 1141 1869 de
1163 1829 1334 1881 populo
1356 1830 1444 1869 hoc
1458 1830 1522 1869 ita
1541 1829 1707 1878 diuiso,
1728 1829 1837 1879 quid

196 1902 337 1951 aliud,
361 1901 415 1941 R.
439 1900 593 1952 Pater,
617 1912 808 1952 sperare
828 1901 1004 1952 liceret,
1030 1912 1171 1953 quam
1195 1900 1318 1953 quod
1339 1901 1570 1941 Dominus
1592 1900 1648 1941 de
1679 1900 1838 1950 regnis

199 1973 319 2014 inter
340 1985 390 2014 se
427 1972 590 2013 diuisis
617 1972 664 2012 in
692 1972 939 2023 evangelio
974 1973 1201 2013 minatur?
1235 1973 1417 2013 cladem
1451 1972 1662 2025 profecto
1693 1971 1837 2011 maxi-

198 2057 338 2096 mam,
362 2055 706 2096 corporumque
729 2050 773 2084 et
796 2045 1061 2084 animarum
1083 2045 1353 2095 perniciem.
1378 2044 1510 2085 Multi
1539 2043 1628 2084 uiri
1657 2043 1837 2083 nobiles

197 2122 242 2156 et
262 2116 485 2168 religiosi,
510 2127 682 2167 magno
704 2116 870 2156 timore
891 2116 1110 2167 perculsi,
1136 2115 1418 2156 dissociatos
1439 2116 1626 2156 illorum
1653 2114 1837 2154 animos

198 2199 481 2239 componere
505 2187 699 2227 summis
721 2188 938 2238 precibus
961 2193 1266 2228 attentarunt.
1291 2187 1382 2228 Sed
1405 2187 1573 2227 mirum
1589 2198 1731 2238 quam
1754 2198 1833 2237 pa-

198 2271 301 2299 rum
324 2258 606 2299 contentiosi
629 2258 717 2298 uiri
740 2259 909 2298 horum
929 2259 1212 2299 iustissimas
1247 2270 1411 2311 preces
1433 2264 1667 2308 curarent,
1693 2268 1834 2308 quam

199 2341 360 2370 eorum
381 2330 691 2370 saluberrima
714 2330 910 2370 consilia
933 2336 1302 2371 contemnerent.
1327 2330 1460 2371 Adeo
1481 2330 1667 2370 illorum
1694 2328 1837 2368 animi

199 2401 607 2442 excandescebant
637 2401 721 2451 ira,
756 2408 805 2441 vt
826 2414 919 2442 non
951 2403 1102 2442 solum
1132 2403 1437 2442 admonentes
1471 2413 1521 2442 se
1547 2412 1714 2453 pacem
1743 2411 1839 2439 non

199 2473 429 2523 audirent,
454 2473 537 2512 sed
558 2472 604 2512 id
626 2473 944 2524 consequendi
966 2485 1097 2525 spem
1133 2485 1319 2514 omnem
1349 2473 1530 2513 cunctis
1560 2471 1835 2512 adimerent.

200 2543 333 2583 Hanc
357 2545 413 2583 ob
443 2555 637 2584 causam
664 2544 727 2594 hi,
757 2544 833 2596 qui
863 2555 1031 2595 pacem
1065 2546 1368 2596 exoptabant,
1407 2545 1500 2584 iam
1530 2543 1626 2584 suis
1661 2542 1839 2582 uiribus

201 2614 473 2663 diffidentes
498 2616 557 2654 ad
579 2615 627 2655 P.
650 2614 929 2667 Baptistam,
954 2616 1087 2667 quasi
1104 2616 1162 2656 ab
1184 2628 1238 2656 eo
1261 2616 1412 2656 solum
1434 2614 1690 2656 remedium
1708 2624 1837 2653 acce-

199 2685 340 2737 pturi,
364 2685 691 2737 confugerunt.
716 2686 805 2737 Qui
826 2698 933 2726 cum
954 2687 1099 2738 probe
1121 2687 1404 2739 intelligeret
1435 2697 1659 2737 magnam
1694 2695 1834 2736 popu-

200 2758 295 2796 lum
326 2757 453 2796 illum
483 2756 665 2797 cladem
696 2764 1023 2809 accepturum,
1056 2759 1146 2799 nisi
1173 2764 1304 2799 tanto
1340 2759 1463 2799 malo
1491 2762 1835 2805 occurreretur,

201 2828 416 2868 omnibus
437 2827 539 2868 aliis
565 2828 774 2878 negociis
796 2829 1055 2880 expeditus,
1079 2830 1139 2870 ad
1169 2831 1393 2882 populum
1419 2829 1548 2870 illum
1578 2827 1836 2877 contendit,

200 2898 368 2950 ibique,
389 2910 472 2950 per
494 2904 617 2938 totos
639 2899 905 2950 quindecim
927 2901 1026 2940 dies
1048 2907 1383 2952 commoratus,
1404 2900 1639 2941 multoties
1658 2898 1839 2940 dissidii

199 2969 436 3021 principes
456 2975 527 3010 est
547 2971 791 3010 allocutus.
813 2970 941 3021 Quos
958 2983 1082 3012 nunc
1103 2972 1347 3013 dulcedine
1365 2972 1594 3013 sermonis
1608 2971 1836 3018 alliciens,
