2047 3179
882 153 964 190 AN.
997 153 1087 190 1555
1727 151 1798 189 393

154 259 387 302 versatus,
412 252 667 293 domestico
689 251 893 303 quodam
915 256 1048 300 patre
1086 249 1317 295 consulto,
1340 253 1589 298 postquam
1619 248 1793 298 profes-

155 324 335 364 sionem
356 331 565 363 nostram
587 323 730 374 probe
752 322 945 361 edoctus
967 326 1050 369 est,
1076 319 1133 359 ad
1157 318 1417 369 spiritualia
1439 318 1664 357 exercitia
1687 330 1791 357 sese

157 395 319 435 statuit
352 393 588 444 conferre,
627 394 927 444 ingressurus
961 390 1181 430 nimirum
1214 388 1499 430 Societatem
1529 389 1567 427 si
1598 389 1793 428 subinde

158 465 446 505 admittatur.
470 465 565 505 Nec
600 476 714 504 vero
731 463 967 503 hominem
1000 467 1209 501 moratur
1246 471 1320 499 res
1357 459 1619 510 praediues,
1653 471 1794 510 quam

158 536 381 587 possidet,
405 548 490 575 nec
509 536 635 575 aliud
657 534 911 586 quidquam
933 532 1151 572 deterret.
1176 530 1340 581 Populi
1363 537 1518 569 autem
1535 530 1611 580 pia
1633 529 1788 569 aedifi-

159 607 281 646 catio
303 607 473 646 crescit
493 607 540 646 in
561 605 674 656 dies3
698 605 787 645 hac
821 603 1101 656 praesertim
1135 600 1426 641 hebdomade
1460 612 1598 640 sacra
1623 600 1795 640 mirum

158 680 204 718 in
224 677 414 718 modum
441 677 625 717 fuerunt
647 675 878 726 delectati,
916 678 1169 725 conspecto
1200 678 1502 712 monumento
1540 671 1795 722 officiisque

159 748 342 797 diuinis,
368 759 486 799 quae
507 754 619 787 tono
641 746 879 797 mediocri,
910 745 977 785 sic
1009 745 1133 785 enim
1154 743 1526 795 praescripserat
1561 741 1610 781 P.
1635 748 1797 782 noster

158 818 442 859 Franciscus
466 817 491 868 ¹,
515 830 677 858 sumus
697 817 937 858 modulati.
974 816 1060 856 Cui
1094 821 1382 855 mercatores
1416 814 1668 865 populares
1700 824 1797 852 mau

158 890 282 929 xime
310 889 593 939 institerunt,
625 889 1006 929 concionatorem
1033 887 1234 938 aliquem
1262 885 1513 926 Societatis
1541 884 1799 935 efflagitan-

159 967 244 1010 tes,
267 971 325 1000 ex
347 971 437 1011 quo
460 960 701 999 hominum
723 958 1017 999 affectionem
1039 957 1170 997 iuxta
1191 956 1338 1007 ipsius
1365 955 1631 996 doctrinam
1658 954 1796 994 facile

162 1037 232 1071 est
253 1029 515 1070 aduertere.

239 1101 386 1141 Porro
408 1100 571 1142 Patres
593 1113 649 1142 ac
670 1102 839 1142 fratres
861 1101 917 1141 de
939 1101 1088 1140 salute
1119 1099 1234 1138 bene
1266 1098 1438 1138 habent
1474 1104 1518 1137 et
1541 1098 1729 1137 omnino
1754 1098 1800 1136 in

164 1172 329 1213 iisdem
348 1181 551 1223 pergunt
581 1172 747 1212 studiis
775 1183 829 1212 ac
857 1171 1088 1222 negociis;
1118 1180 1303 1210 necnon
1334 1176 1378 1209 et
1414 1167 1615 1208 aedificii
1645 1168 1801 1207 nostri

162 1255 279 1295 opus
299 1243 527 1283 foeliciter
550 1254 652 1283 sese
673 1243 832 1283 habet:
857 1242 931 1283 cui
953 1242 1040 1282 hoc
1071 1252 1183 1281 vere
1212 1252 1446 1281 summam
1476 1251 1683 1288 manum,
1709 1238 1797 1278 Do-

162 1314 286 1354 mino
304 1320 553 1364 annuente,
578 1313 677 1353 fore
700 1313 1031 1365 imponendam
1047 1311 1297 1352 credimus.

110 1376 114 1379 ’
241 1384 332 1424 Det
353 1385 488 1425 nobis
509 1384 723 1425 Christus
744 1385 946 1436 optimus
968 1385 1203 1424 maximus
1223 1383 1271 1423 in
1300 1382 1349 1422 P.
1375 1382 1503 1422 Tuae
1534 1381 1797 1422 obedientia

165 1457 352 1507 integra
373 1456 639 1507 persistere,
664 1467 801 1507 quem
822 1464 872 1495 vt
907 1455 1125 1506 dignetur
1159 1465 1445 1494 conseruare
1473 1453 1518 1493 in
1555 1453 1626 1492 sui
1648 1452 1801 1492 maius

169 1527 414 1567 seruitium
436 1538 621 1578 semper
643 1538 906 1578 precamur.

247 1595 550 1649 Methymnae
572 1597 751 1649 Campi,
771 1598 796 1637 4
816 1596 1056 1637 Kalendas
1077 1596 1227 1638 Maias
1254 1596 1369 1636 1555.

248 1667 444 1708 Filiolus
466 1669 687 1708 minimus
708 1674 752 1708 et
775 1668 995 1719 indignus
1016 1667 1064 1708 P.
1090 1668 1160 1720 T.,

1025 1846 1263 1899 JOSEPHUS
1292 1857 1353 1886 DE
1382 1844 1586 1886 AcosrA.

244 2025 665 2077 Superscrz'ptz‘oz'n
683 2029 858 2076 quarta
876 2025 1084 2077 pagina:
1104 2026 1132 2073 †
1160 2023 1427 2065 Admodum
1462 2022 1564 2063 R.d0
1594 2022 1643 2062 In
1678 2021 1800 2073 Xpo.

165 2097 321 2146 Patri,
372 2096 501 2136 Patri
548 2096 745 2147 Ignatio‚
790 2096 1064 2148 Praeposito
1114 2095 1338 2136 Generali
1378 2093 1628 2135 Societatis
1674 2092 1805 2145 Jesu,

169 2167 361 2208 Romae.

252 2237 363 2278 Alsa
384 2248 547 2277 manu:
572 2236 687 2276 1555.
710 2237 984 2289 Methymna
1007 2237 1188 2288 Campi,
1210 2235 1604 2287 Quadrimestres,
1624 2235 1748 2275 Maii.

251 2310 415 2349 Manet
438 2308 697 2359 vestz'gz'mn
720 2319 851 2349 cerae
872 2313 915 2349 et
937 2307 1108 2359 sigilli.

224 2469 234 2490 ¹
274 2469 310 2497 P.
328 2469 537 2496 Franciscus
553 2468 592 2495 de
608 2467 721 2502 Borja.
735 2467 822 2494 Vide
837 2475 952 2502 supra,
969 2477 1046 2503 pag.
1067 2469 1129 2495 373.
