2047 3179
899 123 982 160 AN.
1012 122 1104 160 1555
1755 126 1829 163 463

192 220 238 260 id
261 231 404 260 causa
423 219 649 269 facerent,
673 230 753 259 eos
773 224 1064 270 promoueat,
1090 224 1134 258 et
1152 219 1198 258 in
1219 219 1439 260 uniuerso
1461 221 1550 260 hoc
1582 232 1665 260 suo
1689 222 1822 261 obse-

194 290 301 342 quio
324 296 509 341 augeat.
535 290 700 330 Amen.

272 361 315 402 A
348 360 702 401 Misericordiae
736 360 958 401 fratribus
989 358 998 378 ¹
1027 360 1164 400 huius
1201 360 1404 400 ciuitatis
1434 361 1613 411 publice
1650 363 1819 413 suppli-

194 439 350 472 catum
371 440 455 481 est,
480 433 526 472 in
547 444 638 484 qua
658 443 830 488 pompa
851 442 957 471 cum
982 429 1057 470 110
1077 442 1180 470 sese
1201 430 1362 482 flagris
1392 431 1642 482 afficerent,
1673 431 1746 472 100
1767 433 1822 473 de

195 503 265 543 his
286 503 458 543 nostris
479 503 711 543 numerati
732 508 853 543 sunt.

274 573 473 624 Quidam
495 574 552 613 ab
575 574 666 614 alio
688 575 855 623 laesus,
879 572 1048 613 iniuria
1075 572 1303 624 malisque
1323 573 1475 612 modis
1497 580 1732 624 acceptus,
1758 580 1822 613 ut-

194 650 300 695 pote
322 656 459 696 quem
480 645 555 684 ille
576 645 714 695 globo
736 644 952 696 plumbeo
973 643 1102 683 humi
1122 643 1381 693 deiecisset,
1407 644 1564 683 statim
1581 652 1628 684 ut
1647 644 1828 695 primus
1873 691 1877 694 .

193 714 453 755 dominicus
474 715 572 755 dies
594 716 766 755 mensis
802 713 962 765 adfuit,
999 725 1089 765 quo
1112 720 1212 753 erat
1250 713 1566 762 confessurus,
1600 714 1655 754 (16
1678 726 1820 764 more,

193 786 308 826 bene
329 797 480 833 mane,
504 786 602 826 eius
623 786 690 826 rei
716 786 870 836 gratia
893 784 1140 835 collegium
1168 784 1296 835 adiit,
1331 796 1379 824 56
1415 784 1575 825 libenti
1605 785 1822 837 bonoque

193 856 348 896 animo
365 857 483 896 uelle
505 857 547 896 ei
562 858 808 908 ignoscere
832 854 1098 908 [asserens].

271 927 405 968 Alius
427 939 533 967 cum
562 940 587 967 a
610 927 819 979 patribus
846 927 1131 979 postulasset
1161 933 1209 966 ut
1231 926 1291 966 ad
1319 926 1546 978 quosdam
1574 926 1821 978 pacifican-

191 998 274 1038 dos
295 999 429 1049 irent,
454 1010 600 1050 eaque
622 1010 696 1038 rcs
717 998 764 1038 in
784 998 907 1038 diem
927 997 1192 1049 proximum
1213 997 1359 1037 dilata
1390 1003 1528 1047 esset,
1562 997 1639 1036 ubi
1669 997 1819 1047 rediit,

192 1070 387 1121 ipsemet
408 1069 500 1109 iam
522 1075 690 1109 cuncta
712 1068 992 1109 confecerat.
1016 1067 1161 1108 Multa
1185 1066 1450 1119 hujusmodi
1471 1068 1525 1108 de
1548 1068 1620 1108 his
1652 1069 1826 1108 nostris

192 1140 332 1181 scribi
353 1146 559 1192 possent,
584 1147 628 1180 et
664 1139 850 1191 quidem
886 1140 942 1180 ad
975 1139 1348 1180 aedificationem
1369 1150 1557 1190 magna,
1587 1150 1707 1190 quae
1730 1151 1820 1189 ego

142 1239 146 1243 ·
195 1211 439 1263 praedicta
456 1211 512 1251 de
534 1223 676 1251 causa
699 1211 1038 1262 praetermitto

271 1282 480 1333 Benigne
501 1293 683 1334 quoque
705 1282 956 1323 admodum
982 1289 1027 1322 et
1048 1282 1227 1333 prolixe
1260 1282 1389 1322 Deus
1422 1281 1527 1333 Opt
1565 1281 1690 1321 Max.
1716 1293 1823 1321 cum

192 1353 347 1394 multis
368 1354 477 1404 egit,
503 1365 618 1405 quos
640 1354 758 1393 odiis
779 1359 916 1405 atque
938 1353 1207 1404 inimicitiis,
1231 1353 1398 1405 quibus
1416 1365 1508 1393 non
1525 1353 1624 1393 sine
1648 1353 1825 1392 anima-

193 1436 297 1464 rum
330 1435 521 1464 suarum
550 1424 767 1475 uitaeque
802 1424 1067 1464 discrimine
1089 1424 1363 1464 inflammati
1384 1430 1532 1474 erant,
1555 1435 1638 1476 per
1665 1429 1827 1475 patres

193 1502 332 1548 atque
353 1495 440 1536 hos
456 1496 639 1536 uirtutis
663 1495 1009 1535 amantissimos
1040 1495 1267 1546 homines,
1307 1495 1384 1546 qui
1420 1501 1579 1546 patres
1614 1506 1823 1534 accerse-

192 1567 319 1616 bant,
345 1578 609 1618 magnoque
632 1567 800 1606 ardore
834 1572 1025 1617 propter
1060 1566 1213 1606 Deum
1249 1565 1552 1616 adiuuabant,
1588 1566 1822 1606 liberauit.

190 1637 305 1679 Illud
326 1650 465 1689 saepe
487 1637 621 1677 nobis
643 1638 888 1677 molestum
903 1643 972 1677 est
993 1643 1036 1677 et
1057 1648 1204 1687 graue
1238 1649 1332 1677 non
1366 1648 1504 1688 posse
1539 1647 1626 1676 nos
1658 1648 1824 1676 eorum

192 1709 494 1761 petitionibus
528 1708 820 1758 satisfacere,
853 1707 955 1748 ideo
990 1708 1113 1759 quod
1142 1714 1301 1759 patres
1331 1709 1604 1759 plerumque
1634 1714 1741 1747 sunt
1776 1708 1822 1747 in

191 1780 582 1819 scholasticorum
599 1778 967 1819 confessionibus
989 1779 1219 1830 occupati.
1249 1778 1374 1818 Inter
1402 1779 1518 1818 alias
1548 1779 1819 1818 reconcilia-

192 1850 341 1890 tiones
363 1850 657 1900 concordiae,
682 1861 800 1901 quae
821 1849 975 1890 factae
994 1856 1114 1899 sunt,
1150 1850 1326 1901 placuit
1352 1849 1466 1899 Deo,
1506 1855 1553 1889 ut
1588 1860 1694 1889 cum
1730 1849 1825 1889 duo

190 1921 402 1962 homines
423 1921 594 1961 mutuis
616 1921 733 1960 odiis
759 1921 937 1961 incensi
961 1927 1130 1969 essent,
1169 1921 1291 1972 quod
1327 1921 1444 1960 alter
1480 1920 1615 1960 alteri
1646 1921 1693 1959 in
1722 1920 1823 1971 ipso

190 1992 356 2032 iudicis
377 1998 631 2043 conspectu
653 1992 982 2031 contumeliam
1002 1991 1205 2041 fecisset,
1229 1997 1393 2031 auctor
1415 1991 1514 2031 eius
1536 1991 1733 2031 iniuriae
1756 1992 1823 2031 sic

192 2074 325 2104 suam
341 2063 684 2113 uerborumque
706 2074 897 2102 suorum
919 2062 1224 2102 acerbitatem
1242 2069 1535 2113 agnosceret,
1556 2073 1675 2113 quae
1698 2061 1826 2102 dixe-

191 2140 279 2185 rat,
304 2140 353 2174 ut
372 2133 675 2185 responderet
693 2133 810 2173 uelle
828 2144 879 2173 se
897 2144 1058 2174 coram
1074 2133 1238 2173 eodem
1254 2133 1420 2183 iudice,
1440 2133 1676 2184 palinodia
1696 2132 1821 2173 insti-

192 2210 305 2256 tuta,
328 2205 514 2245 ueniam
537 2205 592 2244 ab
611 2216 680 2252 eo,
704 2216 841 2255 quem
862 2203 1132 2254 offenderat,
1171 2204 1421 2256 postulare.
1460 2204 1555 2244 Alii
1586 2204 1691 2254 duo,
1717 2215 1824 2244 cum

194 2276 363 2316 armati
378 2275 648 2316 incederent
676 2274 965 2326 digladiandi
988 2275 1129 2326 auidi,
1160 2281 1301 2327 atque
1329 2276 1447 2315 alter
1475 2275 1608 2315 alteri
1635 2275 1822 2315 insidia-

192 2352 334 2397 retur,
365 2346 515 2387 effecit
544 2346 673 2386 Deus
702 2352 767 2396 ut,
807 2351 985 2386 mutata
1021 2346 1265 2397 sententia,
1302 2346 1349 2386 in
1369 2345 1572 2397 gratiam
1599 2345 1819 2396 redirent,

193 2429 297 2457 cum
327 2417 526 2469 primum
563 2417 652 2457 illis
686 2422 911 2468 quantum
945 2416 992 2456 in
1026 2428 1186 2457 errore
1221 2422 1524 2457 uersarentur
1559 2417 1823 2467 expositum

193 2495 276 2528 est.
296 2487 390 2528 Alii
407 2499 604 2539 quoque,
618 2498 767 2538 neque
784 2487 970 2527 obscuri
986 2487 1089 2536 uiri,
1109 2488 1400 2528 reconciliati
1416 2493 1523 2528 sunt
1539 2487 1584 2527 in
1600 2487 1819 2538 gratiam,

192 2559 367 2610 fuitque
389 2570 443 2598 ea
464 2570 538 2598 res
560 2558 784 2609 perutilis.
808 2557 914 2598 Fuit
936 2558 1186 2609 aliquando
1209 2558 1307 2599 dies
1329 2570 1434 2599 cum
1454 2558 1592 2598 Pater
1615 2557 1820 2610 quidam,

192 2630 239 2669 in
260 2629 498 2669 ciuitatem
518 2629 773 2680 ingressus,
799 2627 1017 2669 undecim
1038 2634 1116 2669 aut
1139 2629 1386 2670 duodecim
1407 2629 1617 2669 homines
1634 2628 1822 2670 reduxit

194 2700 240 2740 in
261 2700 481 2750 gratiam.

248 2933 258 2952 ¹
299 2930 436 2958 Scilicet
452 2937 471 2957 a
487 2929 792 2957 Confraternitatis
808 2929 849 2956 de
866 2929 1116 2958 Misericordia
1135 2930 1249 2959 dictae
1264 2931 1375 2959 sociis.
