2047 3179
895 144 1102 181 fo.155l
1779 146 1824 181 37

188 243 322 292 logus
347 240 666 292 superioribus
693 240 822 280 hisce
857 239 1020 280 diebus
1047 240 1094 279 in
1127 240 1300 290 templo
1332 245 1493 279 nostro
1522 251 1548 279 a
1583 240 1824 291 discipulis

187 312 427 361 recitatus,
452 323 548 351 non
568 311 668 352 sine
695 312 837 351 totius
873 311 1000 351 urbis
1036 310 1361 360 admiratione,
1393 316 1490 350 tum
1518 311 1575 350 ob
1592 311 1823 361 insignem

187 395 242 427 ac
280 382 450 422 miram
488 382 674 422 illorum
712 381 1009 430 memoriam,
1064 388 1160 421 tum
1201 381 1343 421 etiam
1391 381 1447 420 ob
1489 381 1720 421 actionem
1761 383 1822 421 in-

186 454 363 494 fantula
403 459 556 493 aetate
597 453 801 493 maxime
849 453 1210 504 suspiciendam.
1243 451 1360 492 Sunt
1391 458 1435 492 et
1464 452 1635 492 ciuium
1664 453 1820 500 animi,

184 525 396 572 fratrum,
421 524 498 575 qui
519 535 666 575 nuper
687 523 776 563 hac
797 524 884 563 iter
903 523 1122 570 habuere,
1142 522 1452 573 multitudine,
1471 523 1693 571 moribus,
1718 535 1822 574 pru-

185 595 355 645 dentia,
381 595 617 645 commoti,
641 595 879 645 multique,
911 595 991 645 qui
1021 594 1151 645 prius
1180 606 1205 634 a
1235 594 1369 633 nobis
1401 593 1675 633 alienissimi
1697 594 1822 634 vide-

183 666 368 715 bantur,
398 677 456 706 eX
478 677 650 716 magna
672 671 804 717 parte
827 666 1079 706 conciliati.
1105 664 1304 705 Senatus
1327 671 1483 705 autem
1506 665 1573 705 sic
1595 672 1664 705 est
1687 665 1822 705 nobis

176 736 392 786 affectus,
416 743 467 777 vt
487 738 526 777 si
548 748 639 788 qua
660 736 752 777 dici
772 736 933 776 forsan
958 737 1003 776 in
1025 748 1110 776 nos
1131 737 1308 786 audiat,
1333 748 1388 776 ea
1410 737 1485 776 vel
1506 736 1818 787 ignorantiae,

182 807 257 848 Vel
294 808 479 848 illorum
515 808 720 848 inuidiae
755 808 977 848 ascribat:
1017 807 1139 847 idem
1170 807 1377 848 ciuitatis
1411 807 1598 847 nomine
1630 819 1823 847 causam

181 884 392 919 nostram
427 879 551 930 apud
572 879 723 919 Rmum
745 885 789 919 et
810 879 1181 919 Illustrissimum
1215 878 1516 919 Cardinalem
1546 878 1823 918 Perusinum

183 949 295 1000 agit,
326 961 382 989 ac
412 949 468 989 de
495 949 733 990 fundando
755 950 965 1000 Collegio
998 950 1232 989 sollicitat.
1257 949 1373 990 Sunt
1404 955 1448 989 et
1476 961 1625 1000 nuper
1647 949 1823 989 reditus

176 1020 324 1060 annui
344 1019 569 1061 Societati
590 1021 871 1071 consignati.
894 1020 1115 1061 Nonnulli
1137 1031 1249 1060 suos
1270 1021 1404 1060 nobis
1426 1020 1544 1060 filios
1568 1020 1821 1060 informan-

184 1090 272 1131 dos
288 1092 637 1132 commiserunt.

259 1162 331 1202 Ex
365 1162 437 1202 his
472 1168 516 1202 et
549 1164 690 1213 longe
724 1163 934 1214 pluribus
969 1163 1084 1203 satis
1115 1174 1347 1214 superque
1377 1163 1690 1213 cognouimus
1726 1174 1820 1203 non

179 1244 318 1283 posse
354 1233 440 1273 sub
471 1233 627 1274 modio
662 1235 903 1274 lucernam
935 1233 1224 1284 delitescere,
1262 1245 1402 1285 quam
1437 1245 1578 1285 super
1606 1234 1822 1274 candela-

177 1303 328 1353 brum,
359 1310 409 1344 vt
437 1304 652 1344 omnibus
686 1305 853 1355 luceat,
885 1304 1099 1345 Christus
1131 1316 1234 1344 esse
1262 1304 1425 1353 voluit,
1464 1305 1821 1356 oppugnarique

179 1375 258 1414 diu
287 1386 424 1426 posse
445 1376 712 1424 veritatem,
749 1376 850 1416 fore
885 1382 1044 1416 tamen
1079 1376 1269 1416 tandem
1304 1375 1556 1427 aliquando
1593 1387 1698 1415 cum
1733 1376 1823 1415 elu-

139 1449 142 1452 “
178 1452 401 1487 cescat..

258 1516 319 1556 Hi
340 1524 447 1557 sunt
467 1517 626 1568 igitur,
650 1517 756 1558 R.de
774 1519 820 1558 in
842 1519 982 1559 Chro.
1008 1518 1102 1569 P.¹‘,
1127 1530 1243 1569 quos
1271 1530 1330 1558 ex
1353 1519 1442 1558 hac
1469 1518 1607 1557 vinea
1640 1518 1822 1558 fructus

174 1599 390 1628 summus
407 1589 481 1628 ille
504 1601 559 1629 ac
576 1589 764 1641 sapiens
785 1590 996 1641 agricola
1017 1590 1174 1639 refert,
1203 1591 1361 1641 plures
1383 1589 1548 1640 opinor
1569 1590 1818 1640 relaturus,

178 1658 219 1698 si
235 1659 392 1710 plures
413 1659 490 1699 hic
511 1672 719 1700 essemus
741 1661 961 1712 operarii.

258 1729 349 1770 Sed
370 1730 487 1771 haec
508 1731 639 1771 satis.
661 1731 773 1772 Tuis
794 1743 880 1772 nos
901 1732 1088 1772 interim
1110 1732 1328 1782 precibus
1344 1731 1404 1772 ad
1420 1730 1691 1782 Dominum,
1717 1743 1818 1771 cae<

174 1807 478 1853 terorumque
500 1801 692 1843 Patrum
724 1815 780 1843 ac
807 1803 1008 1844 fratrum
1029 1803 1198 1843 obnixe
1229 1802 1627 1843 commendamus.
1652 1801 1818 1853 Spera-

177 1883 279 1912 mus
296 1873 418 1913 enirn
434 1872 534 1914 fore
552 1880 602 1914 vt
620 1875 709 1914 illis
728 1875 984 1914 alacriores
1001 1881 1046 1914 et
1063 1874 1122 1914 ad
1140 1874 1298 1914 diuina
1312 1874 1501 1926 pietatis
1520 1873 1670 1914 officia
1689 1886 1817 1913 exer-

169 1943 324 1984 cenda
344 1944 563 1985 fortiores
585 1945 751 1991 effecti,
775 1952 962 1996 gratum
984 1945 1188 1985 Domino
1211 1951 1504 1996 praestemus
1527 1945 1816 1995 obsequium.

175 2014 410 2066 Perusiae,
433 2015 458 2056 8
479 2016 712 2057 Calendas
734 2017 859 2070 Junii
878 2017 888 2036 ¹
916 2017 1031 2057 1554.

254 2087 384 2128 Tuus
404 2088 450 2128 in
472 2088 612 2128 Chro.
638 2101 802 2130 seruus
824 2101 879 2130 ac
902 2090 1023 2130 filius
1044 2090 1279 2140 indignus,

1085 2232 1310 2272 EMUNDUS
1340 2231 1598 2272 AUGERIUs.

230 2437 240 2456 ¹
279 2437 332 2465 Sic
350 2439 475 2472 legitur
491 2440 523 2466 in
538 2440 760 2474 apog1·aphis;
778 2444 814 2467 at
830 2441 951 2468 melius
973 2440 1120 2468 fortasse
1142 2442 1163 2467 8
1186 2441 1356 2468 calendas
1371 2441 1476 2476 sulti,
1491 2446 1525 2468 ut
1542 2445 1637 2475 patet
1660 2449 1700 2467 cx
1716 2445 1813 2468 aulo-

171 2485 307 2519 grapho
322 2487 553 2520 praecedenti,
570 2488 624 2514 ubi
641 2487 788 2521 epistola
804 2488 932 2522 scripta
945 2489 1070 2516 dicitur
1086 2489 1137 2515 dic
1149 2488 1182 2515 22}
1196 2488 1311 2523 Junci.
1326 2488 1419 2521 Quod
1435 2490 1564 2516 sirecte
1578 2490 1631 2516 hic
1647 2489 1812 2522 scriptum

171 2535 226 2559 cst
243 2533 275 2565 8,
289 2533 369 2560 tunc
387 2534 554 2562 versionis
570 2535 640 2562 dies
654 2535 719 2562 erit
737 2536 791 2562 24.
