2047 3179
274 150 345 187 700
746 149 974 188 'LITTERAE
994 162 1353 196 QUADmMESTREs

832 604 870 656 C
881 603 1255 659 DXXXVIII

295 831 518 870 Robertus
540 832 827 879 Clayssonius

345 898 462 935 Patri
482 897 653 945 Ignatio
674 898 726 935 de
748 898 932 945 Loyola.

389 962 606 1009 Billiomo‚
630 963 673 1000 15
694 963 961 1002 Novembris
983 965 1075 1002 1555
1094 965 1119 1003 ¹.

300 1171 399 1213 Pax
422 1172 613 1213 Domini
635 1172 724 1214 Dei
745 1174 894 1214 nostri
913 1174 1025 1227 Jesu
1042 1173 1218 1215 Christi
1237 1174 1445 1227 perfecta
1462 1185 1548 1214 nos
1567 1172 1706 1214 donet
1726 1173 1861 1213 liber-

218 1249 329 1285 tate.
353 1244 522 1285 Amen.

298 1316 611 1358 Gratissimus
634 1316 825 1359 Domini
846 1318 1129 1370 Hieronymi
1150 1318 1305 1359 Bassii
1327 1324 1468 1370 atque
1491 1317 1609 1358 adeo
1644 1315 1860 1367 Magistri

217 1386 342 1427 Petri
363 1387 554 1428 Canalis
573 1390 588 1409 ²
611 1388 841 1430 aduentus
863 1401 936 1430 me
957 1401 1140 1430 summa
1168 1389 1347 1429 laetitia
1378 1388 1629 1437 recreauit,
1660 1398 1859 1439 quorum

216 1464 414 1510 vterque
449 1460 679 1511 singulari
719 1461 949 1502 modestia
983 1473 1069 1501 nec
1107 1461 1297 1512 vulgari
1328 1460 1590 1500 eruditione
1627 1470 1858 1499 summam

217 1529 403 1581 frugem
424 1531 471 1571 in
493 1531 581 1572 hac
604 1532 931 1573 Aruernorum
958 1533 1152 1584 regione
1182 1531 1497 1584 colligendam
1527 1531 1640 1571 mihi
1672 1530 1859 1582 pollice-

215 1607 306 1642 tur.
330 1602 474 1654 Atqui
497 1603 544 1643 in
566 1603 656 1643 hac
686 1603 944 1644 Biliomaea
979 1603 1256 1655 Academia,
1292 1603 1531 1643 vberrimo
1567 1602 1857 1642 incremento

214 1672 560 1724 florentissima,
584 1674 683 1726 ipse
706 1675 859 1715 adhuc
881 1676 1022 1725 solus,
1048 1674 1383 1726 Agricolarum
1398 1679 1588 1714 nostrae
1607 1673 1857 1714 Societatis

212 1744 422 1785 subsidio
444 1744 708 1794 destitutus,
733 1745 917 1798 pondus
938 1745 1029 1786 diei
1052 1752 1096 1787 et
1123 1752 1283 1786 aestus
1310 1745 1520 1797 perferre
1550 1755 1712 1794 cogor.
1735 1743 1856 1784 Nam

213 1814 348 1856 R.¹¹¹u³
382 1815 508 1856 ΒΑΜ
537 1815 753 1857 Antistes
789 1816 1210 1868 Claromontanus,
1249 1816 1379 1857 hisce
1415 1815 1676 1856 rationibus
1714 1814 1854 1855 addu-

213 1893 332 1939 ctus,
356 1893 455 1928 tum
489 1888 614 1940 quod
647 1888 970 1940 professorum
1005 1888 1080 1929 hic
1116 1899 1252 1939 copla
1289 1887 1348 1928 ad
1382 1887 1526 1928 ferias
1562 1897 1711 1939 vsque
1742 1886 1855 1926 Divi

206 1958 403 2012 Joannis
425 1960 664 2011 Baptistae
686 1960 796 2000 anni
817 1960 1020 2012 proximi
1050 1959 1232 2000 abunde
1261 1966 1496 2011 suppetat,
1526 1959 1694 2010 quibus
1726 1956 1786 1998 ad
1808 1956 1854 1997 id

206 2042 356 2083 vsque
378 2031 604 2082 temporis
625 2031 824 2072 docendi
846 2043 1015 2072 munus
1043 2043 1310 2083 propagare
1337 2031 1537 2071 liberum
1566 2035 1635 2070 est
1665 2041 1723 2069 ex
1745 2040 1849 2069 con-

207 2102 441 2153 uentione,
461 2108 560 2142 tum
581 2103 705 2154 quod
727 2103 892 2143 domus
915 2109 1053 2155 atque
1089 2103 1298 2154 supellex
1319 2101 1589 2142 necessaria
1624 2100 1852 2152 paulatim

206 2174 374 2214 leuiori
404 2174 641 2225 impendio
678 2174 998 2226 comparanda
1033 2174 1107 2226 sit;
1144 2174 1289 2215 D.11¹1m
1314 2173 1658 2225 Hieronymum
1694 2171 1852 2212 Clara-

208 2245 532 2285 montensibus
553 2246 829 2297 assignauit‚
854 2252 906 2286 vt
932 2245 1227 2286 xenodochio
1261 2245 1435 2285 labenti
1458 2244 1534 2296 pia
1559 2243 1851 2284 institutione

206 2316 449 2368 suppetias
469 2316 605 2367 ferat,
630 2328 685 2356 ac
707 2317 991 2368 Magistrum
1012 2317 1201 2357 Petrum
1222 2317 1486 2368 Euscopiae
1507 2314 1521 2333 ⁵
1550 2314 1673 2366 apud
1704 2326 1753 2354 se
1776 2314 1851 2354 de-

205 2388 337 2439 tinet,
379 2394 430 2428 vt
469 2389 760 2429 commodius
806 2389 1128 2441 maturiusque
1157 2388 1476 2428 valetudinem
1517 2392 1761 2437 recuperet
1802 2386 1848 2425 in

204 2464 313 2499 ae're
334 2465 433 2500 tum
454 2460 756 2500 serenissimo
775 2467 874 2500 tum
895 2460 1245 2510 amoenissimo,
1273 2470 1412 2512 quem
1433 2465 1592 2498 tamen
1614 2456 1850 2497 interdum

202 2542 276 2570 me
298 2531 531 2571 inuisendi
552 2532 707 2582 gratia
730 2531 979 2572 Biliomum
1000 2543 1050 2571 se
1071 2531 1324 2571 missurum
1345 2529 1539 2581 recepit.

285 2601 504 2642 Proximo
527 2601 759 2643 Paschate
782 2602 1043 2654 Collegium
1065 2601 1291 2643 Societati
1314 2601 1590 2652 erigendum
1619 2599 1732 2640 mihi
1754 2600 1848 2651 pol·

202 2673 382 2725 licetur,
403 2673 634 2726 jussitque
654 2681 704 2715 vt
727 2674 785 2714 ad
807 2674 1144 2715 paternitatem
1171 2682 1300 2714 tuam
1330 2673 1490 2713 literas
1513 2671 1845 2721 transmittam,

204 2745 371 2795 quibus
392 2745 631 2786 senarium
651 2745 975 2797 professorum
996 2757 1258 2796 numerum,
1290 2751 1340 2784 vt
1366 2743 1623 2793 minimum,
1657 2742 1848 2783 scholae

259 2881 266 2898 ⁴
310 2881 564 2916 Autogranhae
581 2883 613 2910 in
629 2883 710 2910 solio
725 2883 862 2918 duplici,
880 2890 934 2910 nn.
950 2882 1000 2910 231
1017 2886 1051 2910 et
1065 2882 1131 2910 232.

256 2930 270 2947 ²*
307 2928 350 2956 Hi
367 2929 429 2956 duo
447 2929 556 2957 Roma
575 2932 616 2957 ab
632 2930 768 2965 ignatio
786 2930 967 2958 Billomum
984 2931 1027 2958 ad
1043 2929 1233 2964 Collegium
1249 2928 1476 2957 inchoandum
1492 2928 1585 2955 missi
1600 2931 1692 2954 sunt.

259 2974 274 2992 5
311 2975 398 3003 Vide
415 2984 531 3012 supra,
545 2984 628 3012 pag.
649 2978 712 3012 635,
728 2983 843 3006 annot.
858 2978 885 3005 3.
