2104 3189
256 123 302 160 14
778 125 1007 165 LirrERAE
1024 137 1384 171 QUADRIMESTRES

947 579 1229 635 CCXCIX

338 805 387 844 P.
409 806 580 845 Caesar
598 806 784 845 Helmus

386 871 509 909 Patri
527 872 698 920 Ignatio
718 872 772 910 de
791 872 976 920 Loyola.

434 937 650 984 Venetiis‚
669 937 693 975 9
711 938 830 985 Junii
852 938 946 977 1554
963 938 991 974 ¹.

1044 1094 1143 1171 1315

358 1289 527 1331 Gratia
550 1296 594 1331 et
614 1302 710 1343 pax
730 1290 839 1344 Xpi.
862 1297 951 1332 etc.

351 1360 499 1402 Molto
531 1361 634 1403 R.d⁰
661 1361 711 1404 P.
745 1368 789 1403 et
811 1369 963 1404 oss.m0
989 1363 1082 1403 mio
1111 1363 1158 1403 in
1185 1362 1319 1404 Chr.⁰
1349 1362 1500 1414 questi
1526 1362 1676 1403 brieui
1703 1362 1856 1403 littere
1886 1376 1913 1403 a

274 1431 334 1472 V.
357 1432 413 1473 R.
437 1433 689 1475 habbiamo
710 1434 872 1475 scritte
907 1434 1038 1475 accio
1060 1434 1147 1475 che
1169 1446 1252 1486 per
1280 1433 1535 1474 obedienza
1558 1433 1601 1474 ci
1631 1437 1656 1474 e
1685 1439 1810 1474 stato
1832 1434 1918 1475 im·

274 1511 427 1556 post0,
452 1505 554 1546 cioe
584 1505 672 1546 che
694 1506 807 1557 ogni
835 1512 1024 1558 quattro
1053 1506 1171 1546 mesi
1199 1505 1356 1546 diamo
1386 1505 1518 1546 auiso
1548 1505 1666 1546 delle
1694 1517 1803 1546 cose
1831 1506 1918 1547 che

271 1588 356 1628 per
377 1576 638 1618 ministerio
661 1577 707 1617 di
727 1577 806 1618 noi
833 1577 1027 1628 indegni
1056 1583 1101 1618 et
1129 1577 1281 1618 inutili
1311 1577 1437 1617 serui
1464 1577 1567 1617 suoi
1588 1577 1628 1618 si
1657 1581 1682 1618 e
1712 1578 1917 1630 degnato

275 1660 446 1700 operar
466 1648 578 1702 Jesu
599 1648 722 1700 Xpo.
746 1649 806 1690 ad
827 1649 1125 1690 edificatione
1146 1649 1387 1701 spirituale
1409 1654 1454 1689 et
1475 1649 1796 1690 consolatione
1814 1650 1919 1690 dell'

275 1720 446 1769 anime,
484 1720 795 1773 adempiamo.
833 1720 998 1761 Percio
1033 1719 1154 1761 dalle
1190 1732 1313 1772 cose,
1347 1721 1433 1761 che
1467 1721 1543 1761 nel
1577 1720 1919 1773 quadrimestre

275 1791 380 1832 dell'
406 1803 530 1832 anno
555 1791 656 1832 1553
679 1792 734 1843 (si
755 1803 890 1833 come
910 1792 1112 1833 hauemo
1133 1792 1297 1833 scritto
1319 1793 1440 1833 altra
1460 1793 1591 1834 volta
1611 1792 1640 1844 ²)
1662 1804 1757 1833 non
1773 1804 1920 1833 erano

278 1875 426 1904 ancor
448 1863 809 1914 perfettamente
830 1863 1081 1915 esseguite‚
1104 1864 1416 1916 primamente
1437 1864 1817 1905 cominciaremo.

356 1934 613 1975 Percioche
647 1935 687 1975 si
721 1946 854 1975 come
889 1946 915 1975 a
949 1947 1013 1975 un
1047 1941 1178 1976 certo
1213 1935 1385 1975 huomo
1420 1947 1514 1976 non
1555 1935 1681 1976 saria
1720 1935 1916 1987 giouato

279 2004 437 2047 niente
458 2006 607 2046 hauer
627 2017 870 2059 promesso
892 2007 936 2046 la
958 2006 1251 2046 restitutione
1272 2006 1318 2046 di
1338 2005 1390 2046 40
1411 2006 1583 2057 ducati,
1617 2018 1667 2047 se
1688 2007 1736 2047 in
1757 2007 1918 2048 effetto

279 2089 374 2118 non
394 2078 423 2118 l’
448 2077 649 2118 hauesse
670 2078 802 2129 satta,
827 2080 928 2118 cosi
953 2077 1351 2118 medesmamente
1382 2078 1505 2119 colui
1539 2079 1625 2119 che
1645 2079 1766 2119 lesse
1786 2079 1828 2119 le
1851 2090 1923 2119 so—

278 2149 495 2201 pradette
516 2155 677 2190 nostre
698 2149 877 2200 lettere,
900 2161 995 2189 non
1016 2149 1247 2190 riceueria
1268 2149 1406 2201 piena
1436 2150 1758 2191 consolatione
1787 2151 1921 2202 spiri-

280 2221 421 2272 tuale,
446 2221 486 2261 si
507 2232 655 2261 ancor
674 2233 768 2261 non
790 2232 981 2273 sapesse
1003 2221 1089 2261 che
1110 2221 1217 2272 quel
1238 2228 1479 2261 mercante
1500 2233 1590 2262 con
1605 2233 1668 2262 un
1689 2222 1853 2263 scritto
1876 2223 1922 2263 di

281 2303 366 2332 sua
386 2303 527 2332 mano
549 2304 575 2332 a
598 2303 671 2332 me
706 2292 785 2343 gia
813 2297 1101 2343 consegnato
1129 2291 1188 2331 ha
1211 2298 1484 2332 assecurato
1505 2292 1536 2332 li
1557 2293 1660 2333 suoi
1683 2293 1919 2334 creditori.

284 2362 349 2404 Mi
375 2364 436 2404 ha
465 2364 591 2414 dato,
627 2363 756 2415 dico,
789 2375 852 2404 un
879 2363 1042 2404 scritto
1072 2364 1189 2412 (non
1210 2363 1415 2415 potendo
1451 2364 1619 2405 adesso
1657 2365 1921 2405 commoda-

282 2442 437 2476 mente
458 2446 609 2487 pagar
636 2435 667 2475 li
693 2434 953 2487 sopradetti
978 2433 1031 2474 40
1051 2434 1223 2485 ducati)
1253 2435 1385 2475 accio
1421 2435 1507 2476 che
1536 2447 1586 2476 se
1621 2435 1745 2476 dalla
1772 2442 1926 2477 morte

284 2506 411 2548 fusse
433 2506 657 2558 impedito
679 2506 806 2546 detto
823 2512 1078 2556 mercante,
1098 2506 1237 2557 quelli
1254 2518 1281 2546 a
1298 2506 1424 2558 quali
1442 2507 1481 2547 si
1498 2506 1709 2547 debbono
1726 2507 1740 2546 i
1758 2507 1923 2548 denari

283 2589 379 2619 non
398 2577 583 2618 saccino
604 2577 789 2628 perdita
811 2577 857 2617 di
883 2576 996 2617 essi.
1023 2576 1111 2617 Un’
1137 2577 1256 2617 altro
1278 2588 1457 2618 ancora
1477 2578 1597 2618 oltra
1618 2577 1704 2618 che
1724 2578 1785 2618 ha
1813 2578 1925 2619 dato

283 2660 368 2702 per
388 2648 572 2689 charita
592 2648 711 2688 dieci
732 2647 891 2688 ducati
912 2648 959 2688 in
979 2654 1113 2699 parte
1135 2646 1256 2688 della
1277 2648 1385 2688 dote
1407 2648 1449 2689 d’
1483 2660 1577 2689 una
1605 2648 1835 2693 donzella.
1861 2649 1923 2690 ha

322 2809 333 2830 ¹
373 2809 625 2844 Autographae
642 2809 674 2837 in
690 2808 814 2843 duplici
830 2807 923 2838 folio.
938 2814 970 2834 n.
988 2806 1033 2834 69.

321 2856 337 2877 ³
374 2856 522 2884 Litteris
537 2865 622 2892 quas
638 2858 744 2884 habes
759 2856 792 2883 in
806 2855 1027 2890 praecedenti
1043 2855 1111 2882 vol.
1128 2861 1163 2889 11,
1179 2863 1261 2890 pag.
1280 2856 1333 2884 529
1348 2860 1382 2885 et
1398 2864 1480 2892 seq.;
1500 2864 1567 2889 eas,
1589 2857 1670 2884 licet
1685 2858 1746 2885 sub
1762 2857 1862 2886 finem
1876 2857 1930 2892 Ja-

286 2905 400 2933 nuarii
425 2905 525 2940 hujus
550 2905 629 2932 anni
650 2904 752 2932 datae
773 2904 851 2936 sint.
872 2903 1135 2937 quadrimestri
1159 2903 1242 2931 dell'
1258 2912 1352 2932 anno
1375 2905 1467 2933 1553
1489 2905 1643 2940 appellat
1669 2904 1829 2939 Helmus,
1849 2906 1930 2940 quia

287 2957 436 2988 quatuor
450 2956 644 2987 postremos
660 2952 741 2980 anni
758 2951 826 2979 1558
839 2959 972 2979 menses
988 2951 1190 2986 respiciunt.
