2047 3179
875 172 957 209 AN.
992 172 1080 209 1554
1725 171 1789 207 161

740 622 1154 677 GOOXXVIH

231 850 421 889 Michael
440 852 623 889 Botelho

282 916 405 954 Patri
425 917 593 963 Ignaiio
614 917 667 954 de
688 916 871 962 Loyola.

329 983 562 1028 Panormo,
586 982 630 1020 13
644 982 846 1020 Octobris
870 980 961 1018 1554
982 981 1005 1015 ¹.

934 1136 1030 1213 nfis

697 1335 837 1375 Molto
860 1333 960 1374 R.d0
991 1335 1036 1374 in
1065 1335 1145 1374 X.0
1170 1334 1241 1375 Re

244 1406 343 1446 Pax
364 1406 440 1446 X.i

243 1477 421 1518 Perche
460 1478 490 1517 il
525 1477 625 1518 R.d0
657 1477 703 1518 P.
740 1478 823 1518 M.0
863 1478 1136 1518 Hieronimo
1172 1477 1466 1527 Domenech,
1508 1478 1796 1519 Prouintiale

163 1556 341 1599 nostro,
367 1553 392 1589 0
412 1548 484 1589 fra
505 1549 583 1589 noi
604 1550 629 1588 l'
664 1550 970 1589 instrumento
1007 1549 1229 1600 precipuo
1263 1549 1309 1589 di
1342 1556 1471 1589 tante
1507 1550 1631 1590 buon
1653 1562 1795 1601 opere

166 1620 269 1660 chel
290 1619 377 1660 §.¹⁴⁶
399 1625 443 1660 et
466 1619 587 1660 fuori
607 1626 652 1660 et
687 1620 851 1660 dentro
885 1620 931 1660 di
952 1631 1085 1671 casa,
1119 1621 1262 1660 etiam
1283 1621 1491 1671 absente,
1514 1633 1597 1672 pei·
1629 1633 1732 1661 esso
1755 1622 1795 1662 si

166 1691 320 1742 degna
340 1693 522 1743 operar’
547 1697 591 1731 et
611 1692 652 1731 10
671 1691 749 1742 gia
785 1691 898 1732 fatte
932 1702 1236 1741 conseruare,
1269 1692 1468 1732 conuien
1502 1703 1621 1732 anco
1649 1693 1696 1733 in
1718 1694 1793 1733 ab·

166 1762 317 1803 sentia
337 1762 468 1813 dirle,
491 1768 535 1803 et
563 1774 693 1803 come
726 1763 845 1803 nelle
877 1763 956 1814 gia
991 1763 1150 1803 scritte
1185 1763 1550 1814 quadrimestre,
1587 1764 1727 1804 etiam
1748 1764 1795 1804 in

167 1841 352 1885 questa,
374 1834 422 1873 in
442 1834 593 1885 prima
614 1834 742 1882 dirli,
766 1845 814 1873 se
835 1833 951 1874 bene
973 1834 1019 1874 in
1040 1834 1197 1883 breue,
1222 1835 1488 1885 qualmente
1506 1835 1597 1886 egli
1615 1836 1675 1874 ha
1691 1837 1793 1886 pur'

167 1911 318 1945 atteso
341 1906 388 1946 in
409 1905 565 1956 quegli
581 1905 730 1945 ultimi
750 1905 918 1956 giomi,
938 1906 1098 1946 auanti
1115 1907 1158 1945 la
1180 1917 1263 1945 soa
1285 1912 1511 1957 partenza
1532 1918 1615 1958 per
1638 1895 1796 1947 Messi-

166 1989 241 2028 na‚
279 1990 306 2017 a
341 1977 586 2017 consolare
621 1978 761 2017 molte
783 1977 955 2027 anime,
979 1983 1024 2017 et
1045 1978 1186 2017 molte
1207 1977 1388 2018 uedoue
1419 1984 1464 2017 et
1487 1979 1594 2018 altri
1616 1979 1794 2029 poueri,

167 2060 299 2089 come
317 2049 387 2088 lor
409 2059 520 2088 uero
543 2047 706 2098 padre,
732 2048 1003 2088 solleuando
1025 2047 1148 2088 dalla
1185 2059 1418 2099 grauezza
1453 2049 1573 2089 della
1600 2053 1799 2100 pouerta

168 2131 257 2160 con
278 2120 489 2160 limosine
507 2119 630 2159 dalla
651 2119 762 2159 Ex.³
783 2131 867 2159 sua
889 2119 903 2137 ‘²
932 2126 976 2159 et
1008 2120 1147 2160 daltri
1179 2120 1467 2171 personaggi
1495 2122 1718 2171 raccolte,
1752 2128 1799 2162 et

169 2191 309 2231 etiam
326 2191 373 2231 in
390 2192 540 2242 quello
558 2190 643 2230 che
660 2201 788 2230 esser
804 2191 1073 2241 gratissimo
1093 2198 1137 2230 et
1159 2191 1526 2242 singularmente
1550 2199 1731 2232 accetto
1754 2193 1797 2231 al

170 2261 258 2303 Ssse
279 2264 315 2302 s'
339 2262 519 2312 estima,
543 2269 587 2302 et
609 2273 791 2313 sempre
815 2273 919 2302 esso
936 2262 997 2301 ha
1021 2261 1135 2302 fatto
1156 2274 1249 2302 non
1267 2263 1367 2302 solo
1389 2274 1446 2302 en
1467 2263 1696 2314 Palermo,
1723 2276 1802 2304 ma

168 2345 386 2385 ouunque
406 2333 499 2384 egli
519 2334 559 2373 si
579 2333 715 2382 troui,
747 2338 791 2372 et
818 2344 900 2384 per
928 2339 1047 2373 tutto
1085 2334 1115 2373 il
1148 2333 1312 2384 Regno
1346 2345 1440 2374 non
1471 2335 1532 2374 ha
1562 2341 1801 2386 mancato,

169 2405 272 2445 0100
293 2416 586 2456 congregare
608 2411 730 2445 sotto
750 2405 778 2444 l’
810 2405 881 2444 ale
910 2404 1030 2445 della
1053 2416 1139 2445 sua
1174 2405 1422 2456 protetion‘
1449 2412 1493 2445 et
1515 2406 1801 2457 compassio-

169 2477 307 2517 neuol
326 2477 599 2517 souentione
620 2476 635 2516 i
659 2476 857 2527 dispersi
890 2476 1050 2528 popilli
1077 2483 1121 2516 et
1157 2476 1475 2517 abbandonati
1511 2483 1556 2517 et
1584 2478 1655 2517 ch'
1678 2478 1805 2517 altri-

168 2554 323 2589 mente
344 2548 566 2599 aggiutar
585 2559 678 2587 non
700 2547 739 2586 si
760 2558 979 2598 possono,
1000 2547 1302 2599 prouedendo
1320 2549 1435 2598 loro,
1456 2554 1501 2588 et
1524 2560 1642 2588 anco
1666 2550 1806 2589 collo-

170 2619 321 2660 cando
343 2620 508 2660 alcune
530 2620 764 2671 pouerelle
785 2624 829 2659 et
850 2619 1141 2670 aggiutando
1164 2631 1252 2659 con
1268 2619 1498 2670 limosine,
1520 2620 1645 2671 quali
1663 2631 1806 2660 senza

168 2691 355 2742 dubbio‚
378 2702 461 2742 per
482 2691 526 2731 la
547 2694 743 2742 pouerta
765 2696 809 2730 et
830 2690 1129 2730 incommodo
1153 2690 1209 2731 de
1231 2697 1366 2741 potet·
1387 2692 1806 2732 honoreuolmente

168 2768 214 2803 et
233 2774 375 2803 senza
392 2762 535 2802 offesa
557 2762 600 2802 d’
626 2760 754 2801 iddio
777 2761 933 2811 uiues,
961 2762 1316 2813 pericolauano.

226 2901 234 2919 ¹
274 2901 524 2935 Autographac
540 2901 573 2927 in
587 2899 713 2934 duplici
728 2898 817 2932 folio,
840 2907 893 2926 nn.
920 2899 971 2926 180
991 2903 1024 2926 et
1054 2899 1190 2927 187.—1n
1205 2900 1246 2927 iis
1263 2905 1376 2927 tamen
1399 2906 1532 2928 tantum
1549 2901 1812 2935 subscriptionis

171 2949 278 2976 verba
293 2948 335 2976 D.
360 2947 396 2976 V.
415 2948 449 2975 P.
468 2948 631 2980 indegno,
645 2951 723 2979 etc..
738 2951 772 2974 et
786 2947 1105 2982 superscriptionis,
1121 2952 1199 2974 sunt
1212 2956 1313 2975 manu
1329 2949 1460 2982 scripta
1477 2948 1591 2976 Patris
1608 2948 1764 2976 Botelho.

228 2996 242 3015 Ξ
281 2995 453 3030 Proregis,
469 2994 609 3028 Joannis
626 2995 664 3021 de
686 2994 796 3029 Vega.

319 3055 368 3092 T.
397 3067 456 3091 ni.
1562 3069 1594 3092 11
