2047 3179
878 162 960 199 AN.
993 162 1083 199 1555
1721 162 1793 200 523

161 271 267 299 nem
294 259 428 299 turba
457 260 598 298 multa
622 258 824 307 confluit,
848 258 1017 309 partim
1041 270 1218 307 eorum,
1243 258 1320 309 qui
1352 259 1443 296 iam
1467 259 1561 296 noti
1590 266 1631 296 et
1661 258 1788 297 fami-

161 331 316 376 liares,
348 330 391 369 id
418 341 561 369 vnum
589 330 796 378 student,
829 341 885 369 ne
920 340 1126 380 vnquam
1158 328 1515 368 intermissionis
1544 329 1601 367 ab
1639 328 1788 368 officio

162 401 486 440 sanctissimae
517 400 824 440 confessionis
852 406 1127 450 arguantur,
1157 399 1327 450 partim
1357 398 1507 438 denuo
1542 410 1788 438 accurren-

160 471 290 521 tium,
315 472 391 522 qui
409 472 560 511 studio
580 471 960 522 flagrantissimo,
981 482 1035 509 ac
1054 469 1278 520 peculiari
1296 468 1498 520 quodam
1517 469 1660 509 animi
1680 468 1786 509 affe-

162 549 254 593 ctu,
279 555 336 582 ne
358 543 512 582 dicam
532 543 695 592 nimio,
718 542 792 581 hic
813 548 857 581 et
878 553 974 581 non
999 541 1107 580 alibi
1135 547 1413 591 accepturos
1441 552 1490 579 se
1511 540 1787 580 beneficium

158 613 281 653 istud
312 614 589 663 inclamant;
626 613 984 653 interminantur
1017 623 1366 662 nonnunquam,
1398 611 1486 650 nisi
1514 611 1635 650 votis
1665 611 1784 661 ipso-

159 695 260 723 rum
284 695 561 733 annuamUS,
591 684 798 724 futurum
824 689 874 723 vt
901 682 1062 722 nullibi
1090 683 1182 722 sint
1210 682 1396 730 fassuri‚
1422 682 1511 721 nisi
1540 682 1786 721 admittan-

156 762 246 794 tur.
280 754 413 805 Quod
445 754 502 794 ad
538 755 621 794 hos
653 755 816 794 attinet
839 753 962 804 (nam
986 753 1166 804 reliqui,
1191 764 1387 804 quorum
1417 753 1539 791 bona
1560 764 1671 803 pars
1699 758 1784 801 est,

158 832 382 876 quantum
412 826 618 876 quotidie
645 830 966 877 promoueant‚
999 824 1168 864 mirum
1196 831 1264 863 est
1293 823 1449 872 dictu),
1483 824 1614 862 multi
1635 823 1785 862 crimi-

155 908 265 936 num
289 896 583 936 deformitate
606 896 830 946 deterriti,
856 907 911 935 ac
932 895 1091 935 nescio
1113 907 1202 945 quo
1234 895 1422 934 sinistro
1455 894 1632 945 pudore
1655 906 1786 945 prae-

154 967 311 1018 pediti,
337 968 506 1007 multos
527 968 620 1007 iam
643 979 791 1007 annos
814 967 1160 1014 obmutuerant,
1187 966 1471 1005 arbitrantes
1501 966 1565 1005 ita
1587 965 1786 1015 fregisse

153 1038 326 1088 nauim,
350 1044 400 1078 vt
423 1038 482 1078 ad
512 1046 697 1089 portum
729 1037 961 1089 appellere
988 1037 1260 1088 neutiquam
1289 1044 1410 1076 esset
1432 1037 1682 1086 integrum.
1706 1036 1783 1087 Hi,

152 1111 295 1149 semel
314 1110 517 1160 ingressi
539 1110 627 1149 hoc
646 1116 857 1149 nostrum
879 1109 1142 1159 collegium,
1166 1109 1252 1148 sibi
1270 1107 1615 1159 quodammodo
1633 1108 1782 1148 reddi-

153 1180 203 1229 ti,
227 1180 415 1220 omnino
438 1180 650 1220 sedatam
671 1186 997 1232 tempestatem
1017 1179 1192 1238 vident,
1219 1192 1274 1219 ac
1297 1192 1345 1219 se
1367 1187 1551 1227 portum
1569 1179 1781 1230 placidis-

153 1251 322 1292 simum
343 1257 501 1291 tenere
522 1252 743 1302 gaudent,
768 1263 823 1291 ac
846 1251 967 1292 serio
989 1251 1044 1291 de
1073 1251 1214 1301 vitiis,
1245 1250 1431 1290 Christo
1460 1251 1592 1300 duce,
1624 1251 1782 1290 trium-

150 1322 309 1375 phant.
335 1322 522 1363 Accidit
543 1322 666 1362 enim
686 1329 736 1362 vt
757 1328 887 1363 tanto
908 1322 1075 1362 maiori
1097 1328 1270 1362 conatu
1298 1322 1386 1361 iter
1406 1321 1595 1361 Domini
1623 1333 1782 1373 capes-

150 1400 276 1443 sant,
319 1399 494 1445 quanto
534 1394 859 1434 vehementius
898 1405 952 1433 eo
991 1404 1040 1433 se
1079 1404 1318 1444 nunquam
1352 1399 1663 1444 perventuros
1701 1404 1780 1444 pu-

151 1466 329 1505 tabant.

228 1537 334 1589 Jam
354 1536 466 1576 illud
488 1542 556 1576 est
573 1542 765 1587 propter
781 1535 906 1587 quod
923 1536 1211 1576 immortales
1228 1535 1329 1575 Deo
1346 1535 1527 1586 gratias
1545 1547 1687 1586 agere
1705 1535 1779 1575 de-

147 1607 523 1658 beamus,‘vulg0
546 1607 668 1647 enim
689 1606 1016 1647 circumfertur
1037 1607 1271 1647 neminem
1292 1607 1380 1646 huc
1403 1606 1462 1645 ad
1490 1618 1576 1646 nos
1606 1606 1778 1646 aduen-

146 1684 263 1727 tare,
287 1679 450 1718 saltem
474 1684 524 1718 vt
545 1679 694 1718 sacris
719 1678 950 1718 faciundis
973 1678 1169 1728 intersit,
1193 1678 1270 1728 qui
1291 1689 1383 1717 non
1404 1678 1563 1718 statim
1586 1678 1660 1718 vel
1681 1679 1774 1718 lon-

146 1759 205 1798 ge
227 1749 365 1789 aliam
387 1750 535 1790 Vitam
556 1750 769 1798 destinet,
793 1751 868 1789 vel
889 1749 1226 1801 aliquantulum
1253 1749 1526 1789 immutatus
1549 1749 1774 1789 discedat.

146 1820 360 1870 Demum,
375 1820 466 1861 huc
479 1821 740 1871 redeunteS,
756 1821 930 1872 praeda
943 1820 1055 1861 fiunt
1073 1821 1257 1861 Christo
1273 1820 1400 1873 Jesu.
1414 1820 1481 1860 Ita
1500 1832 1592 1860 non
1608 1832 1777 1871 parum

145 1897 252 1932 sunt
272 1892 416 1942 multi,
448 1892 612 1943 quibus
633 1892 816 1932 difficile
841 1893 1127 1943 persuadeas
1156 1899 1207 1932 Vt
1237 1893 1310 1932 Vel
1330 1892 1397 1932 rei
1425 1891 1684 1932 audiendae
1703 1902 1774 1931 sa-

143 1974 253 2002 crae
274 1964 348 2002 vel
370 1963 608 2003 concionis
629 1964 782 2014 gratia
805 1963 895 2003 huc
917 1963 1124 2014 veniant;
1148 1963 1311 2004 timent
1332 1963 1453 2003 enim
1470 1974 1564 2003 non
1585 1962 1775 2014 parcius

145 2034 302 2074 statim
323 2034 382 2074 ad
403 2034 747 2075 confessionem
768 2035 1041 2085 monendos,
1067 2046 1205 2086 quam
1233 2041 1343 2075 tunc
1372 2033 1681 2074 reformidare
1708 2034 1773 2073 vi-

143 2105 323 2145 dentur.
349 2105 525 2156 Quibus
547 2105 688 2145 etiam
708 2117 804 2145 vox
825 2106 902 2145 illa
924 2106 1092 2146 terrori
1114 2113 1183 2146 est
1205 2106 1425 2156 maximo,
1451 2117 1541 2157 qua
1562 2106 1639 2145 vel
1659 2104 1772 2145 San-

143 2176 221 2226 cti,
240 2177 316 2216 Vel
336 2176 513 2227 Patres,
537 2177 613 2216 vel
633 2176 852 2216 Theatini
869 2183 1213 2229 nuncupantur.
1238 2177 1356 2217 Tam
1372 2188 1483 2217 suas
1499 2177 1628 2227 leges
1644 2187 1772 2216 mun-

142 2247 228 2286 dus
248 2246 323 2287 hic
345 2247 697 2298 praestigiator,
723 2254 773 2287 vt
791 2248 1119 2297 obseruentur,
1144 2248 1305 2288 sedulo
1335 2254 1483 2288 curat.
1514 2247 1605 2288 Sed
1625 2247 1773 2287 vincit

142 2317 252 2370 Jesu
272 2319 347 2358 lex
369 2324 531 2358 sancta
555 2325 599 2358 et
619 2319 935 2369 immaculata,
961 2331 1016 2359 ac
1036 2319 1167 2359 breui
1184 2319 1233 2359 fit
1253 2325 1304 2359 vt
1325 2319 1411 2359 has
1432 2319 1672 2359 hominum
1692 2331 1769 2359 vo-

143 2400 236 2434 ceS,
268 2400 385 2440 quos
410 2389 497 2428 sibi
524 2388 725 2429 daemon
755 2390 951 2430 assumit
982 2390 1139 2431 socios
1175 2391 1233 2430 ad
1264 2390 1542 2430 euertendas
1572 2398 1769 2440 mentes,

143 2466 458 2509 contemnant,
482 2467 526 2499 et
548 2460 637 2500 huc
659 2461 916 2510 venientes,
940 2462 1179 2512 gaudeant
1204 2462 1299 2502 iam
1321 2461 1469 2512 digito
1496 2462 1767 2513 monstrari,

141 2530 268 2580 quod
289 2538 427 2570 antea
450 2542 748 2582 summopere
769 2532 1070 2572 verebantur.

221 2600 317 2640 Nec
339 2602 386 2641 id
407 2608 475 2641 est
496 2602 678 2642 silentio
706 2604 1099 2653 praetereundum
1128 2604 1184 2644 de
1211 2603 1348 2643 huius
1369 2604 1498 2643 vrbis
1524 2604 1771 2644 mulierum

129 2666 228 2722 'piis
263 2672 579 2723 querimoniis,
611 2673 732 2724 quod
766 2685 859 2714 non
881 2674 1187 2714 admittantur
1215 2674 1273 2714 ad
1296 2674 1659 2715 confessionem:
1682 2681 1770 2715 est-

142 2754 230 2793 que
252 2743 370 2783 inter
400 2743 527 2794 ipsas
547 2755 643 2784 vox
663 2745 780 2785 haec
807 2756 1033 2796 perquam
1053 2745 1314 2785 familiaris:
1337 2757 1363 2785 o
1394 2746 1574 2786 vtinam
1595 2757 1683 2786 nos
1703 2746 1771 2785 vi-

137 2824 216 2853 ros
244 2814 482 2864 genuisset
504 2821 688 2856 natura.
719 2814 1037 2856 Confessionis
1057 2816 1329 2857 beneficium
1354 2822 1617 2868 agnoscunt
1637 2817 1769 2857 multi

136 2884 227 2924 viri
244 2885 436 2934 nobiles,
456 2886 537 2925 sed
554 2886 801 2937 praecipue
820 2887 892 2926 vir
909 2887 1112 2938 quidam,
1136 2888 1213 2939 qui
1230 2888 1350 2927 inter
1368 2888 1504 2928 huius
1521 2887 1651 2928 vrbis
1668 2899 1768 2928 ma-

137 2955 364 3005 gistratus
380 2968 473 2996 non
493 2963 781 3008 postremum
800 2957 953 2998 locum
971 2965 1112 3009 tenet,
1133 2959 1332 3010 quicum
1351 2965 1395 2999 et
1416 2959 1651 3009 agitandis
1668 2965 1768 2999 tau-
