2047 3179
851 135 885 172 A
896 146 934 172 N.
970 135 1062 172 1553
1706 135 1776 172 729

141 241 269 274 certe
291 235 508 286 quinque;
534 233 683 273 reddit
705 238 860 272 autem
881 243 1160 283 vnoquoque¹
1182 243 1303 270 anno
1326 242 1467 282 supra
1497 238 1772 282 quatercen-

143 312 213 345 tos
234 316 404 345 aureos
425 305 629 345 ducales.
649 304 763 344 Eius
779 303 990 355 petitioni
1005 302 1119 342 nihil
1137 302 1252 342 certi
1270 301 1599 353 respondimus
1616 302 1771 341 hacte-

145 387 252 427 nus;
293 375 375 416 sed
404 376 545 415 instat
580 382 718 426 atque
752 374 975 425 efflagitat
1011 373 1127 413 adeo
1163 379 1236 422 vt,
1276 372 1382 412 licet
1416 372 1773 412 constitutiones

143 446 362 486 reluctari
384 445 646 495 videantur,
670 445 967 485 nihilominus
989 450 1144 484 tamen
1165 443 1255 483 hoc
1277 443 1336 482 ad
1352 442 1402 483 P.
1425 442 1732 482 Franciscum
1762 442 1771 460 ¹

141 517 323 557 deferre
345 524 558 568 putamus
582 525 632 557 vt
654 517 751 556 eius
779 523 1021 556 teneamus
1055 515 1360 564 voluntatem,
1391 520 1435 553 et
1455 512 1687 564 quidquid
1715 524 1773 552 ex

143 588 422 638 paternitate
444 594 523 628 tua
546 599 659 639 erga
678 588 766 627 hoc
784 587 1031 638 acceperit.
1057 585 1270 637 Apparet
1292 596 1492 636 namque
1513 584 1631 624 citra
1651 595 1773 623 com-

143 657 347 706 modum,
372 659 495 710 quod
530 659 618 699 hoc
656 659 901 709 collegium
937 662 1317 708 consequeretur,
1355 667 1519 695 ansam
1553 666 1639 694 nos
1661 666 1772 694 nan-

141 729 256 769 cisci
275 740 415 779 posse
438 736 488 769 vt
509 729 728 769 donantis
756 729 962 769 animum
989 728 1050 768 ad
1083 739 1168 767 nos
1203 727 1506 778 appellamus.
1532 725 1615 765 Est
1651 725 1772 764 enim

142 799 215 839 vir
237 800 426 850 ingenio
455 806 499 840 et
533 801 738 840 moribus
774 800 1031 851 praeditus,
1069 799 1239 850 quique
1272 803 1422 838 toturn
1458 797 1551 836 iam
1586 807 1774 836 cursum

145 870 414 921 theologiae
437 872 733 911 transcurrit.

224 940 531 982 Morientibus
553 942 792 993 suppetias
822 943 1042 991 feramus,
1079 951 1304 992 persaepe
1339 939 1641 987 accersimur3
1680 938 1774 989 qui-

141 1013 228 1052 bus
249 1012 538 1063 satisfacere,
560 1014 715 1064 quoad
738 1013 837 1053 fieri
867 1018 1034 1064 potest,
1059 1023 1301 1052 conamur.
1324 1010 1382 1050 Et
1402 1010 1560 1062 populi
1581 1016 1625 1049 et
1652 1008 1772 1049 Aca-

144 1082 326 1123 demiae
348 1083 542 1123 affectus
564 1095 619 1124 ac
647 1085 850 1124 studium
877 1094 989 1134 erga
1017 1094 1118 1133 nOS‚
1155 1082 1433 1133 praesertim
1469 1081 1770 1131 collegarum,

142 1154 295 1205 magis
316 1155 561 1206 magisque
584 1155 809 1206 augescit.

220 1224 354 1276 Quod
375 1226 434 1265 ad
451 1226 525 1265 hic
547 1231 789 1266 manentes
806 1232 999 1277 spectet,
1019 1225 1131 1265 illud
1148 1225 1261 1265 mihi
1278 1224 1524 1264 dicendum
1542 1228 1770 1274 superest;

139 1296 286 1336 hocce
302 1297 479 1347 pascha
495 1304 606 1336 vota
628 1299 825 1348 repetita
845 1297 988 1337 fuisse
1006 1307 1177 1347 magna
1198 1308 1303 1336 cum
1321 1295 1463 1335 animi
1478 1294 1672 1335 laetitia:
1691 1294 1773 1334 sed

141 1374 467 1418 praecesserat
504 1368 734 1419 quaedam
770 1367 818 1408 P.
856 1367 1070 1408 Rectoris
1106 1367 1439 1417 conciuncula,
1481 1366 1559 1417 qui
1601 1365 1660 1405 ad
1695 1366 1772 1404 illa

144 1439 426 1489 praestanda
472 1439 794 1490 explendaque
829 1438 1079 1479 admodum
1121 1438 1371 1478 excitabat.
1417 1436 1546 1488 Quae
1588 1443 1639 1476 vt
1668 1447 1771 1475 exe-

138 1520 340 1559 quamur
374 1510 674 1561 diuinamque
704 1510 750 1549 in
782 1510 962 1550 cunctis
984 1511 1289 1560 voluntatem,
1324 1507 1626 1548 Paternitatis
1664 1514 1772 1547 tuae

146 1581 448 1631 imploramus
470 1580 709 1631 auxilium,
730 1582 777 1620 in
794 1581 1036 1621 sacrificiis
1054 1580 1436 1631 orationibusque
1454 1578 1772 1619 commendari

138 1651 395 1703 cupientes,
414 1663 597 1692 necnon
615 1658 659 1692 et
677 1652 1063 1692 charissimorum
1075 1657 1263 1703 patrum
1279 1663 1334 1691 ac
1346 1651 1559 1700 fratrum,
1576 1650 1654 1701 qui
1666 1649 1770 1689 istic

139 1728 302 1773 agunt;
317 1734 513 1774 quorum
525 1723 715 1772 nuntiis,
737 1724 846 1764 dum
863 1723 922 1763 ad
939 1730 1126 1764 nostras
1142 1723 1420 1774 perueniunt
1441 1733 1594 1771 aures,
1614 1720 1769 1761 admo-

138 1793 250 1833 dum
273 1793 451 1833 laetitia
472 1794 810 1845 perfundimur.

218 1863 551 1915 Salmanticae‚
575 1872 743 1916 quarto
774 1865 878 1905 Kal.
908 1865 1133 1918 Januarii,
1166 1876 1288 1904 anno
1313 1877 1337 1903 a
1362 1864 1608 1904 natiuitate
1629 1862 1771 1903 dorni-

138 1934 245 1975 nica
267 1935 511 1975 millesimo
533 1936 906 1987 quingentesimo
929 1931 1315 1987 quinquagesimo
1335 1941 1483 1975 sexto.

215 2005 439 2056 Indignus
460 2006 580 2046 filius
603 2018 658 2047 ac
679 2019 844 2046 seruus
866 2006 1168 2046 Paternitatis
1191 2006 1318 2046 Tuae
1340 2006 1387 2046 in
1408 2006 1612 2055 Christo,

936 2149 1181 2201 †JAcosscs
1217 2161 1276 2188 DE
1308 2148 1512 2188 Acosm.
1532 2150 1559 2195 †

219 2362 573 2413 Superscm‘ptio
594 2363 643 2401 z'n
665 2365 840 2412 quarta
856 2360 1060 2411 pagina:
1085 2360 1175 2400 lhs.
1195 2363 1223 2406 †
1244 2360 1511 2400 Admodum
1539 2360 1773 2400 Reueren-

135 2433 195 2473 do
211 2433 255 2472 in
275 2433 459 2473 Christo
479 2432 606 2472 Patri
624 2433 744 2484 patri
762 2432 958 2482 IgnatiO,
982 2431 1257 2482 Praeposito
1276 2430 1496 2471 Generali
1519 2430 1770 2472 Societatis

132 2503 260 2555 Jesu,
284 2504 476 2544 Romae.
501 2504 531 2554 †

214 2568 326 2608 Alia
348 2580 517 2608 malm:
542 2568 642 2608 1556
662 2568 786 2619 (sse).
811 2567 1143 2608 Salmanticae.
1165 2567 1541 2618 Quadrimestres
1563 2567 1588 2606 4
1604 2567 1769 2609 Kalen.

135 2638 286 2690 Janua
293 2639 365 2679 rii.

231 2709 495 2758 Vestigium
517 2721 649 2750 cerae
671 2710 840 2760 sigilli.

193 2867 203 2887 ¹
243 2866 279 2893 P.
295 2867 517 2897 Franciscum
533 2871 572 2897 de
590 2870 702 2904 Borja,
720 2870 1010 2898 Commissarium.
