2047 3179
240 162 313 200 512
764 162 991 199 LITTERAE
1010 171 1371 204 QUADRIMESTRES

911 612 1246 669 OGOXGVI

319 847 484 884 Paulus
505 845 738 883 d'Achillis

367 911 490 949 Patri
508 911 679 958 Ignatio
700 910 753 947 de
773 910 960 957 Loyola.

415 977 649 1019 Panormo,
668 977 691 1012 7
707 975 826 1022 Junii
847 975 940 1013 1555
956 975 982 1011 ¹.

1018 1166 1037 1212 J
1047 1130 1126 1203 hius

330 1332 474 1373 Molto
495 1330 598 1371 R.d0
624 1331 671 1371 in
695 1330 882 1371 Christo
899 1329 1064 1369 Padre.

334 1403 434 1444 Pax
456 1402 647 1453 Christi,
672 1408 760 1442 etc.

326 1474 370 1516 A
391 1474 543 1526 gloria
567 1474 639 1514 del
656 1472 872 1524 signore,
897 1478 942 1512 et
961 1483 1045 1523 per
1073 1470 1386 1522 compimento
1418 1469 1522 1509 dell’
1560 1467 1824 1509 obedientia
1847 1473 1893 1508 et

247 1546 571 1588 consolatione
593 1545 649 1585 de
672 1544 729 1585 V.
754 1543 802 1584 P.
827 1549 873 1584 et
895 1542 1003 1583 delli
1024 1542 1132 1583 altri
1164 1541 1306 1582 Padri
1327 1547 1372 1581 et
1406 1539 1578 1580 fratelli
1609 1539 1730 1580 della
1759 1539 1890 1579 Com-

247 1619 440 1671 pagnia,
467 1629 555 1658 con
577 1622 697 1657 tutta
725 1616 878 1667 quella
913 1614 1097 1655 breuita
1131 1613 1366 1665 possibile,
1399 1612 1438 1652 si
1476 1610 1594 1652 dara
1627 1611 1826 1662 ragione
1847 1610 1893 1650 di

247 1690 401 1743 questi
416 1690 441 1729 4
457 1689 598 1730 messi
615 1687 793 1740 passati
815 1687 860 1727 di
878 1687 1031 1738 quello
1049 1685 1134 1726 che
1151 1685 1182 1725 il
1199 1683 1400 1736 Signore
1418 1683 1548 1724 Iddio
1566 1684 1601 1723 s’
1622 1682 1681 1722 ha
1699 1682 1892 1733 dignato

248 1762 480 1814 adoperar
501 1772 583 1812 per
606 1759 757 1811 questi
778 1759 882 1799 suoi
902 1758 985 1798 vili
1007 1756 1321 1798 instrumenti.

327 1833 385 1873 Et
405 1832 571 1884 prima,
598 1828 972 1871 comminciando
995 1841 1022 1868 a
1050 1828 1135 1869 dar
1167 1828 1364 1879 ragione
1399 1827 1445 1867 di
1472 1827 1565 1877 noi,
1602 1826 1751 1867 siamo
1783 1824 1893 1865 stati

248 1905 311 1945 fin
333 1916 359 1944 a
380 1903 433 1944 40
453 1904 499 1944 in
521 1915 648 1953 casa,
672 1903 743 1942 fra
768 1901 793 1941 S
814 1900 1050 1941 sacerdoti
1071 1906 1115 1940 et
1132 1900 1164 1940 li
1189 1899 1298 1940 altri
1326 1898 1535 1939 scholari
1565 1904 1609 1938 et
1636 1897 1757 1947 laici,
1787 1896 1894 1936 tutti

248 1988 332 2028 per
358 1975 514 2027 gratia
548 1975 622 2015 del
651 1973 851 2025 Signore
884 1972 1014 2013 Iddio
1050 1971 1268 2023 occupati
1303 1970 1413 2010 nelli
1443 1970 1566 2010 soliti
1595 1968 1839 2009 essercitii:
1863 1968 1896 2007 li

248 2047 414 2088 mastri
449 2044 766 2087 continuando
806 2045 846 2084 le
885 2044 1046 2084 schole
1085 2054 1166 2082 sue
1203 2048 1248 2082 et
1290 2041 1554 2092 essercitio,
1596 2039 1895 2092 procurando

247 2119 290 2160 d’
316 2119 503 2170 agintar
524 2118 554 2157 li
575 2117 780 2157 scholari
801 2116 921 2156 nelle
942 2116 1085 2155 letere
1107 2120 1151 2154 et
1172 2113 1386 2164 costumi3
1412 2113 1443 2153 li
1474 2111 1700 2163 scholari,
1732 2110 1893 2151 massi-

247 2202 322 2231 me
349 2190 380 2230 li
415 2189 579 2239 nostri,
617 2186 1003 2235 essercitandosi,
1036 2186 1382 2237 priuatamente
1407 2184 1454 2224 in
1491 2182 1820 2234 compositioni
1847 2181 1894 2221 di

250 2273 393 2313 prosa
416 2267 460 2301 et
477 2271 630 2310 uerso,
655 2266 699 2299 et
720 2260 884 2310 legger
911 2259 1077 2298 alcune
1098 2256 1278 2297 lettioni
1308 2255 1507 2308 priuate‚
1533 2260 1577 2295 et
1599 2253 1796 2295 essendo
1817 2252 1893 2292 ad-

251 2332 416 2373 moniti
437 2338 482 2372 et
509 2331 728 2372 sindicati
750 2330 857 2370 delli
874 2328 1051 2370 deffetti
1068 2328 1156 2368 che
1177 2327 1339 2368 fanno.

329 2403 395 2444 Le
417 2403 657 2456 prediche,
693 2408 825 2442 tanto
846 2402 888 2441 le
923 2399 1200 2441 domeniche
1232 2410 1364 2439 come
1389 2398 1431 2438 le
1467 2397 1599 2447 feste,
1625 2407 1757 2437 come
1779 2395 1825 2435 in
1850 2395 1896 2434 la

251 2475 459 2517 dottrina
481 2474 739 2517 christiana
759 2474 790 2513 il
812 2471 1018 2522 venerdi‚
1043 2473 1079 2512 s'
1104 2471 1166 2511 ha
1193 2469 1466 2510 continuato
1495 2467 1702 2509 secondo
1724 2468 1769 2507 la
1790 2477 1895 2517 gra·

252 2548 317 2588 tia
339 2547 425 2588 che
446 2547 477 2586 il
498 2545 698 2597 Signore
720 2544 850 2585 Iddio
872 2544 916 2584 ci
937 2544 997 2583 ha
1015 2542 1139 2583 dato.

333 2617 383 2659 C’
409 2622 433 2659 e
451 2624 573 2658 stato
595 2629 658 2657 un
675 2615 847 2668 jubileo
869 2615 916 2655 in
936 2614 1338 2666 ringraciamento
1359 2612 1479 2653 della
1498 2610 1761 2651 1·eduttione
1788 2608 1892 2649 dell'

253 2690 530 2741 Inglaterra,
568 2689 643 2728 nel
683 2687 819 2744 quale
854 2698 903 2727 se
937 2687 998 2726 ha
1026 2684 1293 2725 confessato
1331 2688 1375 2724 et
1409 2681 1756 2722 communicato
1777 2689 1897 2731 gran

254 2760 550 2800 multitudine
572 2759 617 2799 di
637 2758 811 2810 giente,
834 2763 878 2798 et
899 2762 1065 2809 questa
1081 2755 1259 2808 pascha
1281 2759 1474 2806 passata
1502 2753 1533 2793 il
1550 2752 1716 2801 simile,
1744 2761 1897 2791 essen-

312 2944 319 2963 ¹
361 2944 623 2978 Autographae‚
640 2943 672 2970 in
695 2943 775 2969 solio
792 2941 928 2976 duplici,
945 2948 1000 2967 nn.
1017 2940 1070 2967 238
1091 2942 1123 2966 et
1150 2938 1212 2972 239,
1242 2938 1274 2966 in
1296 2938 1417 2973 quibus
1440 2941 1556 2964 tamen
1580 2936 1653 2964 sola
1675 2932 1895 2966 subscriptiO,

256 2999 275 3018 a
291 2992 408 3018 verbis
427 2991 465 3018 D.
487 2991 520 3017 Γ.
539 2991 578 3018 R.
598 2991 648 3020 P..
662 2995 713 3017 est
730 2998 831 3017 manu
847 2990 952 3023 ipsius
969 2988 1083 3015 Patris
1099 2987 1128 3014 d'
1145 2987 1308 3015 Achillis.
