2047 3179
174 91 221 128 62
694 95 922 134 LITTERAE
941 108 1300 141 QUADRIMESTRES

174 189 365 241 indicat,
385 191 464 243 qui
484 191 611 233 illam
628 193 688 233 ad
705 193 1048 234 confessionem
1066 195 1343 236 adhortatus
1360 201 1430 236 est
1446 201 1491 236 et
1508 196 1817 238 mutationem>

170 262 370 302 consilii:
393 262 471 303 illa
493 274 608 304 vero
631 264 848 305 confessa
868 271 952 316 est,
977 272 1021 305 et
1038 266 1131 307 iam
1152 267 1384 307 maximas
1403 266 1585 318 gratias
1606 267 1704 319 agit
1726 279 1821 320 pro.

171 333 396 374 beneficio
419 341 613 386 accepto
641 347 667 375 a
689 335 790 377 Deo
811 342 855 377 et
877 337 975 377 eius
997 337 1227 377 ministro.
1252 338 1386 378 Alius
1407 337 1454 377 19
1476 349 1626 378 annos
1646 350 1812 390 apane

171 405 297 445 vitae
320 405 624 455 abstinuerat3
651 407 748 456 sed,
772 414 1023 460 postquam
1044 409 1172 449 venit
1200 409 1259 449 ad
1287 421 1387 459 nos,
1418 408 1662 450 confessus
1684 416 1729 451 et
1750 411 1816 453 ad‘

171 483 521 517 sacramentum
548 477 874 519 Eucharistiae
906 479 1138 520 admissus
1165 487 1250 520 est.
1280 479 1415 520 Alius
1442 479 1561 520 adeo
1589 487 1690 521 erat
1711 493 1808 522 cor-

171 547 298 600 poris
332 548 403 588 sui
439 548 760 600 voluptatibus
792 550 989 601 deditus,
1026 559 1076 591 vt
1111 562 1305 603 prorsus
1343 550 1604 602 negligeret
1638 563 1819 604 corpus

171 617 374 660 Domini.
399 619 541 671 quue
564 631 671 661 cum
692 632 774 672 per
795 633 982 662 omnem
999 628 1200 663 aetatem
1216 622 1418 673 fecisset,
1437 622 1628 664 tandem
1645 623 1704 664 ad
1720 636 1812 664 nos

172 690 363 731 veniens
385 691 630 732 confessus
652 698 736 742 est,
761 699 806 733 et
827 700 1042 734 sanctam
1058 693 1406 734 Eucharistiam
1428 695 1647 746 suscepit.
1671 695 1808 736 Alius

165 760 219 801 30
253 773 402 803 annos
435 774 541 802 cum
570 763 833 803 concubina
864 764 1066 815 vixerat,
1100 776 1270 805 verens
1302 776 1374 814 ne,
1412 765 1451 804 si
1486 765 1807 817 confiteretur,

167 833 242 873 illa
254 833 562 885 relinquenda
577 841 715 883 esset3
731 834 812 875 sed
830 834 1090 887 confessus,
1106 836 1233 876 illam
1251 847 1447 876 uxorem
1464 835 1609 877 duxit.
1629 837 1809 878 Eodem

165 905 211 944 in
232 910 358 946 statu
381 905 500 945 alius
525 904 572 945 14
599 905 736 946 annis
762 906 964 957 vixerat,
994 908 1074 959 qui
1100 907 1222 948 idern
1252 907 1362 947 fecit
1389 918 1496 947 cum
1526 908 1804 949 concubina.

165 974 394 1028 Denique,
430 982 617 1028 praeter
650 977 814 1018 solitas
843 978 890 1018 in
924 979 1097 1030 templo
1132 985 1293 1019 nostro
1325 978 1589 1030 conciones,
1631 980 1806 1021 multae

164 1053 412 1099 praeterea
445 1048 632 1089 habitae
668 1055 776 1089 sunt
807 1061 833 1089 a
856 1049 1045 1099 nostris,
1080 1056 1178 1090 tum
1205 1049 1251 1090 in
1281 1049 1518 1090 coenobiis
1539 1051 1804 1102 mulierum,

165 1125 263 1159 tum
284 1118 331 1158 in
358 1130 564 1170 carcere,
602 1125 701 1160 tum
729 1120 775 1160 in
803 1120 1072 1161 triremibus
1102 1121 1298 1172 aliisque
1328 1120 1459 1172 lociS‚
1491 1133 1597 1162 cum
1627 1133 1810 1174 magno-

165 1189 321 1230 fructu
343 1190 584 1231 hominum
605 1203 660 1231 ac
680 1191 833 1242 gloria
854 1190 957 1232 Dei.

243 1260 463 1301 Panormi
485 1273 608 1302 anno
633 1261 748 1313 1554,
772 1262 797 1302 9
818 1261 1009 1303 Calend.
1033 1262 1251 1314 Augusti.

421 1404 682 1446 GERARDUS
712 1405 949 1456 LAPIDIUS‚
984 1417 1168 1457 semper
1185 1413 1290 1446 tuus
1312 1406 1596 1448 humillimus
1617 1418 1806 1449 seruu&
