2047 3179
899 155 981 192 AN.
1014 156 1104 191 1555
1746 157 1811 194 591

182 252 333 302 coepit
360 253 596 303 paululum
627 252 767 303 loqui,
792 257 833 291 et
866 252 1008 290 multa
1030 251 1165 302 signa
1188 252 1300 291 darc
1332 253 1642 301 contritionis,
1676 265 1815 305 quem

181 321 320 362 Pater
341 322 540 362 absoluit
561 322 606 362 in
629 322 844 372 Domino,
868 329 913 361 et
933 334 1026 361 non
1059 323 1201 361 multo
1232 329 1336 373 post
1365 323 1612 373 expirauit,
1639 324 1813 375 alioqui

183 393 334 444 capite
356 394 642 444 plectendus,
667 393 704 432 si
727 392 1059 433 conualuisset.
1091 392 1376 444 Requiescat
1401 393 1445 432 in
1469 405 1600 444 pace.

261 462 336 503 Ad
358 464 658 504 concordiam
679 465 925 503 nonnullos
947 463 1143 513 induxit,
1169 463 1288 503 inter
1311 474 1428 514 quos
1450 463 1536 504 fuit
1557 465 1712 504 scriba
1734 466 1813 505 hu-

180 533 253 573 ius
270 534 440 585 oppidi,
465 535 543 586 qui
564 547 647 586 per
668 546 752 575 sex
773 536 847 574 vel
868 540 973 574 octo
997 546 1145 574 annos
1168 534 1458 574 abstinuerat
1481 547 1507 574 a
1529 536 1814 575 salutatione

180 605 399 656 propriae
421 606 598 645 sororis
620 613 663 646 et
686 606 785 645 eius
806 605 984 645 mariti.

261 674 503 715 Postremo
531 677 731 716 accessit
762 677 859 728 ipse
888 676 950 716 2.0
984 676 1250 716 vsurarium
1280 676 1418 715 huius
1447 676 1654 716 ciuitatis
1686 676 1810 726 (nam

186 746 245 785 l.0
267 758 371 786 cum
396 746 442 786 P.
467 747 707 787 Bernardo
729 748 857 787 illum
879 747 1059 787 adierat
1082 752 1346 786 tentaturus
1374 746 1503 786 illum
1530 746 1588 786 ad
1613 754 1814 787 mentem

180 817 419 867 reuocare)
456 829 589 869 quem
622 818 795 869 reperit
825 818 1116 858 laborantem
1151 824 1298 868 peste,
1323 824 1367 857 et
1395 823 1596 857 stantem
1618 818 1664 857 in
1693 819 1813 858 ostio

178 887 342 927 domus
364 899 476 928 suae
498 888 909 928 circumstantibus
926 888 1082 928 multis
1099 900 1123 927 e
1146 887 1299 928 medio
1322 888 1520 939 plateae,
1542 891 1814 929 consolatus

178 965 247 998 est
268 970 373 998 eum
388 958 652 1011 bonumque
674 960 795 999 illius
818 959 1108 1011 propositum
1130 966 1175 999 et
1198 966 1360 998 votum
1383 959 1438 999 de
1460 971 1701 1011 nunquam
1719 972 1813 1000 am-

176 1029 298 1080 plius
332 1030 597 1069 exercenda
632 1042 775 1070 vsura
802 1030 971 1081 illaque
998 1029 1285 1070 restituenda
1318 1030 1530 1070 laudavit
1560 1031 1814 1081 plurimum

178 1100 562 1152 confirmauitque
584 1102 630 1140 in
658 1101 875 1152 Domino;
906 1101 984 1153 qui
1010 1101 1150 1141 biduo
1180 1109 1259 1141 aut
1291 1101 1445 1141 triduo
1477 1108 1580 1152 post
1611 1101 1813 1142 reddidit

178 1171 392 1222 spiritum
415 1183 518 1211 cum
541 1172 697 1211 multis
719 1172 822 1212 aliis
843 1184 901 1211 ex
923 1183 1007 1212 sua
1038 1172 1228 1212 familia.
1262 1171 1578 1223 Requiescant
1601 1173 1648 1212 in
1675 1184 1810 1224 pace.

257 1241 375 1282 Sunt
395 1248 439 1282 et
461 1243 553 1282 alia
576 1243 710 1294 (quae
733 1243 894 1283 omitto
917 1255 974 1283 ne
997 1243 1049 1283 R.
1074 1242 1126 1283 T.
1156 1242 1205 1282 P.
1237 1254 1445 1283 remorer
1468 1244 1640 1284 diutius
1671 1255 1813 1295 quam

178 1326 263 1365 par
284 1314 368 1364 est)
391 1314 437 1354 in
455 1315 622 1365 quibus
646 1315 855 1354 exercuit
872 1327 958 1354 nos
976 1314 1224 1354 Dominus.

257 1385 321 1425 Vt
343 1391 499 1425 autem
523 1386 721 1436 amplius
743 1385 1041 1436 proficiamus
1073 1393 1117 1425 et
1139 1397 1476 1436 praeparemus
1508 1398 1593 1425 nos
1621 1387 1813 1437 diligen-

175 1456 265 1496 tius
286 1456 495 1507 collegiis
516 1457 750 1507 erigendis
773 1457 847 1496 hic
870 1458 945 1496 vel
966 1456 1090 1507 alibi,
1116 1456 1393 1496 commenda
1415 1457 1520 1506 (sic)
1543 1469 1628 1497 nos
1652 1470 1813 1498 omnes

174 1538 314 1578 quam
336 1527 589 1568 humillime
610 1528 825 1578 precibus
848 1534 892 1567 et
913 1527 1156 1567 sacrificiis
1175 1526 1229 1567 R.
1255 1527 1313 1567 V.
1334 1526 1401 1577 P„
1423 1539 1563 1579 quam
1580 1529 1713 1568 nobis
1732 1530 1812 1569 diu

174 1599 461 1649 multumque
493 1599 772 1638 incolumem
800 1605 954 1638 seruet
990 1598 1192 1649 optimus
1225 1598 1457 1638 Dominus
1488 1606 1647 1639 noster
1674 1600 1812 1653 Jesus

168 1669 405 1709 Christus.
428 1669 595 1710 Amen.
1209 1703 1214 1706 .

253 1740 471 1791 Tornaci‚
495 1740 643 1792 pridie
662 1741 894 1780 Calendas
915 1740 1215 1792 Septembris,
1241 1752 1365 1780 anno
1387 1740 1578 1781 Domini
1603 1741 1717 1781 1555.

711 1882 886 1923 Seruus
907 1883 954 1923 in
974 1882 1192 1932 Domino,

1136 2024 1390 2076 QUINTINUS
1421 2025 1699 2067 CHARLART.

252 2237 604 2289 Scherscm‘ptz'o
634 2249 682 2276 m
704 2242 877 2288 quarta
893 2238 1110 2289 pagina:
1131 2238 1234 2279 R.d0
1267 2239 1314 2279 in
1335 2239 1523 2280 Christo
1554 2240 1683 2281 Patri
1718 2241 1808 2282 Do-

170 2309 297 2348 mino
332 2308 513 2359 Ignatio
547 2308 604 2348 de
644 2308 839 2360 Loyola‚
877 2309 1155 2361 Praeposito
1197 2310 1420 2351 Generali
1459 2312 1661 2352 Socie.tis
1699 2313 1811 2366 Jesu

172 2379 341 2430 digno,
364 2378 556 2420 Romae.

250 2449 362 2490 Alia
382 2462 544 2490 mann:
564 2451 772 2503 Tornay.
797 2451 946 2503 Quad.
972 2452 1128 2493 Pridie
1152 2452 1251 2493 Cal.
1277 2451 1431 2505 Septe.
1461 2454 1575 2494 1555.

251 2523 414 2562 diffamet
434 2523 696 2574 vestig-mm
717 2523 879 2574 sigilli
895 2527 938 2564 et
960 2535 1093 2564 cerae
1117 2525 1305 2564 rubrae.
