2047 3179
886 150 968 187 AN.
1001 151 1092 187 1555
1733 155 1800 192 511

248 243 526 285 Huiusmodi
548 246 704 296 plures
725 246 965 297 utriusque
983 257 1124 286 sexus
1141 258 1199 286 ex
1216 246 1417 287 diversis
1435 248 1802 302 inveteratisque

166 315 390 365 peccatis,
419 315 642 357 beneficio
670 317 997 367 confessionis,
1039 317 1098 357 ad
1133 317 1280 357 vitam
1315 319 1549 359 saniorem
1589 323 1800 362 revocati

167 391 289 432 sunt,
327 387 577 438 praecipue
605 388 694 428 hac
727 388 1110 440 quadragesima,
1149 399 1270 438 cum,
1306 388 1517 441 jubilaeo
1555 403 1579 430 a
1611 390 1800 433 Summo

169 454 395 496 Pontifice
430 469 671 510 concesso,
705 458 764 499 ad
794 459 920 498 vitae
954 459 1096 499 totius
1125 466 1307 500 reatum
1337 460 1639 511 aperiendum
1672 464 1803 503 multi

168 528 418 577 provocati
439 529 583 568 fuere.
608 529 737 580 Quae
766 528 775 548 ¹
798 529 983 581 quidem
1004 530 1275 581 singulatim
1298 532 1603 582 perscribere,
1628 540 1677 573 ut
1701 545 1800 584 pro-

166 598 311 638 lixum
333 599 486 649 nimis,
511 600 575 640 ita
596 612 682 641 nec
703 600 1023 641 necessarium
1043 601 1261 641 arbitrati
1282 613 1458 642 sumus.

245 668 330 709 His
352 676 550 721 quatuor
573 672 809 712 mensibus
831 671 1018 712 diuersa
1054 671 1337 723 incircuitu,
1385 674 1710 715 concionando
1746 687 1800 715 ac

168 741 471 791 consulendo,
502 742 606 782 loca
640 743 953 794 visitavimus,
993 743 1159 794 quibus
1181 742 1194 761 ‘²
1232 743 1347 784 odor
1370 744 1519 785 bonus
1551 744 1803 791 Societatis

166 810 304 861 longe
322 812 506 864 lateque
528 814 781 865 spargitur.
805 813 975 854 Literis
1010 814 1041 854 ii
1064 819 1108 853 et
1129 814 1322 854 nunciis
1359 827 1386 854 a
1422 816 1555 856 nobis
1589 816 1801 868 frequen-

165 881 258 921 tius
279 881 463 922 visitari
484 890 763 936 nostrasque
782 885 943 925 audire
965 885 1217 925 conciones
1238 887 1492 937 postulant.
1516 886 1680 928 Nullus
1702 889 1800 940 qui-

165 952 272 992 dem
288 952 424 994 huius
445 955 626 1005 patriae
647 956 777 996 locus
796 962 865 996 est
885 968 912 995 a
934 956 1068 996 nobis
1085 958 1411 1007 perlustratus,
1432 957 1510 997 ubi
1527 970 1621 998 non
1641 959 1802 1009 singu-

166 1023 327 1063 lariter
347 1024 570 1076 diligatur
590 1033 933 1078 veneretur-que
953 1026 1181 1067 Societas.
1203 1027 1586 1069 Contradictores
1603 1030 1799 1071 alicuius

166 1095 464 1135 authoritatis
486 1108 663 1147 paucos
684 1097 923 1147 habemus,
943 1097 1151 1138 fautores
1179 1098 1367 1150 quidem
1399 1100 1571 1150 plures,
1604 1101 1643 1141 si
1674 1101 1796 1152 prin-

168 1164 320 1216 cipum
340 1166 504 1207 favore
525 1167 600 1208 hic
628 1167 979 1220 promulgata⁵
1001 1176 1123 1209 esset
1145 1168 1371 1210 Societas.
1403 1169 1496 1210 Sub
1524 1171 1614 1211 hac
1642 1179 1798 1212 autem

168 1235 435 1276 infirmitate
481 1244 525 1277 et
571 1237 858 1280 dubitatione
898 1241 1149 1280 multorum
1194 1242 1492 1292 praeclarum
1536 1240 1550 1259 ‘²
1589 1243 1801 1283 uirorum

168 1307 365 1358 animus,
404 1308 611 1360 alioquin
644 1309 691 1349 in
732 1322 817 1350 nos
852 1322 1127 1362 propensus,
1171 1312 1433 1352 occultatus
1471 1319 1642 1364 manet,
1678 1315 1799 1354 sicut

166 1377 291 1418 haud
307 1390 414 1418 raro
432 1379 533 1431 ipso
550 1380 689 1432 facto,
709 1381 786 1421 ubi
803 1387 1116 1433 opportunum
1133 1389 1216 1433 est,
1239 1383 1568 1434 comperimus,
1590 1384 1699 1425 dum
1722 1397 1800 1437 pu—

165 1448 284 1488 blice
307 1449 513 1500 profiteri
534 1458 770 1501 verentur,
802 1452 1074 1503 ignorantes
1096 1453 1206 1504 quid
1240 1454 1430 1494 tandem
1459 1455 1609 1495 nostri
1637 1455 1693 1496 de
1715 1455 1796 1497 So-

166 1519 333 1559 cietate
361 1527 567 1561 statuent
587 1523 836 1574 principes.
860 1522 1044 1564 Interea
1065 1524 1112 1564 in
1138 1526 1287 1565 nostri
1323 1527 1529 1566 muneris
1555 1525 1795 1568 functione

165 1590 337 1639 omnia,
360 1603 478 1642 quae
499 1593 658 1644 libent,
681 1593 778 1634 fere
799 1594 998 1635 dixerim
1018 1601 1063 1634 et
1085 1595 1241 1646 licere;
1266 1595 1332 1635 sic
1355 1596 1478 1647 apud
1500 1597 1672 1648 probos
1692 1609 1797 1650 pas-

166 1661 254 1701 sim
287 1661 550 1713 laudantur,
583 1664 903 1715 approbantur
936 1671 981 1705 et
1015 1665 1192 1717 absque
1227 1666 1600 1708 contradictione
1634 1675 1796 1710 nostra

166 1732 486 1783 suscipiuntur
507 1745 664 1785 opera.

244 1802 476 1854 Dignetur
497 1804 726 1845 Dominus
754 1806 927 1846 nostris
948 1807 1194 1847 conatibus
1222 1807 1445 1848 adhibere
1473 1816 1796 1863 augmentum,

164 1884 248 1924 pro
269 1885 360 1926 quo
382 1874 439 1915 V.
465 1875 514 1915 Ρ.
539 1876 773 1928 totiusque
796 1875 1047 1918 Societatis
1069 1878 1295 1919 auxilium
1322 1890 1366 1918 et
1386 1891 1551 1930 preces
1577 1881 1795 1933 implora-

164 1955 281 1995 mus,
306 1946 472 1997 quibus
495 1957 581 1986 nos
601 1947 736 1987 unice
758 1959 943 1999 semper
965 1949 1319 1990 commendatos
1341 1951 1568 2001 cupimus.

247 2015 462 2068 Lovanii,
487 2018 511 2057 6
531 2018 657 2072 Junii
690 2018 807 2060 1555.

647 2089 706 2130 V.
744 2090 793 2130 P.

833 2161 1008 2203 Servus
1026 2163 1261 2215 indignus,

1144 2294 1399 2335 ARNOLDUS
1430 2295 1633 2336 HEZEUS.

244 2468 595 2520 Sztperscrz'ptz'o
613 2469 662 2509 m
677 2471 883 2510 secunda
893 2476 960 2522 pa
963 2471 1101 2522 gina:
1117 2478 1145 2523 †
1160 2471 1262 2512 R.d0
1280 2473 1327 2512 in
1343 2472 1423 2513 X.⁰
1439 2472 1567 2513 Patri
1584 2474 1641 2514 D.
1661 2474 1796 2526 Igna-

160 2538 224 2578 tio
247 2550 273 2578 a
295 2538 489 2590 Loyola,
513 2538 734 2580 Generali
753 2540 1026 2592 Praeposito
1047 2541 1296 2583 Societatis
1316 2543 1441 2596 Jesu.
1467 2543 1658 2585 Romae.

241 2608 351 2649 Alia
373 2621 534 2649 mcum:
556 2609 702 2661 Quad.
727 2611 980 2652 Lovaniae.
1004 2613 1119 2652 1555.
1143 2613 1168 2653 6
1188 2613 1329 2666 Junii.
1355 2613 1696 2667 Emen[datae].

219 2769 227 2788 ¹
268 2769 335 2795 Sed
346 2769 561 2796 huiusmodi.
579 2769 756 2797 Polancus.

217 2816 230 2835 ”-’
268 2817 456 2850 inquibus.
475 2816 522 2843 ld.

216 2862 230 2882 ⁵
268 2863 404 2890 adiuta.
425 2863 468 2891 ld.

217 2911 228 2928 ’ὃ
268 2910 321 2937 Sic
336 2912 600 2946 autographum:
617 2913 649 2939 in
664 2913 864 2948 apographo
881 2921 973 2947 vero,
998 2914 1191 2941 multorum
1213 2914 1445 2948 praeclarum
1468 2915 1629 2943 studium
1660 2921 1692 2945 et
1718 2921 1794 2947 ani-

164 2966 279 2986 mus...
