2047 3179
806 146 888 180 AN.
919 143 1010 178 1555
1653 142 1719 178 581

86 254 175 282 ner
195 254 281 294 por
303 243 418 282 obra
453 244 521 283 105
556 243 732 282 buenos
758 239 948 279 (1655605
981 250 1068 289 que
1103 245 1292 277 nuestro
1327 236 1473 277 Scfior
1495 238 1561 276 les
1583 237 1642 276 da
1665 237 1719 276 de

92 314 222 353 subir
242 316 269 353 a
291 315 334 353 la
355 313 626 365 perfection,
650 325 680 363 y
701 311 838 363 piden
862 311 905 349 al
927 308 974 348 Ρ.
1008 309 1289 349 Villanueua
1320 307 1719 348 ordinariamente

92 385 160 423 les
181 385 237 424 de
256 384 451 425 licencia
472 396 585 435 para
603 383 744 423 hazer
765 379 1170 429 mortificaciones,
1203 391 1233 429 y
1267 378 1647 418 sefialadamente
1669 390 1719 418 se

94 466 296 506 procura
314 455 369 495 de
387 455 522 495 todos
543 455 587 494 la
609 451 918 493 obseruancia
952 449 1008 490 de
1030 451 1099 489 las
1135 450 1292 499 reglas
1328 461 1358 499 y
1376 448 1585 499 perfecta
1619 449 1721 488 obe-

95 525 280 565 diencia
298 525 537 566 conforme
560 538 586 565 a
608 526 651 564 la
670 522 896 563 voluntad
919 522 974 561 de
997 521 1055 561 V.
1080 520 1129 560 P.

173 596 325 648 Aquel
347 608 435 647 que
456 603 536 636 tan
556 594 762 646 perfecto
785 593 1025 633 obediente
1046 592 1138 641 sue,
1157 603 1246 642 que
1262 602 1313 630 es
1331 590 1516 631 Christo
1530 596 1722 630 nuestro

95 666 258 717 Scfior,
281 678 366 706 nos
387 667 443 706 de
460 678 514 706 su
537 666 834 706 sanctissima
855 663 1019 715 gracia
1040 674 1157 714 para
1173 673 1262 713 que
1283 662 1600 702 seamostales
1615 661 1721 701 obe—

92 738 270 778 dientes
293 737 453 788 quales
476 737 532 776 V.
555 736 604 776 P.
629 736 807 785 dessea‚
830 747 861 786 y
882 746 931 774 65
947 745 1092 774 razon
1109 744 1196 784 que
1219 743 1332 772 sean
1354 733 1422 771 los
1447 743 1535 782 que
1557 743 1643 771 son
1667 731 1724 771 de

93 810 137 848 la
159 808 416 859 Compafiia
439 808 494 847 de
516 808 653 859 aquel
674 819 762 858 que
783 806 931 846 murio
953 817 1037 856 por
1055 803 1342 844 obediencia.

173 879 243 919 En
263 880 331 918 105
353 878 612 918 sacrificios
633 891 663 929 y
699 877 948 917 oraciones
977 875 1033 916 de
1059 875 1117 915 V.
1150 874 1200 915 Ρ.
1236 874 1448 926 pedimos
1478 874 1614 914 todos
1645 873 1724 913 hu—

93 950 328 990 milmente
362 961 437 989 ser
472 948 862 998 encomendados‚
900 958 1016 999 para
1038 958 1126 998 que
1154 947 1196 986 61
1216 945 1366 986 Sefior
1387 957 1471 985 nos
1490 945 1546 985 de
1582 947 1609 984 a
1627 955 1726 984 sen-

97 1021 154 1060 tir
177 1033 208 1072 y
230 1020 430 1071 cumplir
452 1032 508 1059 en
530 1020 639 1060 todo
663 1031 717 1059 su
738 1019 897 1059 diuina
918 1017 1158 1058 voluntad.

176 1091 319 1132 Deste
342 1091 551 1142 Collegio
574 1091 629 1131 de
652 1092 695 1130 la
718 1090 978 1141 Compafiia
1014 1089 1070 1129 de
1098 1088 1198 1140 Jhs.
1222 1087 1278 1127 de
1306 1087 1574 1136 Plasencia,
1597 1085 1646 1126 31
1671 1086 1726 1125 de

97 1162 280 1213 Agosto
307 1162 407 1202 1555
428 1166 560 1202 anos.

177 1232 248 1273 De
270 1233 329 1274 V.
355 1233 403 1273 Ρ.
430 1232 522 1283 hijo
544 1232 676 1272 inutil
698 1244 755 1271 en
777 1233 818 1271 el
839 1231 1002 1272 Sefior.

339 1303 430 1344 Por
453 1303 705 1343 comission
729 1303 802 1342 del
823 1301 871 1342 P.
898 1301 1190 1351 Villanueua‚

1113 1434 1141 1481 †
1152 1432 1421 1478 GONCALEZ.
1434 1436 1463 1479 †

803 1841 1029 1895 CDXH

170 2054 434 2092 Franciscus
455 2054 660 2097 MoraIes,

220 2119 286 2157 Ex
305 2118 626 2156 commissione
641 2118 786 2155 Patris
803 2117 942 2154 Marci
962 2115 1160 2162 Georgii,

266 2186 385 2222 Patri
404 2184 575 2231 Ignatio
594 2183 648 2221 de
670 2183 851 2230 Loyola.

312 2250 472 2293 Ebora,
492 2249 535 2286 31
557 2249 751 2296 Augusti
771 2248 862 2285 1555
879 2248 903 2282 ¹.

905 2388 933 2434 ,Γ

846 2440 982 2492 Jesus

181 2582 455 2623 Reuerende
477 2583 523 2623 in
545 2582 731 2624 Christo
753 2581 908 2622 Pater.

144 2660 148 2662 “
182 2654 329 2695 Amor
349 2654 459 2708 Jesu
485 2653 674 2702 Christi,
699 2660 743 2693 et
763 2652 919 2704 gratia
941 2651 1100 2692 Sancti
1120 2649 1322 2702 Spiritus
1351 2649 1411 2689 sit
1440 2659 1624 2698 semper
1654 2659 1730 2687 no-

96 2727 298 2766 biscum.
322 2725 488 2766 Amen.

181 2797 253 2837 EX
287 2797 358 2847 iis,
395 2807 513 2848 quae
550 2795 779 2847 superiori
808 2793 1138 2846 quadrimestri
1170 2792 1229 2832 ad
1258 2797 1317 2841 te,
1350 2790 1489 2830 Pater
1519 2790 1727 2839 colende,

157 2956 167 2976 ²
206 2956 454 2990 Autographae
470 2956 501 2983 in
517 2956 596 2983 folio
611 2955 746 2988 duplici.
760 2962 813 2982 nn.
829 2954 882 2981 528
895 2959 927 2981 et
943 2954 1004 2980 529.
