2047 3179
251 167 322 204 608
771 166 997 203 LtTTERAE
1018 174 1324 208 QUADRIMESTR
1332 176 1378 202 Es

951 617 1198 671 GDXIX

323 847 370 883 P.
394 847 588 894 Ignatius
609 846 661 883 de
684 847 895 884 Azebedo
922 846 964 892 (P)

371 912 493 950 Patri
513 912 683 959 Ignatio
706 912 760 948 de
781 912 964 959 Loyola.

420 978 701 1025 Ulyssipona.
727 978 742 1014 l
765 977 1039 1025 Septembris
1061 977 1153 1014 1555
1173 978 1200 1011 ¹.

1012 1133 1142 1215 Jegus

561 1331 835 1372 Reuerende
858 1331 1110 1371 admodum
1139 1331 1185 1370 in
1206 1330 1393 1371 Christo
1416 1331 1569 1371 Pater.

328 1404 494 1444 Gratia
522 1410 566 1444 et
597 1416 692 1455 pax
721 1403 894 1444 Christi
927 1402 1106 1442 habitet
1137 1413 1322 1453 semper
1351 1402 1496 1442 corda
1528 1409 1705 1443 nostra.
1741 1402 1892 1454 Quam

243 1475 521 1516 breuissime
550 1486 785 1526 exponam
816 1474 888 1514 his
916 1474 1078 1522 literis,
1110 1485 1230 1524 quae
1258 1474 1489 1524 singulari
1520 1473 1609 1514 Dei
1636 1480 1730 1525 opt.
1763 1485 1888 1514 max.

244 1546 468 1587 beneficio
490 1558 573 1599 per
601 1553 803 1598 quatuor
835 1546 920 1586 hos
950 1557 1133 1585 menses
1161 1552 1296 1596 gesta
1321 1551 1428 1585 sunt
1457 1546 1503 1585 in
1534 1546 1622 1585 hoc
1651 1545 1889 1597 Ulyssipo-

243 1619 376 1658 nensi
399 1618 615 1669 collegio,
640 1624 685 1657 et
708 1617 755 1658 in
777 1617 1047 1669 praesentia
1071 1622 1318 1668 geruntur.

326 1689 561 1741 Principio
583 1689 728 1740 igitur
748 1689 934 1740 integra
957 1700 1119 1729 omnes
1141 1687 1409 1728 ualetudine
1430 1699 1605 1738 surnUS,
1625 1699 1710 1727 nec
1734 1688 1890 1728 animo

244 1761 398 1801 minus
420 1773 560 1813 quam
579 1772 780 1812 corpore
795 1761 1022 1800 ualemus.
1042 1759 1175 1800 Bona
1193 1771 1305 1811 pars
1322 1760 1546 1811 temporis
1570 1761 1635 1807 (vt
1653 1759 1762 1799 alibi
1781 1760 1890 1800 scri-

245 1838 373 1884 ptum
391 1832 476 1883 est)
499 1832 874 1873 confessionibus
892 1831 1152 1881 audiendis,
1172 1831 1478 1871 concionibus
1496 1831 1555 1871 ad
1572 1832 1794 1882 populum
1811 1831 1888 1871 ha-

246 1904 407 1944 bendis
428 1904 821 1955 scholasticisque
844 1903 1233 1955 occupationibus
1254 1902 1553 1954 impenditur.
1578 1902 1804 1954 Magnum
1821 1908 1891 1943 est

248 1976 463 2016 omnibus
480 1976 670 2016 diuinae
689 1974 988 2027 quaerendae
1006 1974 1185 2026 gloriae
1203 1973 1422 2023 studium,
1443 1980 1487 2014 et
1504 1985 1617 2014 suae
1635 1974 1830 2025 quisque
1846 1980 1891 2014 et

246 2047 570 2098 proximorum
605 2047 743 2088 saluti
781 2047 1030 2098 diligenter
1065 2046 1282 2096 consulit,
1321 2057 1411 2097 quo
1453 2046 1605 2086 omnis
1641 2044 1891 2086 Societatis

243 2124 424 2170 spectat
447 2118 693 2159 industria.
720 2117 899 2158 Diebus
920 2117 1169 2158 dominicis
1188 2129 1244 2157 ac
1264 2117 1398 2157 festis
1421 2117 1674 2157 conciones
1692 2116 1888 2156 crebrae

246 2191 477 2230 habentur
495 2190 622 2230 domi
638 2195 831 2230 nostrae
848 2191 895 2230 in
908 2200 1083 2240 magna
1100 2188 1368 2229 auditorum
1383 2188 1661 2240 frequentia,
1682 2199 1766 2228 nec
1785 2199 1891 2228 cum

245 2262 423 2302 minore
459 2262 724 2302 animarum
760 2261 974 2309 utilitate,
1013 2260 1180 2312 quibus
1215 2260 1271 2300 de
1307 2271 1436 2300 more
1473 2259 1713 2308 absolutis,
1753 2259 1883 2300 multi

244 2345 405 2373 eorum
427 2332 505 2384 qui
527 2332 737 2383 audiunt,
763 2343 867 2372 sese
889 2331 950 2372 ad
971 2331 1308 2372 eucharistiam
1330 2330 1514 2371 ardenti
1546 2330 1751 2382 quodam
1773 2329 1888 2370 desi-

242 2404 371 2444 derio
399 2411 698 2456 comparant:
732 2403 857 2455 quod
887 2403 1097 2443 nonnulli
1124 2402 1304 2442 faciunt
1334 2402 1534 2453 singulis
1565 2400 1886 2450 hebdomadis,

244 2475 321 2515 alii
342 2487 455 2515 uero
479 2475 785 2527 frequentius;
812 2474 981 2526 quibus
1009 2485 1115 2514 cum
1137 2472 1356 2514 satisfieri
1378 2485 1471 2513 non
1500 2473 1649 2525 possit
1672 2473 1889 2523 (magnus

243 2547 365 2587 enim
386 2547 434 2587 fit
457 2547 699 2587 hominum
717 2546 1008 2596 concursus),
1030 2546 1077 2585 in
1094 2544 1328 2597 profestos
1347 2544 1446 2585 dies
1466 2543 1789 2584 confessiones
1806 2543 1887 2584 dis-

245 2619 470 2668 feruntur,
508 2629 795 2670 quamquam
831 2617 903 2657 his
935 2617 1078 2657 etiam
1109 2616 1273 2656 diebus
1304 2615 1462 2656 multis
1500 2615 1889 2666 occupationibus

246 2688 408 2729 Patres
432 2695 696 2739 teneantur,
723 2688 1116 2729 scholasticorum
1144 2686 1464 2727 confessiones
1493 2686 1750 2726 audientes.
1777 2685 1888 2726 Cae-

243 2769 450 2800 terorum
471 2767 643 2808 autem,
675 2771 877 2812 quorum
902 2770 1052 2810 nuper
1079 2758 1283 2807 memini,
1317 2757 1525 2797 charitas
1553 2769 1646 2797 non
1677 2757 1888 2808 vulgaris

244 2843 424 2871 moram
447 2843 631 2872 omnem
653 2838 697 2871 et
719 2831 984 2871 molestiam
1004 2830 1235 2881 patienter
1252 2829 1376 2869 ferre
1393 2829 1525 2868 solet:
1545 2833 1797 2879 expecta-nt
1814 2828 1886 2868 be-

299 2994 305 3009 2
350 2991 596 3026 Apographum
615 2992 646 3019 in
663 2992 741 3018 folio
758 2991 895 3026 duplici,
912 2998 946 3017 n.
964 2990 1026 3017 528.
1047 2989 1095 3016 Ex
1112 2990 1179 3016 vol.
1199 2989 1278 3016 anni
1295 2989 1373 3016 1550.
