2047 3179
867 140 948 175 AN.
980 139 1069 175 15:33
1708 135 1781 172 553

361 538 642 566 Praecedentium
660 537 772 564 Patris
787 535 926 569 joannis
941 535 1073 562 Xuarcz
1092 535 1284 561 litterarum
1302 534 1407 560 latina
1422 532 1536 558 versio
1554 533 1574 557 ¹.

918 677 1015 753 Jfsls

228 878 493 919 Admodum
516 876 789 917 Reuerende
812 876 857 915 in
879 874 959 914 X.⁰
977 873 1129 913 Pater.

223 949 323 989 Pax
346 948 534 989 Christi.

225 1019 497 1059 Intellexisti
533 1018 810 1058 crediderim
840 1015 1045 1063 abunde,
1082 1013 1216 1054 Pater
1244 1012 1586 1062 amantissime,
1618 1025 1676 1052 ex
1703 1013 1774 1063 iis,

145 1103 262 1143 quas
283 1091 342 1130 ad
363 1097 407 1130 te
430 1090 615 1129 circiter
638 1089 869 1128 decimum
892 1086 1139 1137 septimum
1155 1084 1382 1124 kalendas
1399 1083 1548 1123 Maias
1566 1084 1777 1124 misimus

144 1162 318 1212 literas,
343 1173 461 1212 quae
483 1160 612 1200 Deus
634 1159 739 1211 Opt.
764 1159 890 1199 Max.
915 1156 1172 1197 ministerio
1190 1166 1367 1205 eorum,
1392 1155 1469 1206 qui
1491 1161 1598 1195 sunt
1620 1155 1667 1194 in
1688 1155 1777 1195 hac

146 1233 274 1282 vrbe,
299 1239 488 1272 nostrae
510 1230 772 1280 Societatis,
797 1230 1016 1279 dignatus
1038 1232 1108 1267 est
1129 1225 1331 1277 operari,
1355 1225 1517 1265 eadem
1545 1232 1699 1266 autem
1732 1232 1776 1266 et

144 1316 263 1355 quae
285 1303 458 1343 Christi
480 1302 758 1351 doctrinam,
782 1301 965 1352 priuata
984 1297 1229 1349 colloquia,
1249 1302 1294 1336 et
1310 1308 1429 1348 quae
1448 1296 1506 1336 ad
1524 1297 1776 1336 conciones

142 1375 351 1426 publicas
387 1374 598 1423 attinent,
627 1384 717 1423 quo
754 1370 916 1411 ordine
950 1370 1099 1410 relata
1133 1374 1245 1408 tunc
1278 1367 1486 1415 fuerunt,
1524 1367 1771 1407 immutata

144 1457 335 1497 prorsus
357 1444 415 1484 ad
437 1455 586 1484 nonas
608 1454 754 1494 vsque
774 1441 938 1494 Junias
954 1446 1270 1491 permansere;
1296 1449 1386 1489 quo
1404 1437 1478 1477 die
1495 1436 1634 1478 Pater
1651 1437 1773 1478 Gon-

142 1517 269 1556 zalez
302 1516 440 1555 simul
470 1526 575 1554 cum
598 1514 737 1554 Patre
766 1512 905 1553 Auila
935 1510 1201 1551 Cordubam
1227 1515 1272 1548 et
1302 1507 1585 1558 Granatam,
1618 1510 1696 1549 vbi
1727 1510 1774 1550 in

143 1587 518 1639 praesentiarum
539 1592 700 1636 agunt,
725 1584 983 1624 decessere:
1008 1581 1175 1621 exinde
1196 1579 1274 1631 qui
1300 1579 1614 1630 superfuimus
1644 1581 1771 1631 quin-

144 1670 232 1710 que
254 1664 426 1709 patres,
452 1669 558 1698 cum
580 1656 683 1696 aliis
705 1655 907 1707 quinque
936 1652 1180 1702 fratribus,
1204 1662 1404 1691 messem
1431 1650 1489 1690 ab
1517 1651 1585 1691 eis
1620 1651 1771 1692 incoe-

144 1737 271 1780 ptam
292 1730 464 1780 colligi,
489 1734 715 1780 quantum
736 1727 895 1767 diuina
924 1726 1080 1777 gratia
1109 1725 1347 1774 concedit,
1372 1722 1604 1764 metimus.
1634 1723 1773 1764 Vnde

142 1803 478 1853 praeleguntur
499 1799 684 1839 articuli
704 1797 810 1838 fidei
826 1797 1022 1848 singulis
1038 1797 1199 1837 diebus
1214 1797 1462 1838 dominicis
1478 1797 1523 1837 in
1541 1795 1770 1836 vestibulo

143 1873 309 1912 domus
329 1878 533 1917 nostrae,
558 1870 618 1910 ad
638 1880 836 1921 quorum
855 1869 1102 1909 lectionem
1121 1868 1238 1908 adeo
1256 1879 1428 1920 magna
1445 1868 1685 1908 hominum
1701 1866 1773 1906 vis

142 1943 347 1992 confiuit,
371 1949 421 1983 ut
441 1942 537 1992 vix,
561 1941 713 1993 posito
731 1939 865 1990 juxta
886 1939 1011 1979 sores
1039 1945 1278 1989 suggesto,
1303 1950 1401 1979 vox
1422 1938 1774 1979 concionatoris

142 2015 366 2064 (alioquin
388 2015 482 2053 alta
504 2018 548 2053 et
570 2011 714 2062 clara)
739 2011 796 2051 ab
818 2010 1031 2050 omnibus
1064 2010 1215 2050 audiri
1235 2010 1398 2061 possit.

222 2086 304 2126 Est
325 2085 459 2125 nobis
481 2096 504 2123 e
527 2083 720 2135 regione
742 2082 1019 2122 coenobium
1041 2081 1276 2133 quoddam
1296 2081 1568 2121 monialium
1596 2079 1774 2120 ordinis

141 2157 273 2197 Beati
301 2155 559 2205 Dominici,
588 2154 816 2206 probatae
844 2152 1031 2204 quidem
1059 2152 1325 2193 sanctitatis
1349 2152 1469 2192 inter
1504 2163 1666 2191 omnes
1695 2150 1772 2190 Hi-

142 2231 397 2280 spalenses:
433 2237 594 2266 earum
621 2224 937 2266 confessarius
970 2235 1078 2264 cum
1111 2223 1319 2263 audisset
1353 2223 1427 2263 die
1461 2223 1679 2274 quadam,
1713 2234 1771 2262 ex

142 2301 256 2340 cella
280 2299 368 2339 sibi
390 2299 436 2338 in
465 2297 690 2337 coenobio
717 2295 964 2345 destinata,
992 2294 1255 2346 praefatam
1282 2294 1587 2334 articulorum
1615 2293 1770 2333 lectio—

141 2383 262 2419 nem,
286 2370 349 2409 ita
371 2378 524 2409 motus
544 2368 645 2418 fuit,
668 2373 719 2407 ut
737 2366 961 2417 Priorem,
982 2377 1119 2417 quem
1134 2366 1224 2416 ipsi
1246 2371 1433 2414 vocant,
1458 2364 1640 2414 adierit,
1666 2376 1771 2405 cum

142 2453 232 2493 quo
257 2442 422 2480 saltem
442 2440 533 2479 hoc
554 2440 673 2490 egit,
698 2445 747 2478 ut
775 2437 937 2478 diebus
964 2437 1196 2488 aliquibus
1223 2436 1270 2476 in
1297 2435 1569 2475 monialium
1597 2436 1771 2487 templo

140 2513 277 2552 lectio
305 2511 570 2551 haberetur.

219 2575 488 2623 Edocentur
521 2581 662 2621 etiam
697 2580 743 2630 ii,
781 2579 860 2631 qui
892 2579 939 2619 in
974 2589 1166 2619 carcere
1201 2577 1480 2626 detinentur,
1507 2576 1771 2617 doctrinam

139 2654 329 2704 Christi,
367 2665 460 2693 non
495 2664 602 2692 cum
636 2662 784 2703 parua
825 2650 1032 2690 omnium
1067 2648 1368 2700 acceptione:
1406 2648 1627 2688 adsumus
1660 2648 1772 2688 item

140 2725 427 2766 consolaturi
456 2735 550 2772 eos,
584 2723 662 2774 qui
689 2722 971 2761 damnantur
992 2719 1049 2760 ad
1080 2725 1299 2768 mortem,
1333 2719 1412 2760 vbi
1443 2718 1691 2770 aliquando
1712 2731 1770 2760 ex

199 2911 205 2928 ¹
248 2910 508 2944 Autographae,
525 2908 648 2942 duplici
661 2909 694 2935 in
709 2907 801 2938 folio,
823 2907 931 2940 primo
946 2914 977 2932 n.
992 2906 1054 2937 527,
1079 2906 1189 2932 altero
1210 2912 1274 2931 non
1295 2909 1485 2936 numerato;
1509 2905 1540 2932 in
1565 2905 1614 2932 eis
1637 2908 1771 2932 tantum

140 2958 358 2991 subscriptio,
372 2966 391 2985 a
405 2958 522 2984 verbis
538 2957 575 2983 Ρ.
599 2955 646 2987 V„
663 2959 713 2982 est
728 2962 830 2982 manu
845 2954 950 2988 ipsius
966 2953 1079 2980 Panis
1094 2952 1228 2980 Xuarez
