2047 3179
156 151 230 188 ‘233
674 152 902 190 LITTERAE
929 165 1290 197 QUADRIMESTRES

152 248 310 288 dierat
348 247 604 300 'praeterea
643 250 990 302 philosophiam
1030 252 1421 303 quaestionesque
1470 251 1800 293 confessarias.

154 319 382 360 Laetatus
417 325 487 360 est
517 321 822 362 vehementer
850 322 900 362 P.
928 322 1135 375 Joannes
1171 322 1369 371 Nonius,
1396 328 1645 374 propterea
1678 324 1802 375 quod

153 391 202 430 in
229 402 284 431 ea
314 392 508 442 regione
541 404 658 444 opus
689 400 758 433 est
787 393 1052 433 hominibus
1087 394 1251 445 peritis
1282 393 1481 433 canendi
1511 394 1799 434 celebrandi-

154 473 244 514 que
272 461 432 503 diuina
460 463 626 504 officia.
651 464 854 504 Necesse
884 471 953 504 est
987 470 1231 515 praeterea
1254 464 1582 505 Patriarcham
1610 477 1799 505 sacrum

148 533 312 573 facere
342 535 538 574 solemni
574 535 908 587 pontificioque
937 541 1192 587 apparatu;
1224 547 1368 586 quare
1404 535 1519 575 nihil
1552 543 1736 587 poterat
1761 539 1803 579 ei

148 604 335 654 gratius
365 605 596 645 accidere.
634 606 865 646 Postridie
900 617 1041 657 quam
1069 606 1204 645 electi
1239 612 1346 646 sunt
1374 606 1503 646 venit
1537 606 1684 647 frater
1717 607 1800 648 Co-

153 675 406 725 nimbrica,
430 687 513 727 per
545 688 682 728 quem
713 677 969 728 scripserat
997 676 1057 716 ad
1077 675 1127 715 P.
1151 676 1383 716 Mironem
1404 683 1455 717 vt
1483 677 1571 717 sibi
1597 684 1799 729 potesta—

150 753 244 786 tem
276 746 454 786 faceret
489 747 818 798 proficiscendi
846 748 906 787 ad
934 747 1200 787 Pretiosum
1228 746 1473 800 Joannem.
1509 748 1677 789 Frater
1713 748 1796 789 Pa-

150 818 326 857 scualis
357 825 458 858 erat
488 818 696 859 Eborae:
729 819 768 858 is
798 819 876 858 diu
912 817 1115 869 praefuit
1143 819 1302 870 pueris
1338 819 1586 871 orphanis:
1611 820 1798 861 videtur

154 889 360 928 maxime
398 889 785 929 accommodatus
817 889 905 929 illis
926 889 1167 941 gentibus,
1192 890 1317 942 apud
1349 902 1465 942 quas
1500 892 1642 931 etiam
1669 893 1805 943 pueri

149 965 259 1000 sunt
281 960 570 1001 instituendi.
596 960 893 1012 Quamquam
915 961 1000 1000 hos
1022 961 1264 1011 eligendos
1286 962 1529 1002 statuisset
1550 962 1795 1014 Dominus,

151 1031 310 1071 multis
345 1038 502 1071 tamen
539 1032 740 1082 largitus
773 1038 841 1072 est
878 1031 1111 1072 desideria
1147 1032 1500 1084 proficiscendi,
1533 1033 1577 1074 id
1616 1035 1739 1086 quod
1776 1047 1803 1074 a

151 1101 200 1141 Ρ.
224 1102 405 1142 Mirone
427 1103 791 1153 contenderunt,
811 1103 979 1154 quibus
996 1102 1125 1143 Deus
1147 1115 1231 1155 pro
1253 1104 1423 1144 talibus
1443 1105 1567 1144 votis
1587 1105 1794 1156 gratiam

152 1173 458 1213 nihilominus
499 1174 685 1214 referet.
725 1173 1005 1225 Propediem
1051 1186 1296 1226 speramus
1344 1187 1507 1216 omnes
1546 1176 1788 1218 affuturos.

151 1243 405 1284 Domicilia
426 1256 575 1296 nuper
597 1244 845 1285 aedificata
876 1245 1093 1286 omnibus
1124 1246 1379 1286 sufficiunt:
1405 1247 1517 1287 item
1544 1248 1796 1300 eleemosy-

150 1327 264 1367 nae,
290 1316 353 1356 ita
379 1321 427 1356 ut
455 1328 547 1356 non
575 1316 635 1356 sit
664 1327 781 1368 opus
816 1317 962 1367 regiis
989 1317 1227 1369 impensis.
1252 1317 1560 1369 Nauigationi
1585 1331 1800 1359 necessa-

148 1388 221 1427 ria
249 1394 598 1439 comparantur:
623 1388 851 1439 praefecti
877 1389 1072 1428 nauium
1102 1388 1370 1430 Indicarum
1391 1390 1695 1431 vehementer
1717 1403 1791 1431 cu-

156 1459 288 1510 piunt
317 1471 397 1498 eos
427 1471 587 1499 secum
614 1459 809 1510 vehere,
838 1460 1201 1512 venientesques
1232 1461 1292 1501 ad
1319 1472 1405 1501 nos
1440 1473 1543 1502 sese
1582 1462 1799 1513 offerunt,

155 1541 306 1582 neque
342 1530 534 1582 iniuria;
564 1531 738 1571 habent
772 1531 896 1571 enim
930 1543 1113 1582 secum,
1139 1532 1217 1584 qui
1252 1538 1297 1572 et
1332 1533 1420 1573 sibi
1455 1539 1499 1573 et
1532 1534 1800 1574 vectoribus

154 1602 429 1642 inser-uiant.
452 1601 556 1642 Hoc
577 1602 764 1643 interim
787 1603 940 1655 spatio
962 1602 1190 1644 docentur
1212 1615 1239 1643 a
1260 1605 1508 1645 sacerdote
1531 1606 1679 1646 nostri
1697 1605 1800 1646 Col—

156 1673 285 1724 legii‚
310 1674 388 1725 qui
410 1686 492 1725 per
514 1673 602 1714 hos
623 1673 722 1714 dies
745 1674 803 1714 ad
834 1686 921 1714 nos
951 1686 1001 1714 se
1023 1675 1242 1726 contulit,
1273 1674 1483 1726 linguam
1510 1676 1798 1728 hebraicam,

155 1744 281 1796 quod
323 1745 413 1785 illis
457 1746 668 1797 partibus
702 1745 922 1786 videatur
961 1747 1254 1797 necessaria,
1296 1754 1490 1799 propter
1530 1748 1803 1789 affinitatem

153 1827 295 1867 quam
317 1816 456 1856 habet
479 1828 584 1857 cum
607 1817 868 1857 chaldaica.
1131 1830 1133 1832 ·

232 1887 407 1938 Locus,
438 1888 486 1928 in
513 1900 604 1940 quo
636 1889 924 1940 habitamus,
950 1894 1020 1929 est
1048 1889 1304 1930 admodum
1339 1891 1728 1932 accommodatus
1758 1899 1804 1932 et

152 1959 367 1999 salubris:
389 1966 504 2010 erat,
526 1965 781 2011 antequam
798 1960 887 2000 huc
905 1960 1345 2012 commigraremus,
1366 1961 1595 2003 desertus:
1619 1962 1807 2004 adiace-

152 2030 264 2070 bant
298 2031 441 2081 horti,
482 2031 655 2071 oliueta
690 2038 736 2072 et
771 2032 1089 2083 sterquilinia:
1127 2043 1252 2072 nunc
1288 2038 1626 2074 construuntur
1663 2035 1805 2074 aedes

152 2102 343 2142 multae:
367 2103 543 2143 oliueta
564 2103 684 2143 vicis
707 2103 895 2144 cedunt:
920 2103 1125 2143 curritur
1147 2103 1348 2155 denique
1366 2104 1412 2144 in
1435 2104 1629 2145 odorem
1652 2106 1804 2145 suaui-

151 2174 277 2213 tatis.
316 2173 598 2214 Benedictus
632 2173 778 2214 Deus.
816 2173 1102 2214 Referebant
1138 2175 1329 2226 quidam
1365 2176 1567 2227 aedituo,
1606 2183 1803 2227 agentes

152 2244 333 2295 gratias
355 2245 470 2296 Deo,
496 2257 545 2285 se
567 2252 665 2285 tum
693 2245 880 2286 demum
900 2245 1044 2286 fuisse
1067 2246 1371 2297 christianos,
1396 2247 1476 2287 vbi
1497 2246 1662 2288 Patres
1694 2247 1802 2288 huic

152 2316 354 2356 viciniae
377 2317 766 2367 commigrarunt.
790 2316 938 2357 Multo
959 2318 1118 2368 plures
1142 2317 1453 2369 confluerent,
1478 2318 1517 2358 si
1547 2324 1670 2358 esset
1691 2324 1803 2358 tem-

153 2388 281 2438 plum
303 2388 524 2439 amplius,
550 2389 658 2429 licet
686 2400 780 2428 non
810 2388 1005 2440 perinde
1033 2395 1289 2440 angustum
1317 2390 1391 2430 sit.
1415 2389 1573 2440 Nunc,
1600 2390 1701 2430 Deo
1726 2403 1803 2429 vo-

153 2459 298 2509 lente,
330 2459 561 2499 iacientur
596 2459 903 2500 fundamenta
939 2460 1133 2500 alterius
1168 2461 1387 2512 maioris,
1419 2461 1551 2501 cuius
1587 2461 1803 2501 aedifica-

155 2530 268 2570 tioni
289 2530 518 2571 missurus
541 2538 609 2571 est
632 2543 689 2571 ex
720 2531 852 2572 India
883 2532 1092 2583 Legatus
1114 2531 1259 2583 Regis
1289 2533 1521 2572 maximas
1549 2534 1802 2584 eleemosy-

155 2613 262 2651 nas,
296 2607 484 2652 praeter
519 2614 620 2653 eas,
658 2615 777 2654 quae
808 2603 898 2643 Dei
937 2603 1227 2654 benignitate
1268 2604 1343 2644 hic
1383 2604 1800 2655 comparabuntur.

154 2672 444 2713 Habitabant
461 2673 536 2713 hic
559 2680 695 2713 antea
714 2674 947 2715 foeminae
969 2686 1136 2726 parum
1154 2675 1396 2726 honestae,
1416 2687 1533 2727 quas
1551 2675 1685 2715 iussit
1704 2675 1806 2717 Rex

156 2756 240 2795 per
267 2744 574 2795 magistratus
601 2745 708 2785 hinc
744 2746 1026 2797 semigrare,
1051 2751 1371 2798 repugnantes
1400 2757 1592 2786 carcere
1620 2754 1663 2786 et
1691 2749 1805 2787 mul-

155 2815 245 2855 ctis
273 2815 321 2855 in
351 2814 562 2856 ordinem
592 2816 828 2868 redigere,
854 2817 979 2869 quod
1009 2817 1188 2858 factum
1220 2823 1311 2868 est3
1335 2817 1383 2857 in
1414 2828 1613 2868 quarum
1649 2819 1804 2858 locum

155 2887 415 2927 succedunt
444 2887 671 2927 honestae
692 2888 914 2929 familiae.

234 2957 287 2999 In
308 2959 472 2999 Africa
495 2959 589 3010 (vbi
610 2958 658 2999 P.
682 2961 889 3013 Joannes
910 2960 1090 3001 Nonius
1115 2958 1319 3012 [fuerat],
1344 2960 1422 3012 qui
1443 2959 1722 3001 Patriarcha
1745 2961 1806 3001 ad
