2047 3179
879 172 962 210 AN.
994 172 1086 210 1555
1729 174 1801 212 363

170 275 239 310 tes
261 270 319 310 ad
340 270 680 310 confessionem
703 269 948 310 admittere
965 271 1141 310 uolunt:
1172 282 1265 310 non
1298 276 1454 311 tamen
1490 277 1713 311 reuocant
1738 273 1802 318 (ut

168 340 346 392 accepi)
369 341 451 381 sed
480 342 648 381 misere
683 340 1025 392 derelinquunt.
1063 340 1114 380 In
1148 352 1238 391 quo
1274 342 1460 381 nonnisi
1497 343 1803 382 uetustissimi

168 413 447 452 ueteratoris
470 411 618 451 hostis
638 412 792 463 primi,
824 411 1017 451 humani
1051 411 1240 462 generis
1274 411 1467 451 exitium
1497 413 1657 462 moliti,
1680 413 1802 452 frau-

166 482 382 522 dulentas
402 488 446 522 et
475 493 636 522 omnes
662 481 855 522 insidias
891 482 1173 522 excedentes
1202 489 1421 523 extensas
1455 483 1621 534 plagas
1644 483 1801 523 existi-

167 564 361 603 marem3
386 565 445 593 an
468 565 556 593 non
595 564 774 603 uerum,
811 564 1035 604 percusso
1071 560 1274 604 pastore,
1313 554 1645 606 disperguntur
1674 555 1805 594 oues?

250 622 341 664 Sed
362 635 543 664 summa
566 625 648 664 fuit
670 624 716 664 in
738 625 881 664 coelis
898 625 1123 664 exultatio
1146 636 1252 664 curn
1274 625 1346 665 his
1374 625 1611 665 mensibus
1642 637 1700 665 ex
1730 637 1806 664 no-

169 696 336 735 bilibus
358 695 545 746 quidam
567 695 707 735 animi
730 696 801 735 sui
823 695 951 735 labes
972 697 1196 747 repellere
1218 703 1462 747 exoptaret
1485 703 1529 736 et
1551 696 1807 736 confessio-

167 768 243 806 nis
264 777 423 806 amore
444 766 681 816 flagraret,
705 766 754 806 P.
779 765 832 806 N.
859 765 1134 806 Rectorem¹
1160 767 1320 817 adiuit,
1346 779 1372 806 a
1395 779 1484 819 quo
1503 774 1807 819 peccatorum

169 838 512 877 absolutionem
534 849 615 889 per
636 844 983 878 sacramentum
1006 838 1149 889 petiit.
1182 837 1319 878 Pater
1342 850 1469 888 uero,
1499 839 1578 890 qui
1609 839 1707 878 eius
1731 850 1803 877 sa-

170 909 313 948 lutem
336 919 484 960 aeque
506 920 560 948 ac
582 920 718 949 suam
739 908 1048 959 desiderabat,
1073 921 1186 949 suae
1209 909 1547 961 efflagitationi,
1573 916 1703 950 tanto
1727 910 1805 949 ho-

171 979 369 1020 nestatis
390 979 559 1019 decore
580 980 807 1030 obtectae,
829 979 1108 1020 obstandum
1125 981 1223 1021 fore
1241 993 1334 1021 non
1351 981 1499 1032 duxit;
1519 992 1664 1033 quare
1687 981 1746 1020 ad
1767 982 1809 1021 ei

172 1050 557 1090 satisfaciendum
576 1062 625 1091 se
645 1050 916 1091 accinxit.Is
933 1051 1135 1102 tandem,
1156 1052 1451 1092 confessione
1482 1052 1714 1102 absoluta,
1735 1052 1810 1092 do-

172 1132 312 1172 mum,
333 1127 465 1161 tanto
487 1133 676 1162 munere
695 1122 909 1173 donatus,
928 1123 1144 1162 exultans
1162 1123 1224 1173 (ut
1242 1123 1433 1163 credere
1452 1135 1538 1175 par
1555 1123 1640 1173 est>
1659 1124 1812 1175 profe·

168 1200 288 1243 ctus,
312 1192 502 1232 diuinae
519 1194 705 1242 gratiae
722 1193 972 1233 uelleribus
989 1192 1188 1241 effultus,
1208 1194 1293 1233 sub
1312 1194 1484 1234 vexillo
1502 1193 1704 1235 Sanctae
1721 1193 1808 1234 Ro-

173 1275 340 1304 manae
367 1263 607 1304 Ecclesiae
630 1264 775 1304 uitam
797 1264 1060 1316 transigere
1082 1270 1126 1305 et
1147 1266 1232 1305 sub
1255 1265 1417 1305 eodem
1443 1267 1650 1306 animam
1673 1265 1814 1306 effun-

167 1334 281 1374 dere
316 1335 513 1385 posthac
546 1334 756 1375 decreuit
778 1335 1053 1385 (recesserat
1074 1336 1197 1376 enim
1219 1348 1245 1376 a
1268 1343 1396 1376 recto
1419 1337 1585 1377 itinere
1608 1335 1813 1378 Sanctae

172 1405 304 1445 Fidei
326 1405 599 1446 Catholicae
619 1405 877 1457 Romanae,
911 1413 955 1447 et
977 1407 1023 1447 in
1043 1407 1277 1447 haeresim
1313 1407 1485 1448 effusus
1511 1408 1814 1460 spurcissime

173 1476 404 1528 degebat).
439 1476 599 1528 Itaque
635 1483 734 1517 tum
756 1483 804 1517 ut
839 1478 1129 1529 occasiones,
1161 1479 1329 1530 quibus
1366 1478 1426 1519 ad
1460 1479 1812 1519 inseruiendum

170 1547 379 1587 nefariae
403 1548 586 1588 haeresi
607 1554 748 1600 atque
770 1549 940 1600 impiae
959 1550 1132 1590 attrahi
1159 1550 1402 1601 potuisset,
1436 1550 1690 1601 dirimeret,
1714 1557 1813 1590 tum

171 1630 264 1669 quo
288 1618 513 1659 Romanis
534 1619 734 1659 decretis
757 1631 782 1659 a
819 1619 1006 1660 Sanctis
1034 1620 1340 1661 Pontificibus
1376 1622 1574 1662 sancitis
1597 1633 1646 1661 se
1678 1621 1813 1662 mori—

169 1701 339 1740 gerum
360 1691 684 1741 praestitisset,
710 1691 877 1742 quibus
898 1703 991 1731 non
1014 1691 1150 1732 modo
1171 1704 1264 1732 non
1283 1693 1513 1733 obluctari
1534 1704 1683 1745 neque
1703 1704 1812 1732 con-

174 1767 396 1809 temnere,
427 1762 507 1801 sed
539 1761 705 1801 eadem
739 1774 852 1813 prae
895 1765 1095 1803 caeteris
1130 1765 1354 1804 extollere
1391 1764 1446 1814 (si
1483 1764 1591 1816 quid
1627 1770 1814 1816 praeter

175 1832 377 1872 Sanctae
401 1832 643 1872 Romanae
666 1832 907 1873 Ecclesiae
934 1834 1235 1875 traditionem
1256 1836 1573 1875 extollendum
1601 1835 1816 1876 ducimus

173 1911 220 1943 et
241 1915 334 1943 non
357 1904 511 1954 potius
535 1905 907 1945 conculcandum
929 1913 973 1945 et
1003 1913 1051 1946 ut
1081 1907 1360 1946 uilissimum
1389 1914 1433 1947 et
1462 1907 1705 1947 Catholica
1727 1906 1816 1946 fide

174 1975 419 2026 indignum
442 1976 868 2026 exterminandum,
892 1983 1034 2029 atque
1053 1978 1099 2017 in
1116 1978 1371 2029 penitiores
1392 1978 1560 2018 tartari
1578 1978 1712 2018 sedes
1742 1978 1815 2018 de-

176 2045 489 2096 trudendum),
522 2053 569 2087 ut
606 2059 747 2087 uerus
777 2048 1067 2089 obedientiae
1089 2049 1210 2089 filius
1231 2050 1486 2099 constituit;
1511 2049 1565 2089 60
1590 2050 1817 2089 librorum

177 2118 415 2157 uolumina
437 2118 496 2157 ad
523 2124 736 2158 nostrum
772 2118 1031 2170 Collegium
1067 2119 1226 2160 afferri
1255 2120 1403 2170 iussit,
1441 2120 1487 2160 in
1517 2132 1717 2172 quorum
1739 2120 1817 2159 ali-

175 2189 342 2238 quibus
382 2189 516 2239 plura
554 2190 740 2229 fuerant
782 2201 924 2240 opera
961 2191 1295 2241 compaginata
1315 2224 1322 2242 ,
1358 2203 1504 2242 eaque
1552 2203 1578 2230 a
1618 2191 1816 2231 diuersis

178 2259 453 2299 authoribus
487 2259 625 2300 edita.
663 2261 826 2311 Erant,
863 2260 964 2301 R.d<³
1008 2261 1160 2309 Pater,
1194 2274 1333 2313 quam
1369 2263 1542 2312 optime
1570 2263 1816 2313 impressa,

178 2330 377 2370 candide
399 2331 599 2380 obtecta,
626 2343 771 2383 aeque
794 2333 997 2384 expolita
1022 2340 1159 2385 atque
1187 2334 1393 2374 studiose
1423 2346 1629 2382 annexa,
1656 2340 1699 2374 et
1718 2340 1818 2374 tan·

180 2401 286 2441 dem
308 2413 362 2441 ea
390 2402 637 2452 superficie
659 2410 944 2455 constructa,
979 2416 1098 2455 quae
1125 2405 1442 2445 studiosorum
1470 2404 1650 2445 animos
1682 2405 1818 2446 facile

182 2472 495 2512 delectabant.
521 2471 611 2512 Sed
633 2485 658 2513 o
680 2474 879 2514 facinus!
916 2476 1100 2526 qualem
1135 2475 1378 2526 mephitim
1412 2476 1597 2515 reclusa
1633 2476 1820 2516 exhala-

182 2543 311 2582 bant!
336 2544 472 2594 quale
493 2545 623 2584 uirus
646 2545 934 2585 emittebant!
958 2547 1143 2597 quantis
1165 2547 1368 2586 colubris
1396 2547 1704 2598 pullulabant!
1728 2548 1820 2598 ple-

183 2626 243 2654 na
273 2614 531 2654 falsitatum
566 2615 811 2655 mendacia
847 2617 1113 2657 nutriebant
1142 2617 1242 2668 ipso
1271 2618 1516 2658 mendacio
1540 2618 1817 2669 insigniora,

183 2685 307 2724 omni
331 2685 559 2725 dedecore
582 2698 638 2726 ac
660 2687 946 2738 turpitudine
975 2688 1239 2738 scatebant3
1270 2695 1313 2729 et
1350 2701 1407 2729 ne
1432 2689 1656 2741 pluribus,
1682 2700 1813 2740 prae-

185 2756 327 2796 claris
349 2757 586 2797 erroribus
614 2757 944 2807 condecorata,
977 2759 1267 2799 crudissimis
1302 2760 1476 2800 aculeis
1511 2760 1741 2800 feriebant
1763 2771 1819 2799 ac

182 2838 480 2878 quacumque
500 2827 722 2868 foeditate
745 2835 1013 2880 perpetrata
1044 2830 1228 2870 fuerant
1250 2831 1459 2881 condita;
1491 2831 1555 2870 ita
1584 2836 1633 2870 ut
1655 2842 1682 2870 a
1704 2831 1823 2871 ueri-

244 2988 252 3008 ¹
294 2988 317 3014 P
343 2988 553 3021 Joannemle
570 2989 740 3017 Pelletier.
