2047 3179
259 168 330 205 614
768 170 996 210 L11TERAE
1022 181 1384 216 QUADRnffisTREs

259 277 357 311 nes,
382 267 608 308 maiorem
628 268 763 309 nobis
785 270 991 310 animum
1013 269 1204 310 addunt.
1227 269 1454 320 Nuncque
1475 270 1662 310 demum
1693 270 1896 310 maxime

261 338 537 379 confidimus
557 338 764 380 futurum
795 340 1064 392 aliquando,
1102 346 1168 391 vt,
1192 341 1231 381 si
1265 352 1465 392 vsquam
1503 341 1727 391 locorum,
1757 341 1831 380 hic
1853 347 1898 380 et

260 408 521 449 celebretur
542 416 586 450 et
606 410 771 452 floreat
792 410 1019 462 Societas,
1042 423 1128 452 nec
1157 412 1379 452 solidiora
1408 411 1731 452 desideramus
1762 422 1896 462 argu-

259 486 418 520 menta
440 492 580 533 quam
603 482 718 522 istos
740 483 864 532 (cum
892 482 1084 523 Domini
1111 483 1353 534 negotium
1382 482 1619 534 geramus)
1651 483 1898 523 continuos

258 551 473 603 insultus,
499 553 666 604 quibus
688 554 891 605 Vndique
913 554 1169 603 obruimur3
1194 554 1395 595 difficilia
1418 554 1542 595 enim
1565 560 1673 595 sunt
1700 554 1766 605 (vt
1787 554 1897 594 trito

260 624 509 673 prouerbio
532 625 694 675 fertur)
715 637 834 676 quae
863 625 1075 676 pulchra.
1110 625 1499 677 Quandoquidem
1539 626 1616 677 qui
1643 625 1895 666 discordia-

260 706 379 746 rum,
398 696 491 736 litis
514 702 558 736 et
579 697 808 736 malorum
831 697 1040 737 omnium
1065 703 1135 737 est
1167 698 1351 747 author,
1389 704 1434 737 et
1469 698 1698 738 bonorum
1720 703 1897 749 pertur-

258 766 408 817 bator,
434 778 489 807 ac
512 779 720 817 euersor,
744 768 910 808 salutis
931 768 1172 809 hominum
1205 780 1328 819 osor,
1362 769 1645 821 praeuidens
1676 769 1898 821 quodam-

260 838 398 878 modo
415 838 608 888 fructus,
633 839 711 890 qui
731 839 839 880 hinc
861 840 907 880 in
928 840 1152 881 horreum
1173 841 1459 881 dominicum
1480 841 1647 892 augeri
1662 846 1897 892 poterunt,

258 908 435 949 nullum
456 922 550 949 non
571 922 657 961 pro
680 921 810 950 more
832 923 915 951 suo
937 917 1095 952 mouet
1112 923 1279 952 saxum
1302 918 1353 951 vt
1373 923 1459 951 nos
1481 911 1709 951 deturbet:
1733 911 1900 961 ingens

259 980 334 1020 ille
356 980 499 1021 draco
517 981 662 1031 rufus,
687 982 911 1022 continuo
934 988 1026 1023 stat
1061 989 1170 1023 ante
1201 983 1443 1023 mulierem
1472 983 1824 1034 parturientem,
1849 988 1900 1022 vt

261 1052 420 1091 statim
441 1058 627 1103 partum
649 1053 796 1104 ipsius
814 1054 1024 1105 deuoret;
1049 1054 1146 1104 sed,
1184 1066 1238 1094 eo
1272 1054 1434 1104 inuito,
1470 1054 1517 1094 in
1548 1055 1730 1094 coelum
1751 1053 1899 1104 rapie-

259 1129 334 1163 tur
354 1130 532 1175 partus‚
558 1136 644 1164 nec
667 1126 839 1176 poterit
871 1126 1115 1166 mulierem
1151 1126 1301 1177 ipsam
1337 1125 1472 1177 aquis
1494 1125 1707 1175 obruere,
1740 1125 1898 1165 diuina

261 1207 363 1234 eam
386 1202 665 1246 protegente
686 1197 857 1247 gratia.

340 1266 559 1308 Omnium
581 1274 708 1308 certe
743 1269 1014 1309 conciliauit
1045 1270 1243 1319 animos,
1281 1276 1329 1309 ut
1362 1270 1581 1321 pusillum
1613 1281 1809 1321 gregem
1837 1269 1900 1310 di-

261 1347 480 1390 scerpant
515 1347 559 1380 et
594 1340 882 1392 disperdant,
916 1341 1309 1392 quemadmodum
1341 1341 1476 1381 vobis
1511 1341 1667 1392 aliqua
1689 1353 1748 1381 ex
1769 1347 1901 1392 parte

259 1410 522 1451 innotuisse
544 1412 844 1452 arbitramur.
884 1411 1056 1453 Omnia
1082 1419 1238 1452 tamen
1275 1424 1357 1464 per
1386 1412 1475 1452 Dei
1509 1413 1714 1463 gratiam
1750 1412 1901 1453 adhuc

258 1482 444 1533 integra
465 1489 586 1523 sunt.
613 1483 747 1523 Mitto
769 1484 893 1535 quod
916 1491 1057 1524 antea
1080 1485 1144 1524 ita
1172 1484 1507 1524 commouisset
1543 1490 1587 1524 et
1621 1490 1839 1524 senatum
1859 1491 1903 1524 et

259 1554 519 1605 theologos,
534 1554 691 1604 vtjnon
706 1556 1037 1597 erubescerent
1054 1557 1211 1608 palam
1228 1563 1272 1596 et
1289 1556 1471 1606 publice
1487 1557 1783 1607 proclamare
1800 1567 1901 1603 nos,

258 1625 422 1677 flagris
442 1638 525 1678 per
546 1628 752 1678 compita
782 1639 963 1678 caesos,
1002 1627 1323 1679 profligandos
1354 1639 1470 1667 esse.
1510 1626 1600 1668 Sed
1628 1634 1673 1667 et
1703 1633 1800 1667 tum
1825 1628 1903 1679 qui

260 1698 388 1738 iuxta
417 1710 708 1739 summorum
728 1699 1006 1740 Pontificum
1034 1706 1212 1740 statuta
1243 1711 1403 1739 murus
1439 1710 1613 1739 aeneus
1640 1699 1775 1739 nobis
1802 1706 1902 1739 erat

258 1776 303 1809 et
326 1777 490 1810 contra
513 1782 676 1811 omnes
697 1771 923 1811 aduersas
945 1771 1206 1812 calumnias
1224 1783 1325 1811 esse
1347 1771 1587 1821 debuerat,
1612 1770 1730 1810 adeo
1753 1770 1901 1810 insen-

260 1853 362 1881 sum
383 1842 600 1893 reddidit,
623 1849 675 1882 vt
695 1854 789 1882 non
806 1844 961 1883 solum
983 1855 1076 1883 non
1100 1843 1420 1883 auxiliatrices
1439 1854 1606 1883 manus
1623 1841 1900 1887 exhibuerit,

258 1926 425 1954 verum
443 1921 487 1954 et
509 1920 705 1955 conatus
727 1921 917 1955 nostros
938 1921 983 1954 et
1014 1915 1278 1955 institutum
1316 1914 1527 1955 funditus
1562 1920 1605 1954 et
1627 1918 1838 1954 euertere
1860 1919 1903 1953 et

260 1985 414 2026 delere
449 1987 507 2026 sit
542 1993 757 2037 conatus;
798 1986 924 2038 quod
966 1998 1072 2026 cum
1112 1985 1286 2026 dudum
1326 1987 1419 2026 alta
1456 1991 1611 2026 mente
1645 1985 1901 2036 repositum

261 2064 551 2108 asseruaret,
591 2058 777 2098 tametsi
819 2058 1056 2098 multoties
1091 2057 1239 2097 variis
1274 2056 1555 2097 ostendisset
1596 2056 1903 2107 argumentis,

260 2129 469 2169 nondum
485 2136 643 2170 tamen
667 2135 901 2170 attentare
922 2128 1078 2169 fuerat
1100 2140 1260 2179 ausus,
1285 2128 1434 2168 donec
1452 2140 1502 2168 se
1532 2134 1757 2179 tanquam
1778 2127 1905 2167 inex-

260 2194 502 2252 pugnabili
523 2201 883 2252 propugnaculo
906 2200 1157 2241 sorbonica
1177 2211 1376 2240 censura
1394 2199 1678 2239 instructum
1691 2199 1902 2239 senserit.

261 2273 299 2314 T
303 2284 381 2313 um
401 2273 603 2321 demum,
624 2273 759 2324 quasi
778 2272 1073 2313 solidissimis
1094 2270 1412 2311 fundamentis
1439 2270 1644 2319 innixus,
1679 2269 1906 2310 aduersus

262 2345 469 2385 imbelles
491 2356 676 2384 omnem
696 2344 794 2384 vim
814 2354 948 2384 suam
969 2349 1109 2395 atque
1132 2343 1336 2383 alienam
1371 2341 1575 2393 experiri
1605 2352 1699 2381 non
1728 2340 1905 2381 dubita—

263 2416 344 2455 uit.
370 2415 545 2456 Contra
567 2416 639 2456 ius
661 2427 798 2456 omne
834 2416 880 2455 in
902 2415 974 2454 ius
997 2414 1320 2463 conuocandO,
1349 2413 1429 2453 vbi
1459 2424 1611 2464 neque
1648 2412 1721 2452 ius
1753 2413 1905 2452 locum

264 2489 411 2529 vllum
432 2488 609 2529 habuit.
636 2486 777 2538 Quid?
805 2487 1053 2539 pulchrum
1073 2485 1200 2526 enim
1220 2485 1305 2526 fuit
1332 2485 1431 2525 eius
1458 2483 1651 2524 vicariis
1680 2483 1904 2534 insontes,

265 2558 440 2600 indicta
462 2570 621 2604 causa,
646 2558 833 2611 probris
856 2557 1015 2597 statim
1048 2568 1103 2597 ac
1132 2556 1426 2596 contumeliis
1461 2566 1579 2607 pene
1610 2553 1803 2595 infinitis
1832 2566 1906 2594 ve-

264 2642 394 2682 xare,
419 2632 631 2671 lacerare
652 2642 708 2670 ac
730 2631 1013 2681 discerpere,
1035 2628 1326 2680 hypocritas,
1345 2626 1689 2677 schismaticos,
1709 2636 1907 2666 conuen-

265 2703 521 2753 ticularios,
553 2713 785 2742 nouarum
807 2707 1043 2742 sectarum
1071 2700 1296 2740 authores
1323 2698 1551 2739 vocitare.
1582 2697 1704 2749 Quid
1727 2697 1910 2749 postea?

267 2774 504 2814 Censuras
526 2773 876 2814 ecclesiasticas
897 2773 1021 2812 vltro
1043 2771 1254 2822 citroque
1275 2770 1540 2820 fulminare,
1565 2779 1807 2816 carcerem
1828 2767 1908 2808 mi-

266 2845 421 2895 nitari,
447 2851 491 2885 et
511 2845 814 2885 interminare
836 2855 942 2884 cum
963 2842 1291 2894 imploratione
1324 2852 1560 2881 armorum
1592 2839 1907 2880 saecularium

266 2927 324 2955 ne
342 2916 386 2955 in
408 2922 647 2966 posterum
668 2916 744 2956 vel
764 2915 1010 2966 religiosos
1030 2914 1106 2954 vel
1126 2913 1297 2953 fratres
1318 2923 1405 2952 nos
1427 2912 1690 2952 diceremus
1710 2916 1789 2949 aut
1810 2910 1903 2949 vllo

273 2993 413 3037 pacto
440 2986 699 3037 Religionis
734 2987 934 3026 sormam
972 2985 1331 3025 obseruaremus
1370 2983 1499 3023 iuxta
1535 2984 1673 3022 ritum
1704 2980 1902 3021 instituti

1929 2245 1953 2262 Ο
