2047 3179
213 143 286 181 682
732 143 960 182 LITTERAE
975 155 1334 189 QUADRJMESTRES

215 252 243 279 a
271 241 434 293 primis
466 241 530 291 (ut
564 241 748 292 dicitur)
780 242 1047 293 unguiculis
1077 242 1460 292 designauerant,
1496 241 1698 281 confessi
1729 247 1851 292 sunt3

213 312 279 352 ita
300 318 349 352 ut
372 324 464 352 non
485 313 567 353 abs
585 325 634 353 re
657 325 814 354 escam
831 314 1060 354 bonorum
1083 313 1426 353 confessionem
1444 313 1681 364 appellare
1702 313 1846 364 possi·

213 395 333 435 muS,
363 384 502 436 quod,
537 385 771 436 uidelicet,
808 396 864 425 ea
892 386 1104 425 homines
1137 384 1400 436 capiantur,
1429 390 1480 424 ut
1507 384 1648 424 harno
1679 384 1849 436 pisces.

214 455 414 496 Caetera
430 456 567 496 huius
594 457 783 508 generis
808 462 1069 508 praetereo,
1094 468 1181 496 nec
1203 467 1574 496 commemorare
1599 454 1852 506 aggredior

211 538 352 579 quam
376 528 522 577 multi,
558 540 584 567 a
612 527 807 579 perditis
835 528 1043 568 moribus
1072 527 1369 579 pessimaque
1396 526 1493 567 uita
1521 526 1747 576 reuocati,
1781 538 1848 566 sa-

213 605 561 639 cramentorum
590 599 822 651 praesidio
851 611 900 639 se
927 599 1161 649 muniant;
1193 599 1328 639 cuius
1355 598 1424 638 rei
1451 597 1851 638 euidentissimum

211 670 426 711 inditium
447 677 517 710 est
534 671 812 711 deuotorum
832 682 1055 710 numerus
1079 670 1243 721 maior,
1269 671 1347 722 qui
1369 669 1567 720 singulis
1588 668 1751 709 diebus
1774 668 1850 708 do-

210 742 395 782 minicis
418 743 477 782 ad
506 742 793 782 sacramenti
813 752 1024 782 mensam
1047 740 1291 782 accedunt.
1327 740 1544 791 Quidam,
1578 751 1684 780 cum
1706 740 1753 780 in
1775 751 1850 779 ex-

211 814 373 854 tremis
396 815 647 864 laboraret,
676 814 823 853 noluit
846 813 937 853 alio
959 824 1101 865 quam
1125 812 1252 853 Patri
1277 818 1441 852 nostro
1470 811 1695 862 confiteri3
1719 817 1850 851 tanto

210 895 326 936 erga
349 897 434 925 nos
456 896 617 925 amore
639 884 914 924 ducebatur.

292 956 396 996 Non
417 968 615 1008 paruam
637 967 821 1008 quoque
844 955 1007 996 eodem
1035 955 1138 1007 ipso
1167 962 1377 1006 tempore
1401 955 1660 1006 spiritalem
1682 953 1850 994 utilita-

210 1033 305 1068 tem
326 1028 582 1068 hauserunt
603 1028 753 1068 nostri
775 1027 1060 1067 scholastici.
1086 1026 1207 1066 Nam
1229 1037 1405 1077 omnes,
1431 1026 1599 1077 quibus
1621 1037 1702 1076 per
1725 1032 1849 1065 aeta·

210 1104 305 1139 tem
334 1099 477 1149 licuit,
509 1099 861 1139 sanctissimum
891 1098 1219 1138 Eucharistiae
1250 1097 1612 1138 Sacramentum
1641 1108 1850 1148 sumpse-

210 1177 320 1211 runt
341 1176 472 1211 tanta
495 1182 601 1210 cum
623 1170 869 1220 modestia,
893 1175 943 1209 ut
963 1181 1057 1209 non
1078 1168 1310 1210 defuerint
1328 1169 1406 1221 qui
1427 1168 1635 1208 dicerent
1651 1180 1850 1220 propen-

209 1243 360 1283 siores
382 1242 475 1282 iam
496 1254 667 1294 pueros
690 1241 749 1281 ad
770 1242 993 1281 uirtutem
1014 1253 1116 1282 esse
1138 1252 1281 1292 quam
1301 1252 1453 1281 senes.
1477 1240 1585 1280 Miri
1606 1251 1718 1279 sane
1741 1245 1848 1279 sunt

209 1325 510 1366 progressus,
535 1325 651 1365 quos
669 1325 776 1353 cum
792 1313 838 1352 in
856 1312 1003 1353 literis
1021 1318 1119 1352 tum
1136 1324 1249 1352 uero
1267 1312 1314 1352 in
1332 1311 1500 1363 spiritu
1516 1311 1709 1351 faciunt.
1727 1310 1847 1351 Nam

211 1392 261 1426 ut
283 1386 498 1426 omittam
520 1397 600 1425 eos
623 1384 821 1436 singulis
851 1384 1088 1424 mensibus
1119 1383 1345 1433 confiteri,
1377 1395 1561 1423 necnon
1588 1382 1847 1434 prouectio-

215 1469 290 1498 res
320 1457 610 1509 frequentius
640 1463 991 1497 sacramentum
1018 1457 1279 1507 suscipere3
1313 1461 1420 1495 sunt
1451 1455 1591 1495 etiam
1618 1454 1845 1504 nonnulli,

211 1530 292 1580 qui
326 1529 471 1569 diuini
506 1528 679 1569 amoris
714 1527 993 1568 inflammati
1021 1527 1277 1578 desiderio,
1306 1527 1492 1577 fratres,
1528 1537 1716 1566 sorores
1752 1525 1850 1576 (sed

210 1600 321 1652 quid
345 1601 449 1641 dico
471 1600 693 1650 sorores?)
723 1600 817 1640 imo
841 1606 886 1640 et
916 1605 1076 1651 patres
1096 1611 1206 1639 suos
1235 1599 1294 1639 ad
1322 1598 1550 1638 honorem
1581 1598 1848 1649 cultumque

210 1673 420 1712 diuinum
442 1673 761 1722 cohortentur;
784 1671 872 1711 hoc
894 1672 1062 1712 saltem
1084 1682 1228 1711 unum
1249 1681 1443 1722 possum
1463 1668 1759 1709 confirmare:
1780 1669 1846 1709 ui-

208 1755 313 1784 rum
335 1743 585 1796 quemdam
606 1750 859 1794 prouectae
886 1743 979 1782 iam
1010 1742 1178 1782 aetatis
1208 1742 1503 1793 increpatum
1526 1753 1551 1780 a
1578 1740 1724 1780 fratre
1747 1752 1845 1791 suo,

208 1816 289 1867 qui
322 1822 510 1855 nostras
546 1815 812 1867 frequentat
844 1815 1053 1865 scholas,
1096 1814 1219 1866 quod
1255 1813 1529 1854 chartarum
1565 1812 1673 1852 ludo
1708 1812 1847 1852 nimis

205 1892 420 1937 uacaret,
462 1886 624 1926 ludum
662 1886 876 1926 omisisse
909 1891 989 1926 aut
1023 1886 1190 1926 saltem
1222 1897 1248 1924 a
1281 1883 1390 1925 ludo
1418 1890 1666 1936 praesente
1702 1883 1847 1924 fratre

207 1958 507 1998 abstinuisse.

288 2029 406 2070 Tres
427 2031 636 2079 iuuenes,
662 2029 888 2069 absolutis
909 2029 1087 2080 primae
1108 2027 1433 2069 hebdomadae
1455 2027 1706 2078 exercitiis,
1727 2039 1848 2079 quae

207 2099 261 2141 R.
299 2101 349 2141 Ρ.
382 2109 541 2142 noster
567 2102 774 2155 Joannes
802 2102 1015 2152 Baptista
1049 2099 1057 2119 ¹
1081 2100 1148 2140 eis
1169 2100 1538 2150 ministrauerat‚
1563 2110 1610 2139 se
1632 2099 1849 2149 religioni

206 2179 398 2214 nostrae
421 2180 652 2213 uouerunt
674 2180 814 2224 atque
843 2172 1142 2222 dedicarunt;
1165 2178 1213 2211 at
1240 2171 1379 2211 Pater
1410 2176 1590 2221 noster,
1622 2170 1848 2222 optimum

207 2244 337 2285 factu
357 2251 489 2285 ratus
523 2245 563 2284 si
585 2256 746 2284 eorum
767 2244 1033 2295 ingressum
1063 2242 1290 2293 differret,
1313 2242 1461 2282 noluit
1489 2242 1647 2282 statim
1669 2241 1846 2282 aditum

207 2316 299 2356 illis
327 2316 577 2368 praebere,
608 2309 934 2367 donec'aliqua
957 2314 1252 2355 constantiae
1274 2326 1436 2354 eorum
1456 2314 1592 2364 signa
1613 2313 1844 2364 experire—

213 2393 310 2439 tur,
347 2394 558 2439 tempore
592 2387 715 2427 enim
751 2387 992 2438 ingenium
1027 2386 1230 2426 hominis
1267 2385 1560 2437 dignoscitur
1592 2391 1635 2424 et
1665 2384 1846 2435 turpius

208 2459 394 2499 eiicitur
413 2471 553 2510 quam
570 2470 663 2498 non
680 2458 941 2498 admittitur
958 2458 1144 2509 hospes.
1163 2456 1271 2508 Ipsi,
1291 2468 1474 2508 semper
1491 2456 1538 2495 in
1560 2455 1723 2495 eadem
1746 2466 1847 2495 sen-

209 2531 356 2571 tentia
385 2536 738 2582 permanentes,
767 2529 1048 2569 confitentur
1068 2528 1266 2579 singulis
1290 2527 1452 2568 diebus
1474 2526 1738 2567 dominicis.

289 2600 397 2641 Duo
425 2607 533 2641 sunt
564 2614 621 2641 ex
652 2602 825 2641 nostris
853 2599 1173 2650 scholasticis,
1207 2599 1287 2650 qui
1316 2604 1501 2650 praeter
1530 2605 1745 2638 caeteros
1779 2609 1846 2637 re-

208 2672 397 2723 ligionis
418 2679 607 2712 nostrae
636 2673 844 2712 habitum
873 2671 1066 2711 induere
1096 2682 1144 2710 se
1172 2670 1290 2709 uelle
1318 2668 1616 2730 profitentur,
1650 2680 1848 2720 quorum

210 2744 327 2783 alter
363 2756 388 2783 a
424 2743 520 2783 suis
556 2743 829 2795 impeditur,
863 2742 1114 2794 quominus
1146 2741 1242 2781 uoti
1263 2741 1336 2780 sui
1361 2740 1442 2781 fiat
1475 2751 1690 2791 compos;
1723 2739 1848 2790 quod

208 2813 400 2865 factum,
436 2815 658 2866 quoniam
690 2814 851 2854 auditu
883 2813 1137 2854 iucundum
1170 2812 1410 2862 existimo,
1434 2811 1620 2852 silentio
1643 2817 1850 2862 praeter-

264 2972 273 2993 ¹
312 2973 351 3001 P.
371 2973 519 3006 Joannes
535 2974 692 3008 Baptista
704 2974 818 3007 Viola,
835 2974 889 3008 qui
905 2973 1186 3008 superintendens
1202 2971 1345 3006 Collegi1
1360 2975 1451 2999 erat.
