2047 3179
172 148 243 185 654
690 147 918 184 LITTERAE
945 157 1307 191 QUADRiMEsTREs

171 246 340 293 ximus,
365 246 560 291 uenerit,
586 244 665 284 vbi
682 250 726 284 et
749 244 1026 284 concionem
1055 244 1251 293 audiuit,
1283 251 1328 284 et
1362 250 1467 295 post
1504 255 1706 295 pransus
1728 250 1821 295 est;

171 323 370 368 suntque
391 327 484 356 non
505 327 657 366 pauca
680 327 732 355 eo
757 315 830 356 die
852 327 878 355 a
900 315 1124 355 fratribus
1147 314 1321 354 nostris
1342 315 1389 354 in
1411 315 1510 354 eius
1538 314 1694 366 operis
1715 315 1817 355 lau-

173 389 278 429 dem
300 387 561 438 composita
586 386 812 437 carmina,
836 398 956 437 quae
986 397 1128 438 quam
1158 385 1356 437 Proregi
1382 385 1554 425 fuerint
1581 392 1719 435 grata
1744 385 1817 425 de-

171 459 369 500 clarauit
391 459 516 509 illud,
541 458 666 510 quod
686 457 1059 498 valetudinarius
1081 457 1180 508 ipse
1201 457 1397 496 libenter
1429 456 1612 496 audiret
1639 468 1816 496 memo-

172 531 286 571 riter
313 530 643 582 pronunciata,
672 535 718 569 et
753 530 929 579 legeret
965 528 1053 567 sibi
1089 528 1261 567 oblata.
1300 527 1371 567 De
1406 527 1462 567 iis
1496 527 1697 568 fortasse
1717 528 1821 578 plus

173 602 304 642 satis.

253 673 389 724 Quod
420 684 534 712 uero
557 671 615 711 ad
652 677 866 711 nostrum
899 670 1150 720 collegium
1189 676 1234 710 et
1262 670 1453 710 scholas
1482 676 1678 721 spectat,
1713 681 1820 710 cum

172 745 344 785 habeat
366 743 415 784 P.
453 744 504 784 T.
543 743 595 783 R.
635 742 822 782 Patrem
857 741 1186 793 Praepositum
1224 740 1250 792 ¹,
1290 741 1366 793 qui
1398 741 1556 781 omnia
1592 752 1821 792 praesens

172 814 442 867 significare
463 820 629 866 potest,
655 813 947 853 commodius
975 824 1048 852 me
1076 812 1311 852 facturum
1347 823 1451 852 sum
1487 812 1742 852 arbitratus
1781 812 1821 852 si

173 898 304 927 meas
324 887 366 926 ei
388 887 701 937 relinquerem
721 892 895 936 partes.
916 883 1008 924 Sed
1029 895 1086 923 ne
1108 883 1224 924 nihil
1245 883 1434 923 omnino
1466 883 1635 932 dicam,
1667 884 1819 923 nostri

173 958 337 998 Patres
371 957 459 1009 piis
486 969 571 1008 pro
607 968 736 996 more
771 955 992 995 insistunt
1028 955 1265 1006 operibus:
1300 955 1572 995 carceribus
1607 954 1822 994 detentos

173 1030 263 1081 piis
285 1028 619 1069 monitionibus
641 1040 668 1067 a
697 1032 1000 1079 peccatorum
1022 1038 1220 1066 carcere
1250 1026 1453 1066 liberare
1483 1026 1700 1066 omnibus
1730 1037 1823 1065 mo·

176 1101 247 1141 dis
282 1100 488 1140 student:
526 1099 715 1139 adstant
750 1097 891 1138 etiam
922 1097 1088 1138 crebro
1125 1096 1340 1148 infirmis,
1379 1109 1434 1137 ac
1469 1097 1709 1137 morituris
1730 1108 1824 1136 non

174 1172 340 1224 paucis
361 1171 660 1211 subueniunt.
681 1169 860 1210 Multae
882 1181 1066 1221 quoque
1088 1169 1270 1221 puellae
1294 1181 1351 1209 ex
1376 1169 1447 1218 iis,
1471 1181 1590 1220 quae
1611 1176 1824 1209 nostrum

175 1244 399 1294 templum
420 1242 737 1294 frequentant,
762 1252 895 1281 suam
917 1239 1020 1281 Deo
1037 1240 1365 1291 virginitatem
1386 1247 1742 1280 consecrarunt.

255 1315 338 1355 Est
360 1315 420 1354 ad
443 1326 530 1354 nos
567 1313 806 1354 Pontificis
843 1313 1051 1364 diploma
1087 1312 1356 1363 (iubilaeum
1392 1313 1535 1363 vulgo
1569 1312 1823 1363 appellant>

177 1387 386 1437 missum,
416 1386 542 1438 quod
563 1385 619 1425 R.
644 1384 691 1425 Ρ.
717 1383 980 1436 Praepositi
1001 1395 1117 1424 cura
1139 1384 1216 1424 hic
1253 1384 1532 1434 impressum
1569 1391 1652 1433 est,
1678 1390 1722 1423 et
1745 1395 1823 1435 pu>

177 1459 309 1508 blice‚
347 1458 411 1498 ita
449 1457 727 1508 rogantibus
754 1443 972 1496 Patribus
1007 1455 1314 1506 Conscriptis,
1342 1468 1367 1495 a
1387 1455 1439 1495 R.
1464 1455 1513 1495 P.
1533 1455 1824 1506 Hieronymo

176 1530 327 1571 Otello
348 1530 394 1570 in
416 1530 588 1580 templo
606 1528 773 1568 maiori
795 1529 966 1579 populo
989 1535 1059 1568 est
1079 1527 1458 1579 pronunciatum,
1492 1538 1582 1578 quo
1613 1534 1824 1578 tempore

176 1603 279 1653 plus
301 1602 453 1642 minus
475 1600 554 1640 600
574 1600 924 1640 sanctissimam
946 1611 1039 1640 una
1059 1599 1133 1639 die
1157 1599 1204 1639 in
1239 1605 1403 1639 nostro
1438 1600 1621 1650 templo
1646 1598 1712 1648 (vt
1733 1598 1825 1638 alia

178 1672 407 1723 omittam)
431 1684 673 1724 sumpsere
694 1671 1060 1712 Eucharistiam:
1084 1670 1208 1722 quod
1229 1682 1342 1710 uero
1365 1670 1423 1710 ad
1452 1671 1690 1717 lectiones,
1716 1681 1824 1709 con-

176 1745 405 1786 fessiones
433 1751 477 1784 et
515 1743 963 1784 communicantium
994 1742 1308 1794 frequentiam
1345 1749 1540 1794 spectat,
1578 1741 1701 1781 idem
1738 1747 1822 1791 est,

178 1817 255 1868 qui
276 1823 431 1867 antea,
456 1815 654 1856 fructus.

256 1886 348 1928 Sed
369 1899 426 1927 ne
444 1887 504 1934 id,
529 1887 652 1939 quod
673 1887 802 1926 initio
826 1886 1076 1926 dicendum
1098 1885 1196 1935 fuit,
1220 1891 1589 1936 praetereamuS,
1622 1883 1826 1936 profecti

174 1966 296 2010 sunt,
321 1960 400 2011 qui
422 1959 467 1999 in
489 1958 776 1999 Siracusano
798 1957 1009 2008 Collegio
1032 1958 1197 1997 lecturi
1221 1963 1343 2006 sunt,
1364 1967 1482 2008 quos
1516 1962 1751 2007 putamus,
1774 1962 1821 1994 vt

180 2031 554 2083 expectatissimi
585 2042 639 2070 eo
665 2036 915 2080 uenerunt,
939 2029 1004 2069 ita
1032 2040 1126 2068 non
1156 2028 1440 2068 mediocrem
1475 2027 1725 2067 Vtilitatem
1762 2026 1826 2065 iu-

180 2103 362 2144 uentuti
384 2101 716 2154 Syracusanae
746 2102 989 2141 allaturos.

258 2174 324 2215 Te
346 2175 551 2223 interim,
579 2172 741 2213 Rdein
764 2172 953 2213 Christo
988 2172 1143 2223 Pater,
1175 2172 1477 2212 uehementer
1498 2182 1737 2223 rogamus,
1773 2179 1823 2209 Vt

181 2245 382 2286 assiduis
405 2245 527 2296 apud
545 2244 697 2285 Deum
720 2244 937 2296 precibus
958 2243 1126 2284 efficiat
1149 2243 1198 2283 P.
1221 2243 1272 2283 T.
1308 2250 1358 2283 vt
1381 2255 1473 2283 non
1507 2243 1646 2282 modo
1668 2242 1714 2282 in
1736 2242 1825 2282 hoc

179 2317 502 2368 persistamus,
529 2327 668 2366 quem
685 2315 796 2363 dixi,
821 2315 1086 2355 animarum
1118 2314 1287 2365 fructu,
1326 2314 1409 2354 sed
1444 2315 1584 2354 etiam
1619 2312 1825 2353 vberiori

180 2400 287 2428 cum
308 2394 540 2439 prouentu
563 2387 609 2426 in
632 2394 874 2438 posterum
895 2397 1182 2426 crescamus.

260 2459 521 2508 Messanae,
552 2458 636 2498 159
660 2457 758 2498 Cal.
785 2457 1020 2508 Octobris,
1047 2469 1170 2497 anno
1194 2456 1384 2497 Domini
1411 2456 1526 2496 1555.

1016 2565 1311 2605 FRANmscus
1343 2563 1637 2604 STEPHANUS.

262 2744 372 2783 Alsa
394 2756 538 2783 mcmlt
560 2743 986 2794 superscriptsom‘s
1018 2742 1118 2782 loco
1155 2743 1203 2782 sn
1225 2742 1382 2782 altera
1396 2743 1603 2793 pagl‘na:
1624 2741 1829 2790 -rMessa

185 2814 381 2855 Ottobrc
404 2815 513 2866 (sse)
541 2815 655 2854 1555.

241 2975 248 2993 ¹
290 2973 464 3001 Evocatus
480 2974 623 3001 Romam
640 2973 750 3000 suerat
767 2974 869 3007 paulo
885 2978 964 3000 ante
981 2973 1015 3000 P.
1034 2972 1262 3009 Hieronymus
1279 2974 1488 3001 Domenech.
