<?xml version="1.0" encoding="UTF-8"?>
<!DOCTYPE html PUBLIC "-//W3C//DTD XHTML 1.0 Transitional//EN"
    "http://www.w3.org/TR/xhtml1/DTD/xhtml1-transitional.dtd">
<html xmlns="http://www.w3.org/1999/xhtml" xml:lang="en" lang="en">
 <head>
  <title>
</title>
<meta http-equiv="Content-Type" content="text/html;charset=utf-8" />
  <meta name='ocr-system' content='tesseract 3.04.00' />
  <meta name='ocr-capabilities' content='ocr_page ocr_carea ocr_par ocr_line ocrx_word'/>
</head>
<body>
  <div class='ocr_page' id='page_1' title='image "./litteraequadrime15lain_0467.png"; bbox 0 0 2047 3179; ppageno 0'>
   <div class='ocr_carea' id='block_1_1' title="bbox 877 160 1801 197">
    <p class='ocr_par' dir='ltr' id='par_1_1' title="bbox 877 160 1801 197">
     <span class='ocr_line' id='line_1_1' title="bbox 877 160 1801 197; baseline -0.001 0"><span class='ocrx_word' id='word_1_1' title='bbox 877 160 957 197; x_wconf 75' lang='lat' dir='ltr'>AN.</span> <span class='ocrx_word' id='word_1_2' title='bbox 989 160 1080 197; x_wconf 74' lang='lat'>1555</span> <span class='ocrx_word' id='word_1_3' title='bbox 1733 160 1801 197; x_wconf 67' lang='lat'>461</span> 
     </span>
    </p>
   </div>
   <div class='ocr_carea' id='block_1_2' title="bbox 777 609 1186 665">
    <p class='ocr_par' dir='ltr' id='par_1_2' title="bbox 777 609 1186 665">
     <span class='ocr_line' id='line_1_2' title="bbox 777 609 1186 665; baseline -0.012 0"><span class='ocrx_word' id='word_1_4' title='bbox 777 609 1186 665; x_wconf 83' lang='lat' dir='ltr'>CCCLXXXV</span> 
     </span>
    </p>
   </div>
   <div class='ocr_carea' id='block_1_3' title="bbox 240 846 1250 1089">
    <p class='ocr_par' dir='ltr' id='par_1_3' title="bbox 240 846 1250 1089">
     <span class='ocr_line' id='line_1_3' title="bbox 240 846 702 891; baseline 0.002 -9"><span class='ocrx_word' id='word_1_5' title='bbox 240 846 514 883; x_wconf 60' lang='lat' dir='ltr'>Fructuosus</span> <span class='ocrx_word' id='word_1_6' title='bbox 535 846 702 891; x_wconf 78' lang='lat' dir='ltr'>Andre,</span> 
     </span>
     <span class='ocr_line' id='line_1_4' title="bbox 302 909 1250 956; baseline -0.002 -8"><span class='ocrx_word' id='word_1_7' title='bbox 302 910 369 948; x_wconf 71' lang='lat' dir='ltr'>Ex</span> <span class='ocrx_word' id='word_1_8' title='bbox 387 911 708 948; x_wconf 71' lang='lat' dir='ltr'><em>commissione</em></span> <span class='ocrx_word' id='word_1_9' title='bbox 731 910 873 948; x_wconf 86' lang='lat' dir='ltr'>Patris</span> <span class='ocrx_word' id='word_1_10' title='bbox 895 910 1032 948; x_wconf 86' lang='lat' dir='ltr'>Marci</span> <span class='ocrx_word' id='word_1_11' title='bbox 1051 909 1250 956; x_wconf 72' lang='lat' dir='ltr'>Georgii,</span> 
     </span>
     <span class='ocr_line' id='line_1_5' title="bbox 338 976 929 1024; baseline -0.003 -10"><span class='ocrx_word' id='word_1_12' title='bbox 338 978 458 1015; x_wconf 86' lang='lat' dir='ltr'>Patri</span> <span class='ocrx_word' id='word_1_13' title='bbox 477 977 647 1024; x_wconf 80' lang='lat' dir='ltr'>Ignatio</span> <span class='ocrx_word' id='word_1_14' title='bbox 667 976 720 1014; x_wconf 88' lang='lat' dir='ltr'>de</span> <span class='ocrx_word' id='word_1_15' title='bbox 745 976 929 1023; x_wconf 85' lang='lat' dir='ltr'>Loyola.</span> 
     </span>
     <span class='ocr_line' id='line_1_6' title="bbox 385 1041 865 1089; baseline -0.006 -10"><span class='ocrx_word' id='word_1_16' title='bbox 385 1042 544 1085; x_wconf 83' lang='lat' dir='ltr'>Ebora,</span> <span class='ocrx_word' id='word_1_17' title='bbox 565 1041 588 1078; x_wconf 84' lang='lat'>2</span> <span class='ocrx_word' id='word_1_18' title='bbox 606 1041 709 1089; x_wconf 86' lang='lat' dir='ltr'>Maji</span> <span class='ocrx_word' id='word_1_19' title='bbox 731 1041 821 1078; x_wconf 78' lang='lat'>1555</span> <span class='ocrx_word' id='word_1_20' title='bbox 840 1041 865 1075; x_wconf 89' lang='lat'>¹.</span> 
     </span>
    </p>
   </div>
   <div class='ocr_carea' id='block_1_4' title="bbox 926 1189 1052 1282">
    <p class='ocr_par' dir='ltr' id='par_1_4' title="bbox 926 1189 1052 1282">
     <span class='ocr_line' id='line_1_7' title="bbox 926 1189 1052 1282; baseline -0.016 -9"><span class='ocrx_word' id='word_1_21' title='bbox 926 1189 1052 1282; x_wconf 39' lang='lat' dir='ltr'>Jhssls.</span> 
     </span>
    </p>
   </div>
   <div class='ocr_carea' id='block_1_5' title="bbox 170 1384 1820 2855">
    <p class='ocr_par' dir='ltr' id='par_1_5' title="bbox 568 1384 1410 1428">
     <span class='ocr_line' id='line_1_8' title="bbox 568 1384 1410 1428; baseline -0.005 0"><span class='ocrx_word' id='word_1_22' title='bbox 568 1387 835 1428; x_wconf 88' lang='lat' dir='ltr'>Admodum</span> <span class='ocrx_word' id='word_1_23' title='bbox 855 1385 958 1427; x_wconf 74' lang='lat' dir='ltr'>R.de</span> <span class='ocrx_word' id='word_1_24' title='bbox 983 1386 1029 1426; x_wconf 90' lang='lat' dir='ltr'>in</span> <span class='ocrx_word' id='word_1_25' title='bbox 1048 1385 1234 1426; x_wconf 84' lang='lat' dir='ltr'>Christo</span> <span class='ocrx_word' id='word_1_26' title='bbox 1257 1384 1410 1425; x_wconf 87' lang='lat' dir='ltr'>Pater.</span> 
     </span>
    </p>

    <p class='ocr_par' dir='ltr' id='par_1_6' title="bbox 174 1455 1811 1572">
     <span class='ocr_line' id='line_1_9' title="bbox 247 1455 1811 1509; baseline -0.005 -8"><span class='ocrx_word' id='word_1_27' title='bbox 247 1460 413 1502; x_wconf 78' lang='lat' dir='ltr'>Gratia</span> <span class='ocrx_word' id='word_1_28' title='bbox 435 1466 479 1499; x_wconf 87' lang='lat' dir='ltr'>et</span> <span class='ocrx_word' id='word_1_29' title='bbox 500 1470 632 1498; x_wconf 92' lang='lat' dir='ltr'>amor</span> <span class='ocrx_word' id='word_1_30' title='bbox 654 1457 842 1498; x_wconf 82' lang='lat' dir='ltr'>Domini</span> <span class='ocrx_word' id='word_1_31' title='bbox 863 1457 1012 1497; x_wconf 79' lang='lat' dir='ltr'>nostri</span> <span class='ocrx_word' id='word_1_32' title='bbox 1031 1456 1142 1509; x_wconf 87' lang='lat' dir='ltr'>Jesu</span> <span class='ocrx_word' id='word_1_33' title='bbox 1164 1455 1337 1496; x_wconf 76' lang='lat' dir='ltr'>Christi</span> <span class='ocrx_word' id='word_1_34' title='bbox 1354 1455 1413 1495; x_wconf 86' lang='lat' dir='ltr'>sit</span> <span class='ocrx_word' id='word_1_35' title='bbox 1429 1466 1614 1506; x_wconf 90' lang='lat' dir='ltr'>semper</span> <span class='ocrx_word' id='word_1_36' title='bbox 1643 1455 1690 1494; x_wconf 88' lang='lat' dir='ltr'>in</span> <span class='ocrx_word' id='word_1_37' title='bbox 1713 1466 1811 1494; x_wconf 85' lang='lat' dir='ltr'>ani-</span> 
     </span>
     <span class='ocr_line' id='line_1_10' title="bbox 174 1529 664 1572; baseline -0.006 0"><span class='ocrx_word' id='word_1_38' title='bbox 174 1532 262 1572; x_wconf 91' lang='lat' dir='ltr'>mis</span> <span class='ocrx_word' id='word_1_39' title='bbox 282 1531 474 1572; x_wconf 88' lang='lat' dir='ltr'>nostris.</span> <span class='ocrx_word' id='word_1_40' title='bbox 497 1529 664 1570; x_wconf 87' lang='lat' dir='ltr'>Amen.</span> 
     </span>
    </p>

    <p class='ocr_par' dir='ltr' id='par_1_7' title="bbox 170 1597 1813 2352">
     <span class='ocr_line' id='line_1_11' title="bbox 247 1597 1812 1654; baseline -0.004 -12"><span class='ocrx_word' id='word_1_41' title='bbox 247 1602 382 1654; x_wconf 85' lang='lat' dir='ltr'>Quod</span> <span class='ocrx_word' id='word_1_42' title='bbox 402 1601 602 1653; x_wconf 90' lang='lat' dir='ltr'>primum</span> <span class='ocrx_word' id='word_1_43' title='bbox 624 1599 682 1640; x_wconf 86' lang='lat' dir='ltr'>ad</span> <span class='ocrx_word' id='word_1_44' title='bbox 704 1606 748 1640; x_wconf 87' lang='lat' dir='ltr'>te</span> <span class='ocrx_word' id='word_1_45' title='bbox 769 1599 987 1650; x_wconf 89' lang='lat' dir='ltr'>scribam,</span> <span class='ocrx_word' id='word_1_46' title='bbox 1010 1598 1110 1639; x_wconf 48' lang='grc' dir='ltr'>Κάρ·</span> <span class='ocrx_word' id='word_1_47' title='bbox 1137 1598 1204 1649; x_wconf 69' lang='lat' dir='ltr'>P.y</span> <span class='ocrx_word' id='word_1_48' title='bbox 1228 1597 1340 1638; x_wconf 86' lang='lat' dir='ltr'>illud</span> <span class='ocrx_word' id='word_1_49' title='bbox 1361 1599 1463 1648; x_wconf 89' lang='lat' dir='ltr'>erit,</span> <span class='ocrx_word' id='word_1_50' title='bbox 1489 1608 1606 1649; x_wconf 88' lang='lat' dir='ltr'>quos</span> <span class='ocrx_word' id='word_1_51' title='bbox 1634 1597 1681 1636; x_wconf 91' lang='lat' dir='ltr'>in</span> <span class='ocrx_word' id='word_1_52' title='bbox 1719 1597 1812 1648; x_wconf 89' lang='lat' dir='ltr'>spi-</span> 
     </span>
     <span class='ocr_line' id='line_1_12' title="bbox 174 1668 1810 1725; baseline -0.004 -11"><span class='ocrx_word' id='word_1_53' title='bbox 174 1674 266 1714; x_wconf 88' lang='lat' dir='ltr'>ritu</span> <span class='ocrx_word' id='word_1_54' title='bbox 286 1680 536 1725; x_wconf 87' lang='lat' dir='ltr'>patresque</span> <span class='ocrx_word' id='word_1_55' title='bbox 558 1683 613 1711; x_wconf 88' lang='lat' dir='ltr'>ac</span> <span class='ocrx_word' id='word_1_56' title='bbox 635 1671 806 1711; x_wconf 87' lang='lat' dir='ltr'>fratres</span> <span class='ocrx_word' id='word_1_57' title='bbox 840 1670 1035 1710; x_wconf 76' lang='lat' dir='ltr'>fecerint</span> <span class='ocrx_word' id='word_1_58' title='bbox 1070 1680 1366 1720; x_wconf 82' lang='lat' dir='ltr'>progressus.</span> <span class='ocrx_word' id='word_1_59' title='bbox 1404 1669 1596 1710; x_wconf 87' lang='lat' dir='ltr'>Utinam</span> <span class='ocrx_word' id='word_1_60' title='bbox 1638 1668 1810 1708; x_wconf 88' lang='lat' dir='ltr'>scirem</span> 
     </span>
     <span class='ocr_line' id='line_1_13' title="bbox 170 1739 1812 1797; baseline -0.004 -12"><span class='ocrx_word' id='word_1_61' title='bbox 170 1743 499 1797; x_wconf 84' lang='lat' dir='ltr'>quoquomodo</span> <span class='ocrx_word' id='word_1_62' title='bbox 517 1742 780 1794; x_wconf 80' lang='lat' dir='ltr'>exprimere</span> <span class='ocrx_word' id='word_1_63' title='bbox 803 1740 1035 1791; x_wconf 70' lang='lat' dir='ltr'>ardorem,</span> <span class='ocrx_word' id='word_1_64' title='bbox 1067 1740 1361 1791; x_wconf 86' lang='lat' dir='ltr'>charitatem,</span> <span class='ocrx_word' id='word_1_65' title='bbox 1392 1740 1615 1791; x_wconf 88' lang='lat' dir='ltr'>propriae</span> <span class='ocrx_word' id='word_1_66' title='bbox 1650 1739 1812 1779; x_wconf 92' lang='lat' dir='ltr'>uolun-</span> 
     </span>
     <span class='ocr_line' id='line_1_14' title="bbox 171 1811 1812 1866; baseline -0.004 -10"><span class='ocrx_word' id='word_1_67' title='bbox 171 1816 282 1856; x_wconf 88' lang='lat' dir='ltr'>tatis</span> <span class='ocrx_word' id='word_1_68' title='bbox 303 1814 679 1866; x_wconf 80' lang='lat' dir='ltr'>abnegationem,</span> <span class='ocrx_word' id='word_1_69' title='bbox 704 1824 822 1864; x_wconf 90' lang='lat' dir='ltr'>quae</span> <span class='ocrx_word' id='word_1_70' title='bbox 844 1812 891 1851; x_wconf 89' lang='lat' dir='ltr'>in</span> <span class='ocrx_word' id='word_1_71' title='bbox 911 1811 1126 1852; x_wconf 87' lang='lat' dir='ltr'>omnibus</span> <span class='ocrx_word' id='word_1_72' title='bbox 1155 1816 1425 1861; x_wconf 87' lang='lat' dir='ltr'>cernuntur,</span> <span class='ocrx_word' id='word_1_73' title='bbox 1458 1822 1551 1850; x_wconf 87' lang='lat' dir='ltr'>una</span> <span class='ocrx_word' id='word_1_74' title='bbox 1582 1821 1688 1850; x_wconf 90' lang='lat' dir='ltr'>cum</span> <span class='ocrx_word' id='word_1_75' title='bbox 1719 1815 1812 1849; x_wconf 92' lang='lat' dir='ltr'>stu-</span> 
     </span>
     <span class='ocr_line' id='line_1_15' title="bbox 173 1880 1813 1937; baseline -0.004 -10"><span class='ocrx_word' id='word_1_76' title='bbox 173 1887 248 1927; x_wconf 90' lang='lat' dir='ltr'>dio</span> <span class='ocrx_word' id='word_1_77' title='bbox 277 1886 481 1937; x_wconf 81' lang='lat' dir='ltr'>quodam</span> <span class='ocrx_word' id='word_1_78' title='bbox 520 1891 658 1936; x_wconf 82' lang='lat' dir='ltr'>atque</span> <span class='ocrx_word' id='word_1_79' title='bbox 696 1883 852 1923; x_wconf 89' lang='lat' dir='ltr'>animo</span> <span class='ocrx_word' id='word_1_80' title='bbox 893 1882 1144 1933; x_wconf 88' lang='lat' dir='ltr'>seruiendi,</span> <span class='ocrx_word' id='word_1_81' title='bbox 1183 1893 1239 1922; x_wconf 91' lang='lat' dir='ltr'>ac</span> <span class='ocrx_word' id='word_1_82' title='bbox 1274 1882 1448 1922; x_wconf 84' lang='lat' dir='ltr'>multos</span> <span class='ocrx_word' id='word_1_83' title='bbox 1488 1881 1689 1931; x_wconf 86' lang='lat' dir='ltr'>labores,</span> <span class='ocrx_word' id='word_1_84' title='bbox 1723 1880 1813 1920; x_wconf 88' lang='lat' dir='ltr'>Dei</span> 
     </span>
     <span class='ocr_line' id='line_1_16' title="bbox 172 1951 1811 2004; baseline -0.004 -7"><span class='ocrx_word' id='word_1_85' title='bbox 172 1957 412 1998; x_wconf 87' lang='lat' dir='ltr'>Creatoris</span> <span class='ocrx_word' id='word_1_86' title='bbox 447 1955 595 1996; x_wconf 79' lang='lat' dir='ltr'>nostri</span> <span class='ocrx_word' id='word_1_87' title='bbox 613 1965 770 2004; x_wconf 89' lang='lat' dir='ltr'>causa,</span> <span class='ocrx_word' id='word_1_88' title='bbox 808 1953 1056 2003; x_wconf 88' lang='lat' dir='ltr'>tolerandi,</span> <span class='ocrx_word' id='word_1_89' title='bbox 1097 1959 1236 2004; x_wconf 90' lang='lat' dir='ltr'>atque</span> <span class='ocrx_word' id='word_1_90' title='bbox 1272 1952 1388 1992; x_wconf 90' lang='lat' dir='ltr'>adeo</span> <span class='ocrx_word' id='word_1_91' title='bbox 1426 1951 1737 1992; x_wconf 87' lang='lat' dir='ltr'>obedientiam</span> <span class='ocrx_word' id='word_1_92' title='bbox 1767 1957 1811 1990; x_wconf 92' lang='lat' dir='ltr'>et</span> 
     </span>
     <span class='ocr_line' id='line_1_17' title="bbox 171 2022 1810 2076; baseline -0.005 -7"><span class='ocrx_word' id='word_1_93' title='bbox 171 2028 528 2069; x_wconf 86' lang='lat' dir='ltr'>submissionem</span> <span class='ocrx_word' id='word_1_94' title='bbox 549 2025 706 2074; x_wconf 88' lang='lat' dir='ltr'>animi,</span> <span class='ocrx_word' id='word_1_95' title='bbox 730 2036 836 2076; x_wconf 82' lang='lat' dir='ltr'>qua,</span> <span class='ocrx_word' id='word_1_96' title='bbox 861 2029 1052 2075; x_wconf 90' lang='lat' dir='ltr'>propter</span> <span class='ocrx_word' id='word_1_97' title='bbox 1082 2022 1296 2063; x_wconf 87' lang='lat' dir='ltr'>eumdem</span> <span class='ocrx_word' id='word_1_98' title='bbox 1327 2022 1595 2071; x_wconf 89' lang='lat' dir='ltr'>Dominum,</span> <span class='ocrx_word' id='word_1_99' title='bbox 1626 2033 1712 2061; x_wconf 91' lang='lat' dir='ltr'>nos</span> <span class='ocrx_word' id='word_1_100' title='bbox 1734 2033 1810 2061; x_wconf 86' lang='lat' dir='ltr'>su-</span> 
     </span>
     <span class='ocr_line' id='line_1_18' title="bbox 173 2093 1812 2151; baseline -0.004 -12"><span class='ocrx_word' id='word_1_101' title='bbox 173 2100 383 2151; x_wconf 90' lang='lat' dir='ltr'>periores</span> <span class='ocrx_word' id='word_1_102' title='bbox 405 2099 563 2138; x_wconf 88' lang='lat' dir='ltr'>colunt</span> <span class='ocrx_word' id='word_1_103' title='bbox 585 2102 630 2136; x_wconf 86' lang='lat' dir='ltr'>et</span> <span class='ocrx_word' id='word_1_104' title='bbox 651 2096 916 2146; x_wconf 84' lang='lat' dir='ltr'>obseruant,</span> <span class='ocrx_word' id='word_1_105' title='bbox 951 2095 1121 2144; x_wconf 90' lang='lat' dir='ltr'>omnia,</span> <span class='ocrx_word' id='word_1_106' title='bbox 1156 2093 1257 2134; x_wconf 90' lang='lat' dir='ltr'>Deo</span> <span class='ocrx_word' id='word_1_107' title='bbox 1279 2093 1449 2144; x_wconf 84' lang='lat' dir='ltr'>gratia,</span> <span class='ocrx_word' id='word_1_108' title='bbox 1481 2098 1741 2144; x_wconf 82' lang='lat' dir='ltr'>augescunt</span> <span class='ocrx_word' id='word_1_109' title='bbox 1765 2093 1812 2132; x_wconf 90' lang='lat' dir='ltr'>in</span> 
     </span>
     <span class='ocr_line' id='line_1_19' title="bbox 173 2163 1813 2221; baseline -0.005 -10"><span class='ocrx_word' id='word_1_110' title='bbox 173 2170 272 2211; x_wconf 89' lang='lat' dir='ltr'>dies</span> <span class='ocrx_word' id='word_1_111' title='bbox 292 2169 444 2221; x_wconf 81' lang='lat' dir='ltr'>magis</span> <span class='ocrx_word' id='word_1_112' title='bbox 467 2174 605 2220; x_wconf 85' lang='lat' dir='ltr'>atque</span> <span class='ocrx_word' id='word_1_113' title='bbox 627 2167 795 2217; x_wconf 80' lang='lat' dir='ltr'>magis,</span> <span class='ocrx_word' id='word_1_114' title='bbox 818 2177 1036 2218; x_wconf 87' lang='lat' dir='ltr'>nouaque</span> <span class='ocrx_word' id='word_1_115' title='bbox 1066 2165 1261 2205; x_wconf 88' lang='lat' dir='ltr'>subinde</span> <span class='ocrx_word' id='word_1_116' title='bbox 1289 2163 1599 2216; x_wconf 89' lang='lat' dir='ltr'>promouendi</span> <span class='ocrx_word' id='word_1_117' title='bbox 1635 2163 1813 2204; x_wconf 88' lang='lat' dir='ltr'>deside-</span> 
     </span>
     <span class='ocr_line' id='line_1_20' title="bbox 174 2234 1811 2289; baseline -0.005 -8"><span class='ocrx_word' id='word_1_118' title='bbox 174 2242 245 2281; x_wconf 90' lang='lat' dir='ltr'>ria</span> <span class='ocrx_word' id='word_1_119' title='bbox 268 2239 603 2289; x_wconf 85' lang='lat' dir='ltr'>accenduntur;</span> <span class='ocrx_word' id='word_1_120' title='bbox 627 2237 847 2289; x_wconf 85' lang='lat' dir='ltr'>quoniam</span> <span class='ocrx_word' id='word_1_121' title='bbox 864 2236 992 2276; x_wconf 91' lang='lat' dir='ltr'>Deus</span> <span class='ocrx_word' id='word_1_122' title='bbox 1011 2236 1218 2276; x_wconf 92' lang='lat' dir='ltr'>omnium</span> <span class='ocrx_word' id='word_1_123' title='bbox 1235 2241 1400 2275; x_wconf 82' lang='lat' dir='ltr'>auctor</span> <span class='ocrx_word' id='word_1_124' title='bbox 1418 2240 1501 2285; x_wconf 88' lang='lat' dir='ltr'>est,</span> <span class='ocrx_word' id='word_1_125' title='bbox 1522 2235 1561 2274; x_wconf 90' lang='lat' dir='ltr'>is</span> <span class='ocrx_word' id='word_1_126' title='bbox 1580 2245 1701 2275; x_wconf 87' lang='lat' dir='ltr'>unus</span> <span class='ocrx_word' id='word_1_127' title='bbox 1717 2234 1811 2273; x_wconf 92' lang='lat' dir='ltr'>lau-</span> 
     </span>
     <span class='ocr_line' id='line_1_21' title="bbox 178 2313 325 2352; baseline -0.007 0"><span class='ocrx_word' id='word_1_128' title='bbox 178 2313 325 2352; x_wconf 89' lang='lat' dir='ltr'>detur.</span> 
     </span>
    </p>

    <p class='ocr_par' dir='ltr' id='par_1_8' title="bbox 175 2375 1820 2855">
     <span class='ocr_line' id='line_1_22' title="bbox 253 2375 1807 2433; baseline -0.004 -11"><span class='ocrx_word' id='word_1_129' title='bbox 253 2381 324 2422; x_wconf 92' lang='lat' dir='ltr'>De</span> <span class='ocrx_word' id='word_1_130' title='bbox 346 2381 546 2433; x_wconf 88' lang='lat' dir='ltr'>spiritali</span> <span class='ocrx_word' id='word_1_131' title='bbox 566 2380 733 2428; x_wconf 80' lang='lat' dir='ltr'>fructu,</span> <span class='ocrx_word' id='word_1_132' title='bbox 759 2389 896 2430; x_wconf 87' lang='lat' dir='ltr'>quem</span> <span class='ocrx_word' id='word_1_133' title='bbox 917 2377 1144 2418; x_wconf 88' lang='lat' dir='ltr'>Dominus</span> <span class='ocrx_word' id='word_1_134' title='bbox 1166 2377 1485 2429; x_wconf 84' lang='lat' dir='ltr'>superioribus</span> <span class='ocrx_word' id='word_1_135' title='bbox 1512 2375 1537 2415; x_wconf 80' lang='grc'>4</span> <span class='ocrx_word' id='word_1_136' title='bbox 1568 2376 1807 2416; x_wconf 85' lang='lat' dir='ltr'>mensibus</span> 
     </span>
     <span class='ocr_line' id='line_1_23' title="bbox 175 2447 1814 2504; baseline -0.004 -11"><span class='ocrx_word' id='word_1_137' title='bbox 175 2452 403 2504; x_wconf 83' lang='lat' dir='ltr'>proximis</span> <span class='ocrx_word' id='word_1_138' title='bbox 420 2463 503 2503; x_wconf 91' lang='lat' dir='ltr'>per</span> <span class='ocrx_word' id='word_1_139' title='bbox 519 2450 657 2490; x_wconf 89' lang='lat' dir='ltr'>huius</span> <span class='ocrx_word' id='word_1_140' title='bbox 678 2448 873 2500; x_wconf 87' lang='lat' dir='ltr'>Collegii</span> <span class='ocrx_word' id='word_1_141' title='bbox 894 2448 1136 2499; x_wconf 89' lang='lat' dir='ltr'>operarios</span> <span class='ocrx_word' id='word_1_142' title='bbox 1158 2454 1399 2499; x_wconf 89' lang='lat' dir='ltr'>praestare</span> <span class='ocrx_word' id='word_1_143' title='bbox 1418 2448 1578 2497; x_wconf 86' lang='lat' dir='ltr'>uoluit,</span> <span class='ocrx_word' id='word_1_144' title='bbox 1603 2453 1653 2487; x_wconf 87' lang='lat' dir='ltr'>ut</span> <span class='ocrx_word' id='word_1_145' title='bbox 1673 2447 1814 2498; x_wconf 89' lang='lat' dir='ltr'>parti-</span> 
     </span>
     <span class='ocr_line' id='line_1_24' title="bbox 176 2516 1816 2572; baseline -0.003 -9"><span class='ocrx_word' id='word_1_146' title='bbox 176 2523 368 2563; x_wconf 80' lang='lat' dir='ltr'>culatim</span> <span class='ocrx_word' id='word_1_147' title='bbox 391 2522 450 2562; x_wconf 87' lang='lat' dir='ltr'>ad</span> <span class='ocrx_word' id='word_1_148' title='bbox 470 2528 531 2572; x_wconf 90' lang='lat' dir='ltr'>te,</span> <span class='ocrx_word' id='word_1_149' title='bbox 557 2520 659 2561; x_wconf 65' lang='lat' dir='ltr'>Rde</span> <span class='ocrx_word' id='word_1_150' title='bbox 683 2520 749 2570; x_wconf 84' lang='lat' dir='ltr'>P.‚</span> <span class='ocrx_word' id='word_1_151' title='bbox 774 2519 1131 2571; x_wconf 82' lang='lat' dir='ltr'>perscriberem,</span> <span class='ocrx_word' id='word_1_152' title='bbox 1156 2519 1477 2559; x_wconf 89' lang='lat' dir='ltr'>necessarium</span> <span class='ocrx_word' id='word_1_153' title='bbox 1499 2516 1654 2570; x_wconf 85' lang='lat' dir='ltr'>ess[et]</span> <span class='ocrx_word' id='word_1_154' title='bbox 1678 2519 1816 2570; x_wconf 90' lang='lat' dir='ltr'>plane</span> 
     </span>
     <span class='ocr_line' id='line_1_25' title="bbox 176 2589 1818 2646; baseline -0.002 -12"><span class='ocrx_word' id='word_1_155' title='bbox 176 2594 387 2646; x_wconf 87' lang='lat' dir='ltr'>pluribus</span> <span class='ocrx_word' id='word_1_156' title='bbox 409 2593 544 2633; x_wconf 86' lang='lat' dir='ltr'>solito</span> <span class='ocrx_word' id='word_1_157' title='bbox 567 2603 723 2643; x_wconf 80' lang='lat' dir='ltr'>agere.</span> <span class='ocrx_word' id='word_1_158' title='bbox 751 2590 840 2631; x_wconf 91' lang='lat' dir='ltr'>Tot</span> <span class='ocrx_word' id='word_1_159' title='bbox 862 2590 1089 2630; x_wconf 87' lang='lat' dir='ltr'>beneficia</span> <span class='ocrx_word' id='word_1_160' title='bbox 1124 2589 1253 2631; x_wconf 88' lang='lat' dir='ltr'>Deus</span> <span class='ocrx_word' id='word_1_161' title='bbox 1289 2589 1522 2630; x_wconf 89' lang='lat' dir='ltr'>Dominus</span> <span class='ocrx_word' id='word_1_162' title='bbox 1558 2595 1716 2630; x_wconf 86' lang='lat' dir='ltr'>noster</span> <span class='ocrx_word' id='word_1_163' title='bbox 1738 2589 1818 2630; x_wconf 88' lang='lat' dir='ltr'>dat</span> 
     </span>
     <span class='ocr_line' id='line_1_26' title="bbox 177 2660 1814 2713; baseline -0.005 -8"><span class='ocrx_word' id='word_1_164' title='bbox 177 2665 349 2712; x_wconf 83' lang='lat' dir='ltr'>multis,</span> <span class='ocrx_word' id='word_1_165' title='bbox 374 2670 422 2704; x_wconf 93' lang='lat' dir='ltr'>ut</span> <span class='ocrx_word' id='word_1_166' title='bbox 445 2663 586 2704; x_wconf 87' lang='lat' dir='ltr'>scribi</span> <span class='ocrx_word' id='word_1_167' title='bbox 609 2675 635 2702; x_wconf 90' lang='lat' dir='ltr'>a</span> <span class='ocrx_word' id='word_1_168' title='bbox 657 2673 729 2702; x_wconf 92' lang='lat' dir='ltr'>me</span> <span class='ocrx_word' id='word_1_169' title='bbox 748 2668 828 2702; x_wconf 89' lang='lat' dir='ltr'>aut</span> <span class='ocrx_word' id='word_1_170' title='bbox 851 2661 942 2702; x_wconf 86' lang='lat' dir='ltr'>dici</span> <span class='ocrx_word' id='word_1_171' title='bbox 959 2662 1039 2701; x_wconf 83' lang='lat' dir='ltr'>uix</span> <span class='ocrx_word' id='word_1_172' title='bbox 1058 2663 1150 2701; x_wconf 91' lang='lat' dir='ltr'>ullo</span> <span class='ocrx_word' id='word_1_173' title='bbox 1169 2660 1305 2701; x_wconf 88' lang='lat' dir='ltr'>modo</span> <span class='ocrx_word' id='word_1_174' title='bbox 1319 2662 1515 2713; x_wconf 90' lang='lat' dir='ltr'>possint.</span> <span class='ocrx_word' id='word_1_175' title='bbox 1534 2661 1663 2701; x_wconf 91' lang='lat' dir='ltr'>Deus</span> <span class='ocrx_word' id='word_1_176' title='bbox 1679 2660 1814 2701; x_wconf 89' lang='lat' dir='ltr'>bone!</span> 
     </span>
     <span class='ocr_line' id='line_1_27' title="bbox 177 2732 1817 2788; baseline -0.003 -12"><span class='ocrx_word' id='word_1_177' title='bbox 177 2747 316 2788; x_wconf 87' lang='lat' dir='ltr'>quam</span> <span class='ocrx_word' id='word_1_178' title='bbox 338 2735 470 2775; x_wconf 75' lang='lat' dir='ltr'>multi</span> <span class='ocrx_word' id='word_1_179' title='bbox 491 2735 630 2774; x_wconf 83' lang='lat' dir='ltr'>aliam</span> <span class='ocrx_word' id='word_1_180' title='bbox 653 2733 777 2773; x_wconf 75' lang='lat' dir='ltr'>vitae</span> <span class='ocrx_word' id='word_1_181' title='bbox 799 2732 1033 2772; x_wconf 85' lang='lat' dir='ltr'>rationem</span> <span class='ocrx_word' id='word_1_182' title='bbox 1055 2732 1303 2772; x_wconf 88' lang='lat' dir='ltr'>instituunt</span> <span class='ocrx_word' id='word_1_183' title='bbox 1327 2733 1385 2772; x_wconf 91' lang='lat' dir='ltr'>ab</span> <span class='ocrx_word' id='word_1_184' title='bbox 1409 2733 1484 2772; x_wconf 81' lang='lat' dir='ltr'>illa</span> <span class='ocrx_word' id='word_1_185' title='bbox 1517 2732 1817 2783; x_wconf 83' lang='lat' dir='ltr'>negligentis-</span> 
     </span>
     <span class='ocr_line' id='line_1_28' title="bbox 177 2803 1820 2855; baseline -0.002 -8"><span class='ocrx_word' id='word_1_186' title='bbox 177 2807 296 2847; x_wconf 86' lang='lat' dir='ltr'>sima</span> <span class='ocrx_word' id='word_1_187' title='bbox 332 2818 386 2845; x_wconf 91' lang='lat' dir='ltr'>ac</span> <span class='ocrx_word' id='word_1_188' title='bbox 422 2805 721 2853; x_wconf 77' lang='lat' dir='ltr'>solutissimn‚</span> <span class='ocrx_word' id='word_1_189' title='bbox 759 2815 899 2855; x_wconf 75' lang='lat' dir='ltr'>quam</span> <span class='ocrx_word' id='word_1_190' title='bbox 937 2810 1074 2843; x_wconf 85' lang='lat' dir='ltr'>antea</span> <span class='ocrx_word' id='word_1_191' title='bbox 1104 2811 1352 2855; x_wconf 80' lang='lat' dir='ltr'>sequentes</span> <span class='ocrx_word' id='word_1_192' title='bbox 1390 2804 1456 2843; x_wconf 86' lang='lat' dir='ltr'>sic</span> <span class='ocrx_word' id='word_1_193' title='bbox 1489 2803 1687 2843; x_wconf 82' lang='lat' dir='ltr'>daemon</span> <span class='ocrx_word' id='word_1_194' title='bbox 1722 2803 1820 2843; x_wconf 84' lang='lat' dir='ltr'>suis</span> 
     </span>
    </p>
   </div>
   <div class='ocr_carea' id='block_1_6' title="bbox 237 2962 1052 3000">
    <p class='ocr_par' dir='ltr' id='par_1_9' title="bbox 237 2962 1052 3000">
     <span class='ocr_line' id='line_1_29' title="bbox 237 2962 1052 3000; baseline -0.006 -6"><span class='ocrx_word' id='word_1_195' title='bbox 237 2966 246 2986; x_wconf 80' lang='lat'>¹</span> <span class='ocrx_word' id='word_1_196' title='bbox 285 2965 535 3000; x_wconf 77' lang='lat' dir='ltr'>Autographae</span> <span class='ocrx_word' id='word_1_197' title='bbox 554 2963 680 2998; x_wconf 83' lang='lat' dir='ltr'>duplici</span> <span class='ocrx_word' id='word_1_198' title='bbox 696 2964 786 2996; x_wconf 74' lang='lat' dir='ltr'>solio,</span> <span class='ocrx_word' id='word_1_199' title='bbox 808 2970 860 2990; x_wconf 88' lang='lat' dir='ltr'>nn.</span> <span class='ocrx_word' id='word_1_200' title='bbox 877 2962 929 2989; x_wconf 77' lang='lat'>626</span> <span class='ocrx_word' id='word_1_201' title='bbox 945 2967 977 2990; x_wconf 82' lang='lat' dir='ltr'>et</span> <span class='ocrx_word' id='word_1_202' title='bbox 992 2962 1052 2989; x_wconf 78' lang='lat'>627.</span> 
     </span>
    </p>
   </div>
  </div>
 </body>
</html>
