2047 3179
907 136 989 173 ΑΝ.
1021 136 1113 173 1554
1771 136 1837 174 139

200 236 405 286 placere,
425 234 501 286 qui
523 245 719 275 vxorem
740 244 924 285 quoque
941 232 1141 272 habebat
1158 231 1470 282 superstitem,
1497 243 1601 270 cum
1623 243 1713 282 quo
1735 233 1838 282 plus

203 306 356 345 minus
372 305 424 344 24
440 306 574 345 annis
591 304 829 355 illegitime
847 310 890 343 et
907 301 1139 352 impudice
1157 313 1462 351 conuersans,
1482 303 1636 352 proles
1654 314 1837 353 quoque

202 377 451 415 nonnullas
469 388 525 415 ex
542 377 619 416 illo
641 374 928 415 adulterinas
945 373 1166 424 suscepit,
1186 384 1302 424 quas
1320 372 1445 412 domi
1465 373 1576 412 aluit
1596 373 1717 423 apud
1736 385 1837 424 prs»-

203 447 355 496 prium
377 447 619 497 maritum,
658 446 862 486 omnium
899 445 1096 484 istorum
1131 444 1369 493 ignarum3
1409 443 1524 482 haec
1547 443 1733 494 quidem
1756 456 1837 494 per

201 518 406 569 spatium
426 517 478 557 20
499 529 728 558 annorum
749 527 888 567 saepe
925 515 1140 555 confessa
1171 523 1254 564 est,
1281 522 1324 554 et
1352 514 1732 563 communicauit,
1758 516 1837 554 sed

202 600 457 640 numquam
479 589 679 640 integre,
704 588 810 640 quia
833 587 889 627 de
924 586 1153 626 adulterio
1187 597 1370 636 semper
1392 585 1560 635 tacuit,
1600 591 1644 625 et
1680 587 1745 634 (vt
1773 586 1838 630 fit)

198 660 248 699 in
267 659 578 710 gravissimos
599 670 784 699 errores
805 657 1100 709 postmodum
1124 656 1374 706 inciderat,
1398 668 1516 707 quae
1539 662 1694 696 tamen
1714 668 1836 696 nunc

202 730 362 770 sedulo
384 730 581 770 recurrit
598 730 657 770 ad
679 741 812 770 suum
835 729 1021 769 Patrem
1039 727 1395 777 confessarium,
1422 727 1669 767 consilium
1693 728 1838 779 inqui-

202 813 310 841 rens
332 807 375 841 et
397 800 604 851 modum,
629 812 718 852 quo
740 800 887 852 possit
908 799 1090 850 integre
1119 798 1409 849 satisfacere,
1435 804 1479 838 et
1501 798 1555 838 de
1579 798 1673 838 suis
1696 799 1838 838 omni-

201 873 287 912 bus
310 871 369 912 ad
389 872 591 922 gloriam
613 871 700 911 Dei
721 871 982 923 disponere.

285 942 459 983 Omnes
472 950 581 992 tres,
598 943 845 983 occasione
858 942 1031 990 oblata,
1046 941 1182 981 simul
1195 941 1394 992 profecti
1407 951 1567 980 sumus
1581 940 1626 980 in
1638 940 1839 992 patriam

201 1013 251 1054 P.
281 1013 503 1054 Anthonii
530 1013 537 1032 ¹
562 1026 667 1054 cum
697 1025 868 1065 magna
904 1012 1227 1053 aedificatione
1256 1013 1529 1060 multorum,
1564 1012 1731 1063 quibus
1769 1024 1840 1052 oc-

198 1086 436 1125 currimus
465 1085 510 1125 in
532 1086 624 1135 via,
652 1093 694 1126 et
717 1097 833 1137 quos
861 1083 1139 1124 offendimus
1175 1084 1221 1123 in
1258 1084 1472 1135 hospitiis
1507 1090 1552 1123 et
1585 1084 1687 1123 aliis
1708 1084 1839 1132 locis,

205 1156 483 1208 praesertim
504 1157 802 1196 monasteriis
822 1156 1031 1195 virorum
1049 1161 1092 1195 et
1115 1154 1375 1205 mulierum,
1395 1155 1474 1194 vbi
1495 1166 1635 1205 saepe
1657 1154 1838 1206 praedi-

202 1227 429 1276 cauimus,
454 1228 573 1267 inter
596 1233 781 1267 caetera
804 1238 986 1278 quoque
1010 1226 1055 1266 in
1078 1226 1363 1265 monasterio
1394 1225 1682 1275 Tudiniensi,
1707 1225 1840 1265 cuius

203 1310 368 1338 curam
383 1298 632 1350 aliquando
651 1298 809 1338 habuit
827 1297 874 1337 P.
900 1297 1158 1337 Vrsmarus
1175 1297 1204 1346 ‘²3
1228 1303 1273 1336 et
1291 1297 1397 1337 licet
1414 1297 1461 1336 in
1478 1297 1609 1336 initio
1627 1308 1684 1336 ne
1701 1296 1841 1336 intro-

204 1369 392 1409 mittere
415 1369 597 1421 quidem
622 1381 707 1409 nos
734 1370 920 1419 veilent,
954 1369 1251 1420 postmodum
1280 1368 1520 1408 discedere
1542 1379 1635 1408 non
1656 1368 1841 1418 permit-

207 1440 440 1489 tebamur,
471 1447 514 1480 et
540 1447 647 1480 ante
679 1440 936 1480 discessum
957 1440 1133 1480 hortati
1154 1451 1314 1479 sumus
1343 1451 1422 1479 eas
1449 1439 1493 1479 in
1518 1439 1774 1488 communi,
1800 1445 1843 1478 et

206 1514 250 1553 in
275 1513 460 1564 priuato
483 1512 762 1564 perfecimus
784 1524 852 1562 ea,
885 1512 943 1551 ob
965 1523 1084 1563 quae
1114 1524 1139 1551 a
1170 1511 1357 1562 magnis
1384 1511 1500 1551 viris
1525 1523 1579 1550 eo
1602 1510 1731 1550 missi
1751 1510 1844 1550 fue-

202 1595 379 1624 ramus.

288 1654 568 1695 Concionati
603 1666 785 1706 quoque
823 1665 981 1694 sumus
1018 1654 1165 1694 variis
1200 1653 1247 1693 in
1283 1653 1398 1693 locis
1427 1653 1613 1702 ibidem,
1648 1652 1706 1693 ad
1728 1664 1846 1704 quas

203 1726 460 1766 conciones
495 1725 663 1776 ubique
696 1731 854 1765 tantus
884 1724 1163 1765 accurrebat
1194 1725 1415 1776 populus,
1446 1725 1588 1764 etiam
1617 1724 1846 1776 operariis

203 1797 382 1848 diebus,
403 1802 604 1848 quantus
622 1798 738 1836 solet
756 1797 831 1836 vel
848 1796 894 1836 in
911 1796 1178 1847 praecipuis
1197 1796 1588 1836 solemnitatibus.
1609 1795 1744 1835 Hanc
1766 1807 1844 1846 pa-

203 1869 359 1919 trizim,
384 1880 479 1908 non
499 1868 563 1908 ita
585 1868 729 1908 multo
747 1874 851 1918 post
873 1867 1073 1907 reditum
1096 1874 1331 1917 nostrum,
1355 1868 1590 1918 gallorum
1607 1867 1846 1906 exercitus

204 1951 380 1991 magna
401 1951 460 1979 ex
480 1944 613 1990 parte
636 1938 873 1989 caedibus,
898 1938 1173 1990 captivitate
1205 1945 1345 1990 atque
1375 1938 1591 1978 incendio
1620 1937 1844 1986 vastauit,

201 2023 295 2063 quo
317 2017 494 2062 postea,
519 2009 726 2050 collectis
755 2021 812 2049 ex
840 2010 1140 2061 eleemosyna
1170 2010 1325 2049 aureis
1347 2021 1440 2049 non
1462 2009 1642 2060 paucis,
1667 2008 1715 2048 P.
1753 2008 1846 2048 An-

206 2082 396 2122 thonius
429 2093 479 2121 se
513 2081 682 2121 iterum
704 2081 919 2129 contulit,
944 2087 994 2120 vt
1022 2081 1168 2120 verbo
1202 2087 1245 2120 et
1267 2080 1475 2120 subsidio
1505 2080 1778 2131 pecuniario
1802 2080 1847 2118 in

207 2153 432 2194 vastitate
449 2153 543 2203 illa,
563 2164 675 2203 prae
695 2151 836 2191 nimia
859 2152 1066 2201 tristitia,
1090 2151 1397 2201 desolatione,
1422 2157 1466 2191 et
1487 2151 1630 2191 etiam
1647 2150 1769 2190 fame
1793 2162 1848 2189 ac

208 2224 420 2277 penuria,
445 2223 714 2264 deficientes
752 2223 985 2263 solaretur
1020 2230 1064 2263 et
1099 2223 1322 2274 erigeret3
1362 2234 1480 2274 quae
1517 2234 1594 2262 res
1628 2233 1851 2272 magnam

207 2307 350 2348 quam
367 2295 578 2347 plurimis
596 2294 748 2334 attulit
767 2294 1158 2335 aedificationem.
1179 2294 1319 2334 Pater
1337 2306 1521 2346 quoque
1538 2293 1686 2345 patris
1703 2294 1850 2333 nostri

207 2366 439 2407 Anthonii
457 2366 604 2416 (cuius
621 2366 760 2417 paulo
779 2371 886 2406 ante
903 2366 1174 2416 generalem
1195 2366 1338 2406 totius
1356 2366 1481 2405 vitae
1505 2365 1850 2405 confessionem

208 2436 506 2487 audiueram)
525 2448 579 2476 eo
597 2437 643 2476 in
661 2437 858 2476 tumultu
881 2448 907 2476 a
928 2437 1065 2488 gallis
1086 2444 1253 2488 captus
1274 2436 1380 2486 fuit,
1405 2444 1449 2476 et
1471 2437 1535 2476 ita
1557 2436 1727 2477 misere
1749 2447 1851 2475 cru-

208 2509 385 2557 ciatUS,
409 2507 528 2548 Vtin
555 2507 735 2557 itinere,
761 2513 1012 2558 antequam
1042 2508 1103 2548 ad
1133 2508 1334 2559 patriam
1362 2507 1556 2558 rediret,
1588 2513 1851 2548 extremum

215 2579 450 2619 exhalarit
471 2578 686 2629 spiritum
710 2579 858 2626 (cuius
880 2579 1084 2618 animam
1112 2585 1299 2630 patrum
1322 2591 1378 2619 ac
1413 2579 1613 2619 fratrum
1633 2578 1852 2630 precibus

211 2651 258 2690 in
282 2649 486 2691 Domino
508 2649 923 2700 commendamus).

288 2721 607 2762 Transeuntes
623 2731 806 2772 quoque
824 2719 986 2760 Patres
1001 2720 1250 2771 Quintinus
1264 2727 1307 2761 et
1324 2721 1591 2761 Anthonius
1604 2719 1850 2770 Leodium,

271 2907 277 2925 ¹
321 2905 500 2933 Binchium
515 2905 664 2939 (Binch),
680 2913 766 2940 quae
783 2905 897 2939 patria
913 2910 989 2933 erat
1007 2905 1045 2931 Ρ.
1066 2906 1215 2933 Antonio
1232 2906 1384 2933 Pouclct.

265 2953 280 2971 ²
320 2953 507 2980 Ursmarus
523 2952 683 2980 Goisson.
717 2952 802 2979 Vide
821 2953 879 2979 Por
894 2960 969 2979 ,uei
990 2953 1124 2982 Clzr·01z.‚
1141 2960 1162 2980 t.
1181 2961 1226 2986 ir,
1243 2962 1321 2988 pag.
1337 2955 1400 2987 3¹)S,
1418 2961 1450 2980 n.
1467 2954 1520 2980 055
1535 2957 1566 2980 et
1583 2957 1701 2980 annot.
1720 2953 1748 2979 1.
