2047 3179
878 155 962 192 AN.
992 154 1084 193 1555
1731 154 1802 192 457

168 253 278 304 gelii
299 253 525 293 inseruire
547 265 638 293 non
655 253 812 293 vultis.
845 251 1023 292 Pudeat
1044 262 1145 299 vos,
1172 251 1268 290 sole
1290 250 1493 290 iustitiae
1523 250 1793 300 illustratos,

169 324 337 375 quique
358 335 527 364 nomen
547 323 823 374 Imperatori
844 321 1030 363 Christo
1052 320 1258 371 dedistis,
1283 332 1376 360 non
1398 331 1589 360 seruare
1618 320 1798 359 isthaec

169 400 365 434 naturae
403 400 668 446 praecepta,
710 406 804 434 non
842 398 1085 444 praestare
1125 391 1186 442 id,
1223 390 1346 443 quod
1382 390 1716 442 praestiterunt
1751 390 1798 429 hi

170 465 356 514 ethnici,
379 466 558 515 gloriae
581 471 790 505 amantes
821 470 865 503 et
895 463 1167 515 turpissima
1201 462 1361 502 mundi
1382 460 1657 512 mancipia.„
1683 460 1798 500 Con-

170 544 257 584 tra,
285 536 324 575 si
344 535 505 575 incidit
526 537 657 575 locus
678 535 897 585 lubricus,
931 534 977 573 in
999 545 1137 585 quem
1159 533 1318 573 delusa
1351 532 1605 583 antiquitas
1633 530 1798 581 pedem

170 606 471 656 impingebat,
506 606 771 645 declaratur
801 617 856 645 ac
887 605 1145 644 illustratur
1176 602 1390 643 doctrina
1419 602 1710 652 euangelica,
1742 612 1800 640 ne

171 676 405 727 simplices
426 682 605 716 mentes
626 676 863 716 erroribus
881 682 925 715 et
951 674 1248 726 opinionibus
1275 673 1485 724 gentium
1513 673 1796 712 imbuantur.

171 746 218 787 si
239 758 352 786 Vero
374 747 635 787 obscoenus
657 753 876 787 occurrat
904 746 1050 795 lOCUS‚
1075 750 1155 784 aut
1177 744 1364 784 omnino
1388 744 1566 783 deletur
1597 750 1641 782 et
1668 753 1798 793 prae-

172 817 463 867 termittitur,
489 824 588 866 aut,
613 817 812 858 occlusis
841 816 1053 865 auribus,
1084 815 1217 866 quasi
1245 815 1451 854 sirenum
1477 820 1644 853 cantus
1672 813 1800 852 illum

171 887 506 928 transeundum
527 900 784 937 monemus,
810 893 854 928 et
874 893 984 927 tunc
1005 886 1261 926 latissimus
1282 891 1410 937 patet
1433 896 1627 935 campus
1649 884 1696 923 in
1717 883 1796 923 hu-

171 959 371 999 iusmodi
391 959 493 998 vitii
512 959 938 1011 reprehensionem.
958 957 1295 1008 Praeceptores
1313 955 1615 996 confecerunt
1635 955 1801 994 breues

172 1029 398 1082 quasdam
415 1030 805 1081 precatiunculas,
826 1028 1160 1079 edideruntque
1176 1027 1378 1079 hymnos
1394 1026 1621 1078 quosdam
1640 1026 1699 1065 ad
1716 1024 1801 1064 Pa—

172 1113 305 1152 trem,
345 1100 533 1151 Filium,
572 1100 797 1152 Spiritum
826 1099 1071 1149 Sanctum,
1114 1099 1386 1150 Virginem,
1430 1109 1545 1149 quas
1578 1104 1803 1147 tanquam

174 1177 410 1212 amentata
428 1172 596 1222 iacula,
620 1178 872 1223 antequam
894 1177 971 1211 aut
991 1170 1215 1210 lectiones
1234 1169 1532 1220 incipiantur,
1559 1175 1638 1208 aut
1655 1167 1804 1207 dimit-

123 1248 127 1252 ”
174 1250 331 1283 tantur
352 1243 582 1294 discipuli,
601 1244 750 1283 solent
768 1243 827 1283 ad
844 1242 995 1283 Deum
1011 1241 1345 1291 transmittere,
1366 1240 1534 1280 mentis
1552 1239 1803 1279 sanitatem

174 1321 218 1354 et
238 1315 518 1366 sapientiam
545 1314 823 1365 postulando
853 1313 911 1353 ad
939 1313 1061 1353 illius
1089 1312 1292 1363 gloriam
1313 1317 1357 1351 et
1384 1311 1651 1351 mortalium
1686 1311 1805 1349 salu-

173 1395 278 1426 tem.
304 1384 438 1437 Quod
460 1386 646 1436 quidem
675 1385 765 1425 hoc
797 1384 990 1424 consilio
1021 1383 1235 1423 effectum
1266 1389 1350 1432 est,
1385 1393 1474 1433 quo
1496 1381 1627 1433 pueri
1660 1380 1805 1420 diuini

174 1457 377 1497 numinis
399 1457 607 1508 auspicio
629 1456 839 1497 foelicius
856 1456 1165 1496 informentur
1182 1454 1241 1494 ad
1257 1460 1466 1494 veterem
1482 1452 1721 1493 Ecclesiae
1741 1451 1805 1491 di-

172 1528 433 1579 sciplinam,
457 1533 859 1579 consuescantque
882 1539 907 1567 a
925 1526 1098 1566 teneris
1119 1525 1254 1565 annis
1271 1536 1373 1565 sese
1390 1532 1702 1576 prosternere,
1724 1534 1804 1573 pa-

174 1604 353 1639 rentem
380 1598 533 1639 Deum
561 1599 732 1649 alloqui
759 1605 804 1638 et
835 1598 1015 1638 animos
1037 1597 1097 1637 ad
1118 1598 1299 1637 coelum
1326 1602 1370 1635 et
1403 1595 1634 1646 originem
1669 1605 1805 1634 suum

173 1671 398 1710 attollere.
436 1669 778 1720 Praeleguntur
813 1669 975 1709 diebus
1009 1668 1194 1708 sabbati
1227 1672 1480 1719 praecepta
1515 1665 1720 1714 Domini,
1760 1670 1805 1704 et

173 1741 435 1793 symbolum
457 1740 809 1792 Apostolorum,
833 1746 877 1780 et
898 1740 974 1779 illa
993 1740 1230 1789 vniuersa,
1253 1750 1372 1790 quae
1394 1738 1626 1789 pertinent
1649 1735 1706 1776 ad
1729 1747 1806 1775 ve-

174 1823 275 1852 ram
296 1818 340 1852 et
358 1812 663 1852 christianam
680 1811 933 1851 liberorum
950 1810 1304 1860 institutionem;
1323 1808 1537 1849 omnibus
1554 1818 1694 1859 porro
1713 1806 1803 1846 die-

172 1883 259 1923 bus
280 1883 467 1934 quidam
489 1894 547 1923 ex
568 1881 951 1934 praeceptoribus
972 1880 1136 1921 eadem
1157 1881 1362 1921 inculcat
1382 1879 1584 1925 breuius,
1609 1884 1652 1918 et
1674 1889 1804 1928 prae-

174 1953 285 2004 legit
305 1954 515 2005 parvulis
537 1960 583 1994 et
603 1953 871 1993 rudioribus
892 1953 1127 2003 integrum
1148 1952 1352 1992 libellum
1375 1951 1430 1990 de
1452 1949 1666 1989 doctrina
1688 1948 1808 1988 chri-

173 2025 340 2072 stiana,
366 2026 439 2065 cui
462 2024 651 2064 lectioni
667 2025 897 2064 intersunt
913 2022 1010 2063 fere
1029 2033 1203 2071 omnes3
1224 2022 1396 2062 etenim
1414 2021 1452 2060 si
1469 2021 1612 2060 semel
1630 2020 1675 2059 in
1698 2019 1804 2058 heb-

174 2096 373 2136 domada
406 2096 479 2135 ille
508 2095 689 2135 libellus
718 2095 1083 2146 praelegeretur,
1114 2105 1207 2133 non
1235 2093 1350 2132 satis
1382 2090 1625 2131 commode
1654 2090 1804 2141 pueri-

174 2167 238 2206 tia
265 2167 601 2216 institueretur,
634 2177 740 2205 cum
767 2171 812 2204 et
842 2165 1047 2204 breuiter
1076 2170 1120 2204 et
1154 2164 1422 2214 frequenter
1450 2162 1527 2202 illa
1548 2168 1803 2212 praecepta

175 2238 239 2278 illi
261 2238 353 2277 sint
374 2237 604 2277 tradenda
627 2235 1012 2287 inculcandaque.

254 2308 485 2359 Discipuli
506 2307 767 2348 studiorum
787 2307 1125 2347 instauratione
1148 2306 1411 2346 habuerunt
1430 2303 1680 2353 orationes,
1702 2314 1808 2353 ege-

176 2386 284 2420 runt
305 2380 657 2430 recitaruntque
679 2377 928 2428 quamdam
960 2379 1187 2428 eclogam.
1218 2376 1269 2416 In
1296 2375 1488 2416 Domini
1507 2374 1617 2427 Jesu
1643 2374 1809 2413 natali-

177 2450 263 2490 bus
283 2450 442 2490 habita
464 2450 549 2492 fuit
571 2449 720 2489 oratio
743 2448 799 2488 de
820 2460 966 2499 puero
987 2448 1113 2501 Jesv:
1137 2454 1243 2488 acta
1265 2453 1309 2487 et
1329 2446 1414 2487 fuit
1435 2447 1599 2496 ecloga
1618 2445 1674 2484 de
1692 2445 1809 2484 eius-

180 2522 284 2562 dem
306 2521 566 2561 natiuitate.
589 2520 719 2560 Haec
743 2520 899 2559 omnia
922 2518 1038 2559 adeo
1059 2519 1351 2570 placuerunt,
1375 2524 1424 2557 ut
1445 2516 1741 2568 grauissimis
1762 2521 1807 2555 et

179 2592 365 2644 optimis
398 2591 512 2631 viris
548 2590 841 2630 excusserint
877 2590 1164 2641 lachrymas,
1199 2601 1255 2629 ac
1289 2588 1423 2628 nobis
1457 2588 1812 2638 gratularentur

180 2662 303 2714 quod
325 2673 532 2702 essemus
554 2661 799 2701 christiani
821 2667 865 2700 et
886 2665 1053 2711 poetae
1076 2667 1120 2700 et
1137 2667 1365 2710 oratores,
1389 2660 1558 2710 quique
1579 2658 1811 2697 humanas

180 2739 306 2773 artes
341 2740 385 2773 et
419 2732 689 2784 disciplinas
719 2737 1101 2772 conuerteremus
1129 2731 1188 2771 ad
1216 2731 1471 2771 liberorum
1498 2730 1810 2779 ingenuorum

179 2805 402 2844 virtutem
415 2810 458 2843 et
475 2802 822 2844 conseruatoris
835 2801 1008 2842 Christi
1025 2802 1226 2852 gloriam
1245 2813 1299 2841 ac
1311 2801 1510 2840 laudem.
1526 2799 1708 2840 Etenim
1725 2799 1809 2839 Re-

181 2881 282 2915 ctor
309 2875 407 2914 uult
442 2886 497 2914 ac
525 2874 649 2914 iubet
676 2873 963 2913 iuuentutem
989 2873 1062 2913 his
1093 2872 1258 2913 studiis
1281 2878 1324 2912 et
1347 2871 1611 2912 actionibus
1639 2871 1812 2910 diuinis

180 2944 407 2995 exerceri,
431 2944 736 2996 impedirique
757 2950 806 2983 ut
827 2954 1078 2995 puerorum
1096 2943 1255 2994 animi,
1278 2953 1519 2983 musarum
1541 2942 1813 2981 muneribus
