2047 3179
136 135 208 173 138
657 136 885 173 LirmRAE
904 145 1265 178 QUADRIMESTRES

136 233 257 272 inter
275 238 503 281 caeteros,
523 232 736 282 duorum,
756 233 834 284 qui
853 232 1009 272 multis
1027 233 1162 271 annis
1178 231 1397 271 vixerant
1415 229 1516 268 sine
1534 227 1783 268 confessio·

138 315 217 354 ne,
251 302 515 353 discordes,
545 316 628 355 pro
665 304 832 356 quibus
863 303 1224 344 reconciliandis
1255 302 1374 341 inter
1396 311 1445 339 se
1467 299 1599 360 multi
1621 300 1783 350 magni

139 375 340 415 nominis
358 374 462 425 viri,
487 376 627 415 etiam
663 375 891 426 religiosi,
931 375 1185 415 maximam
1216 383 1407 424 operam
1442 370 1574 422 prius
1607 369 1782 410 frustra

138 445 463 486 adhibuerant.
488 445 762 498 Complures
780 446 920 486 etiam
941 445 1030 485 visi
1047 450 1154 484 sunt
1176 450 1336 495 aperte
1357 441 1473 482 satis
1486 441 1632 481 vitam
1649 453 1783 481 suam

141 517 380 568 corrigere
404 529 508 557 cum
531 530 622 557 non
645 529 791 569 parua
823 516 1147 557 aedificatione
1179 515 1399 554 aliorum:
1424 512 1555 553 multi
1581 524 1781 564 quoque,

141 588 232 628 imo
272 600 388 639 pene
431 599 592 628 omnes
615 619 621 636 ,
665 600 723 628 ex
770 588 1042 639 parentibus
1090 593 1133 626 et
1174 585 1403 636 sanguine
1445 583 1558 624 mihi
1596 584 1780 632 iunctis,

143 659 322 699 inducti
357 666 463 699 sunt
500 666 543 699 et
574 665 878 711 perseuerant
915 660 958 699 in
994 655 1335 709 frequentando
1357 654 1703 695 confessionem
1740 662 1784 695 et

145 731 537 771 communionem.

221 802 425 842 Tornaci
446 808 515 842 ter
538 803 611 842 vel
634 808 799 854 quater
820 801 1200 853 praedicauimus
1230 800 1277 839 in
1298 799 1499 839 ecclesia
1521 797 1785 850 parochiali

141 872 303 913 Sancti
324 873 487 913 Brictii
511 872 535 923 ¹,
561 873 680 913 inter
710 879 923 913 caeteras
946 873 1021 912 vel
1050 872 1280 921 maxima,
1305 870 1365 910 ad
1396 881 1514 922 quas
1529 870 1785 910 conciones

141 951 301 984 tantus
318 944 477 996 populi
498 956 758 985 concursus
780 944 878 994 fuit,
904 951 953 984 vt
982 945 1063 984 vix
1091 942 1290 983 ecclesia
1319 942 1544 993 populum
1572 947 1781 993 caperet,

142 1015 219 1066 qui
241 1027 353 1066 prae
371 1016 590 1067 angustia
619 1015 875 1066 cogebatur
903 1016 1147 1055 columnas
1175 1019 1219 1053 et
1250 1012 1419 1053 altaria
1448 1012 1782 1053 conscendere.

142 1085 279 1126 Vnde
314 1099 407 1126 non
438 1099 603 1139 parum
633 1087 813 1126 fructus
849 1087 1126 1137 prouenisse
1155 1084 1429 1125 subodorati
1465 1095 1646 1135 sumus,
1675 1095 1786 1124 nam

145 1158 276 1197 multi
299 1164 403 1209 post
425 1158 528 1198 illas
550 1158 805 1197 conciones
826 1158 884 1197 ad
902 1169 988 1197 nos
1007 1162 1315 1197 accurrerunt
1330 1155 1522 1207 petituri
1539 1155 1786 1195 consilium

143 1240 229 1279 pro
251 1228 576 1268 emendatione
599 1229 739 1279 vitae,
762 1228 899 1280 idque
917 1228 1209 1280 persentiens
1223 1227 1423 1267 daemon
1441 1227 1599 1266 statim
1620 1237 1785 1278 procu-

144 1300 265 1339 rauit
288 1300 555 1340 huiusmodi
576 1300 827 1340 conciones
850 1312 876 1340 a
899 1300 1032 1340 nobis
1053 1299 1152 1340 fieri
1174 1299 1342 1339 iterum
1363 1298 1616 1350 prohiberi.
1655 1296 1778 1338 ΚΛΜ

145 1371 266 1410 enim
284 1371 532 1422 episcopus
556 1371 914 1411 Cameracensis
936 1368 962 1421 ²,
988 1370 1066 1422 qui
1087 1369 1411 1410 inhibitionem
1432 1370 1576 1410 semel
1599 1381 1626 1409 a
1647 1380 1697 1409 se
1718 1368 1788 1408 fa-

146 1450 284 1492 ctam,
298 1442 356 1482 ad
373 1442 644 1483 instantiam
662 1442 765 1483 Rmi
784 1442 1049 1483 Cardinalis
1068 1441 1271 1492 Angliae
1286 1440 1299 1459 ³
1317 1446 1584 1488 reuocarat,
1601 1441 1784 1489 iterum,

138 1526 169 1552 va
183 1513 341 1554 nescio
353 1514 517 1565 quibus
530 1525 798 1566 persuasus,
813 1514 1050 1565 prohibuit
1072 1525 1128 1553 ne
1145 1513 1367 1564 deinceps
1385 1512 1553 1564 aliquis
1571 1518 1787 1552 nostrum

145 1585 507 1625 concionaretur
528 1585 573 1625 in
595 1597 678 1626 sua
701 1585 926 1636 dioecesi,
953 1585 1076 1637 quod
1103 1596 1197 1625 non
1231 1585 1383 1625 solum
1417 1584 1574 1635 inique
1595 1583 1699 1624 tulit
1725 1582 1788 1622 di-

146 1663 248 1696 ctus
264 1655 399 1696 R.1¹s1us
432 1657 713 1707 Cardinalis,
734 1667 899 1697 verum
920 1662 1045 1696 totus
1066 1656 1163 1696 fere
1185 1657 1383 1707 populus
1401 1655 1501 1696 eius
1518 1654 1786 1706 parochiae.

146 1739 343 1779 quorum
379 1729 533 1780 capita
570 1736 613 1768 et
649 1729 852 1769 maiores
892 1739 1016 1768 nunc
1059 1727 1311 1768 sollicitant
1350 1733 1401 1767 vt
1447 1726 1582 1767 nobis
1618 1726 1788 1766 iterum

144 1799 441 1850 permittatur
476 1800 762 1850 concionari,
788 1811 871 1851 per
893 1805 1141 1850 magnates
1163 1805 1206 1840 et
1231 1799 1349 1839 alios
1384 1798 1546 1850 magni
1566 1797 1786 1848 nomInis,

148 1869 272 1921 apud
292 1871 505 1911 eumdem
534 1871 820 1923 episcopum.

226 1941 425 1982 Dolebat
446 1942 647 1982 daemon
668 1942 898 1994 quosdam
925 1949 1086 1994 aperte
1114 1943 1228 1983 satis
1259 1942 1377 1994 eripi
1408 1954 1431 1982 e
1463 1941 1559 1982 suis
1590 1940 1783 1992 laqueis.

147 2013 389 2063 Quaedam
411 2014 668 2065 peccatrix,
694 2020 821 2054 mota
843 2013 907 2064 (vt
939 2014 1018 2065 ait)
1047 2013 1315 2054 huiusmodi
1345 2013 1667 2063 concionibus,
1700 2012 1790 2064 pri-

147 2085 316 2125 stinam
349 2085 494 2125 vitam
516 2097 711 2126 exosam
732 2086 925 2136 habens,
959 2086 1176 2136 ingressa
1197 2090 1267 2125 est
1298 2084 1639 2125 monasterium
1672 2084 1790 2125 Con·

149 2168 407 2196 uersarum.
425 2156 610 2207 Altera,
632 2157 926 2198 confessione
944 2164 1248 2209 peccatorum
1264 2168 1457 2197 suorum
1471 2155 1520 2196 P.
1538 2155 1762 2207 Quintino
1778 2153 1792 2173 ⁴

150 2234 355 2279 peracta,
370 2228 494 2268 illico
514 2228 677 2269 eodem
696 2228 768 2269 die
786 2235 831 2268 et
848 2228 979 2279 hora,
994 2240 1086 2269 non
1105 2228 1209 2269 dico
1228 2228 1326 2278 iuit,
1341 2228 1424 2268 sed
1442 2227 1621 2268 volauit
1637 2227 1792 2279 potius

149 2299 207 2338 ad
230 2299 351 2339 idem
373 2301 734 2340 monasterium:
769 2300 886 2340 haec
907 2299 1035 2340 fassa
1064 2306 1133 2340 est
1156 2306 1289 2340 extra
1311 2299 1658 2340 confessionem
1679 2298 1792 2349 (tam

150 2371 352 2421 pudebat
380 2383 492 2412 suae
523 2372 645 2412 vitae
672 2372 958 2423 transactae)
988 2384 1037 2412 se
1065 2372 1186 2412 intra
1210 2371 1378 2423 viginti
1400 2382 1549 2411 annos
1570 2383 1627 2411 ne
1649 2370 1793 2410 semel

144 2442 336 2493 -quidem
357 2444 746 2483 communicasse.
771 2443 899 2494 Alia,
930 2449 1074 2495 nupta
1097 2442 1283 2495 quidem
1305 2443 1409 2483 viro
1431 2443 1478 2482 in
1498 2442 1622 2482 hanc
1644 2452 1792 2493 vsquc

150 2514 313 2553 horam
330 2514 583 2565 superstiti,
600 2515 682 2555 sed
696 2516 770 2555 cui
788 2515 925 2555 fidem
942 2515 1131 2555 minime
1148 2515 1374 2566 seruauit,
1393 2525 1519 2564 nam,
1534 2525 1628 2554 non
1646 2513 1792 2553 multo

151 2591 255 2635 post
271 2585 505 2635 legitimas
517 2586 718 2637 nuptias,
738 2587 891 2638 coepit
907 2586 1155 2637 displicere
1168 2587 1365 2627 maritus
1376 2585 1608 2638 proprius,
1621 2590 1664 2624 et
1676 2584 1795 2624 alius

209 2819 216 2838 ¹
259 2817 345 2845 Vide
362 2818 511 2845 ΡοιΑΝσῐ
529 2817 766 2850 Cl1ro711'con,t.
783 2826 827 2852 iv,
844 2826 921 2853 pag.
937 2820 999 2853 311,
1015 2824 1131 2847 annot.
1146 2820 1173 2847 3.

211 2867 224 2884 ·-’
263 2865 432 2892 Robertus
447 2865 486 2892 de
504 2865 608 2901 Croy.

207 2914 222 2933 5
262 2913 468 2947 Reginaldus
484 2913 595 2941 Polus.

207 2960 224 2980 ⁴
264 2961 302 2988 l’.
322 2961 482 2994 Quintino
504 2962 682 2989 Charlart.
