2047 3179
916 135 1000 171 AN.
1031 134 1122 170 1555
1759 135 1829 172 323

197 234 354 285 guitar
373 234 400 273 l'
425 244 678 285 empressa,
703 230 860 283 perch’
888 229 1086 270 essendo
1117 230 1257 269 tirato
1279 230 1324 268 in
1354 236 1564 269 costume
1595 230 1637 269 (Γ
1664 232 1827 271 andar'

198 306 307 356 ogn'
331 315 453 344 anno
476 304 506 344 il
526 303 676 355 primo
698 301 743 341 dl
764 301 820 341 de
848 300 1112 352 quaresima
1144 300 1350 339 huomini
1373 306 1416 339 et
1445 300 1595 340 donne
1618 302 1662 340 al
1692 309 1827 353 porto

197 375 432 425 ballando,
457 374 666 415 sonando
688 378 732 413 et
753 371 1008 422 cantando,
1039 377 1082 411 et
1104 371 1167 410 iui
1195 371 1344 410 anche
1364 370 1436 410 far
1467 371 1607 411 molte
1636 372 1826 412 dissolu-

197 447 314 487 tioni
335 452 379 486 et
400 446 446 486 in
467 447 532 486 tal
553 445 690 485 modo
712 444 916 484 ritornar
939 442 1014 482 fin'
1035 443 1125 482 alla
1148 442 1321 491 chiesa,
1346 447 1510 493 questo
1532 454 1654 482 anno
1677 456 1769 483 non
1789 445 1827 483 si

199 521 224 557 e
245 517 378 567 fatto,
403 515 742 567 accorgendosi
770 513 957 554 alchuni
986 513 1105 553 della
1136 512 1256 552 festa
1278 512 1363 552 che
1390 513 1454 563 gli
1480 514 1726 554 voleuamo
1758 515 1830 555 far

198 589 342 629 molto
363 587 588 627 dissimile
609 586 698 626 alla
721 596 819 626 sua.
844 584 911 625 La
933 584 1056 636 qual’
1081 595 1162 623 era
1183 584 1229 624 di
1251 589 1413 635 questo
1437 583 1589 633 modo,
1613 585 1698 624 che
1721 597 1827 636 qua-

198 666 271 700 tro
294 659 339 699 di
359 659 509 699 nostri
530 657 664 710 padri
686 663 729 697 et
748 656 919 697 fratelli
940 655 1018 706 gia
1048 656 1176 695 eran’
1210 655 1254 695 al
1274 661 1434 706 porto,
1459 655 1567 695 duoi
1595 655 1641 695 in
1672 667 1829 696 mezza

196 729 373 780 strada,
393 729 471 769 dui
488 729 532 769 al
548 727 793 780 principio,
816 732 860 767 et
881 732 1042 766 nostro
1063 725 1391 777 predichatore
1407 737 1496 765 con
1513 728 1590 765 vn'
1615 727 1734 766 altro
1753 739 1828 778 ap-

198 812 361 853 presso
377 801 422 840 la
434 798 616 851 piaccia
634 799 707 839 del
722 798 927 848 Borgho,
944 808 1026 848 per
1042 796 1302 847 receuergli
1323 808 1411 836 con
1428 797 1664 847 prediche‚
1683 796 1831 837 ribaffi

199 877 244 912 et
266 870 581 921 essortationi;
605 869 724 910 onde
746 870 911 909 alcune
942 867 1116 912 donne,
1138 868 1180 907 le
1201 867 1326 918 quali
1346 867 1425 917 gia
1455 869 1582 907 eran’
1612 869 1756 908 vscite
1785 868 1832 908 di

200 953 327 993 casa,
351 941 501 981 subito
530 941 614 981 che
637 940 876 980 vedettero
907 937 967 978 M.
998 938 1184 979 Giouan
1211 937 1424 978 Lorenzo
1456 938 1571 978 sarsi
1597 939 1829 987 incontro‚

199 1025 249 1053 se
271 1011 503 1052 retirorno
526 1011 572 1051 in
600 1022 734 1060 casa,
765 1009 962 1051 dicendo
990 1021 1086 1049 non
1106 1010 1271 1049 vuoler
1298 1021 1325 1048 a
1352 1015 1516 1060 questo
1538 1009 1676 1049 modo
1704 1022 1831 1051 esser

200 1082 430 1133 ribaffate;
454 1089 497 1122 et
520 1084 617 1122 6051
636 1088 766 1121 tanto
788 1080 1067 1121 scandalosa
1093 1080 1396 1120 dissolutione
1417 1079 1466 1120 fu
1495 1092 1577 1131 per
1597 1081 1750 1131 gratia
1773 1082 1829 1122 de

199 1160 362 1195 nostro
385 1152 582 1204 Signore
603 1152 838 1204 impedita.

280 1226 331 1266 L’
374 1223 669 1275 occupationi
709 1223 967 1275 spirituali,
1008 1222 1211 1262 maxime
1250 1223 1368 1262 nelle
1408 1222 1712 1273 confessioni,
1749 1235 1832 1274 pci-

200 1296 356 1348 gratia
378 1295 420 1336 d'
453 1294 583 1335 Iddio
611 1306 705 1334 non
733 1305 986 1344 mancano,
1011 1293 1114 1333 anzi
1144 1299 1275 1333 tanto
1296 1293 1374 1344 piu
1396 1305 1552 1333 vanno
1576 1293 1831 1334 crescendo

201 1375 376 1419 quanto
398 1366 477 1418 piu
498 1377 658 1406 cresce
679 1365 709 1405 il
731 1376 958 1406 concorso
980 1364 1026 1405 di
1053 1364 1289 1416 peregrini
1316 1370 1360 1404 et
1381 1370 1556 1416 quanto
1577 1365 1657 1416 piu
1682 1366 1831 1406 siamo

202 1437 538 1490 cognosciutti,
563 1437 760 1477 essendo
783 1435 931 1476 anche
959 1435 1044 1476 che
1064 1435 1270 1487 potiamo
1294 1435 1509 1476 sodisfar’
1536 1436 1614 1476 alli
1633 1436 1829 1486 italiam,

200 1509 422 1559 francesi‚
446 1508 711 1560 spagnuoli,
734 1507 1008 1559 flamenghi,
1036 1507 1260 1557 tedeschi‚
1290 1507 1376 1547 che
1410 1507 1470 1547 da
1497 1518 1618 1558 gran
1648 1508 1830 1559 agiutto

203 1594 230 1621 a
264 1586 429 1634 questa
463 1586 628 1620 sancta
663 1591 775 1620 casa
802 1585 846 1620 et
873 1579 1195 1619 consolatione
1225 1590 1252 1618 a
1282 1579 1534 1630 peregrini.
1566 1578 1698 1620 Molti
1725 1591 1829 1619 con-

202 1663 406 1692 corrono
433 1650 550 1691 delle
578 1656 702 1690 terre
729 1650 1065 1701 circonuicine,
1095 1649 1351 1701 Recanata,
1387 1650 1644 1701 Macer-ata,
1674 1650 1832 1691 Monte

201 1723 327 1774 fano,
355 1722 513 1762 Monte
544 1720 703 1772 Santo,
735 1721 892 1762 Castel
924 1719 1175 1769 FichardO,
1211 1726 1318 1772 etc.,
1351 1732 1435 1772 per
1461 1721 1746 1762 confessarsi
1773 1722 1832 1762 da

200 1795 328 1844 nuoi‚
366 1805 459 1833 non
493 1792 737 1833 volendosi
765 1791 1005 1832 confessar
1032 1791 1138 1837 dall’
1169 1792 1297 1841 altri,
1319 1793 1500 1833 benche
1521 1792 1832 1834 confessiamo

201 1866 249 1906 in
282 1875 377 1905 vno
413 1863 667 1904 medesimo
701 1863 869 1903 luocho
905 1864 990 1903 che
1024 1863 1147 1912 lor0,
1184 1875 1260 1903 ma
1294 1863 1374 1915 piu
1411 1870 1568 1915 presto
1611 1865 1831 1916 vogliono

204 1942 442 1988 aspettare
471 1935 615 1975 molto
644 1933 779 1974 tardo
807 1946 833 1974 0
860 1933 1066 1974 ritornar
1087 1945 1175 1974 con
1204 1945 1289 1974 suo
1312 1934 1467 1974 danno
1495 1946 1635 1975 senza
1657 1935 1834 1976 confes-

202 2007 350 2058 sione,
389 2007 474 2046 che
507 2017 603 2046 non
637 2005 812 2056 godere
837 2006 883 2045 la
909 2005 1150 2057 spirituale
1178 2004 1498 2046 sodisfattione
1527 2006 1599 2046 ch'
1631 2018 1834 2058 sperano

201 2078 313 2119 dalli
352 2077 516 2118 nostri.
559 2075 690 2117 Onde
729 2076 877 2116 siamo
917 2077 1005 2116 alle
1044 2076 1170 2116 volte
1215 2076 1409 2117 sforzati
1452 2077 1674 2128 privarne
1712 2077 1834 2118 della

202 2149 419 2190 dolcessa
441 2148 562 2188 della
580 2158 736 2188 messa
757 2153 802 2188 et
823 2147 956 2188 solite
978 2147 1180 2187 orationi
1200 2154 1245 2188 et
1266 2148 1415 2188 anche
1436 2156 1589 2189 restas
1615 2149 1726 2189 nuoi
1747 2150 1833 2190 soli

202 2220 249 2260 in
271 2219 449 2270 chiesa,
473 2217 785 2259 confessando
807 2224 986 2258 mentre
1008 2218 1094 2258 che
1122 2218 1451 2259 doueressemo
1474 2219 1676 2271 disnare,
1710 2231 1736 2260 o
1766 2231 1832 2261 es-

202 2302 305 2331 sere
331 2291 376 2330 la
403 2294 532 2329 notte
559 2289 619 2329 da
648 2288 737 2329 due
765 2300 791 2329 0
820 2294 890 2329 tre
919 2288 1034 2329 hore
1068 2289 1284 2329 ritornati
1320 2288 1367 2329 in
1402 2300 1529 2340 casa,
1565 2302 1660 2331 non
1695 2302 1836 2331 senza

201 2372 339 2414 pur...
367 2360 375 2380 ¹
399 2360 549 2401 anche
570 2366 734 2400 nostra
753 2360 934 2411 grande
951 2360 1291 2411 consolatione,
1309 2359 1523 2401 vedendo
1539 2361 1571 2401 il
1586 2361 1730 2402 frutto
1749 2362 1837 2403 che

201 2445 260 2473 ne
282 2443 400 2473 caua
420 2437 583 2472 nostro
604 2430 819 2483 Signore.
843 2431 976 2472 Molti
997 2431 1182 2472 ssi-atati
1204 2431 1243 2471 si
1263 2442 1412 2471 sonno
1434 2431 1631 2484 disposti
1652 2446 1679 2473 a
1701 2434 1838 2474 ritor-

201 2505 302 2544 nar’
328 2503 417 2543 alla
439 2502 591 2554 prima
612 2503 877 2553 vocatione,
902 2502 1031 2543 molti
1060 2502 1312 2554 imperfetti
1339 2514 1367 2542 a
1396 2502 1568 2555 pigliar
1595 2504 1640 2545 la
1668 2505 1838 2555 perfet-

199 2575 342 2625 tione‚
365 2573 496 2614 molti
514 2573 686 2625 grandi
706 2573 945 2626 peccatori
964 2585 990 2613 a
1007 2579 1162 2613 mutar
1177 2574 1222 2613 la
1237 2573 1351 2625 vita,
1370 2575 1502 2614 molti
1519 2575 1561 2615 d'
1583 2576 1695 2626 ogni
1711 2582 1840 2618 sorte

203 2658 230 2686 a
250 2645 323 2685 far
357 2644 652 2685 confessione
679 2645 899 2696 generale
928 2644 974 2685 di
1001 2644 1104 2684 suoi
1133 2644 1337 2696 peccati3
1366 2645 1407 2685 si
1433 2646 1667 2697 qualcuno
1696 2649 1840 2688 molto

201 2717 422 2757 tribulato
443 2722 488 2756 et
508 2716 730 2757 intricato
752 2716 792 2756 51
812 2716 992 2756 ritroua
1013 2714 1287 2756 domandar’
1313 2716 1554 2758 confessor
1576 2729 1658 2770 per
1691 2719 1841 2759 sodis-

202 2787 333 2837 farsi,
358 2799 383 2827 a
406 2787 518 2827 nuoi
538 2787 582 2827 lo
605 2786 858 2837 mandano;
881 2793 926 2827 et
953 2789 1052 2827 cosi
1080 2786 1232 2828 ancho
1259 2787 1402 2828 fanno
1431 2799 1595 2841 spesso
1622 2790 1686 2841 gl’
1716 2790 1841 2832 hosti

260 2947 270 2966 ¹
309 2947 446 2975 Attrita
461 2948 596 2982 charta,
612 2948 752 2974 verbum
771 2947 832 2974 hoc
850 2947 916 2981 legi
933 2953 997 2975 non
1014 2951 1138 2983 potest.
