2047 3179
896 156 980 193 ΑΝ.
1012 155 1102 192 1554
1754 153 1821 190 155

183 258 532 309 quentationem
549 264 867 307 quoscumque
884 252 1095 300 incitare;
1119 251 1165 291 in
1183 250 1466 291 nosocomiis
1488 249 1819 289 decumbentes

183 341 232 369 re
254 341 309 369 ac
328 328 492 378 uerbo,
517 331 654 379 prout
684 325 850 376 cuique
873 323 1170 364 commodum
1204 322 1305 371 erit,
1345 321 1596 370 adiuuare3
1621 320 1819 371 denique

185 411 413 451 nusquam
446 410 542 438 non
571 396 784 447 exemplo
818 401 861 434 et
895 405 1110 434 sermone
1146 392 1481 443 rempublicam
1516 391 1819 430 christianam

184 481 478 521 promouere.
516 469 574 509 Et
608 479 698 519 quo
734 465 1024 506 commodius
1060 463 1102 503 id
1140 469 1476 514 assequantur,
1511 462 1820 502 decreuerunt

185 542 432 591 neminem,
458 539 588 580 cuius
610 539 755 579 uitam
775 536 904 588 prius
925 536 1068 587 probe
1090 541 1386 586 perspectam
1415 545 1510 574 non
1531 533 1748 581 habeant,
1773 532 1819 570 in

186 611 568 652 contubernalem
589 609 852 650 admittere.
886 605 1221 646 Foeminarum
1251 604 1497 645 consilium
1526 603 1664 655 paulo
1686 602 1820 642 aliter

185 682 341 722 habet.
379 682 498 722 Nam
537 681 626 721 hae
666 679 725 720 ad
764 678 974 729 singulas
1010 676 1234 717 calendas
1272 675 1555 716 dominicam
1591 673 1821 714 accedunt

184 765 418 804 mensam;
455 753 513 793 ad
546 753 663 793 haec
697 750 960 792 doctrinam
996 749 1304 789 christianam
1336 746 1604 788 domesticis
1639 751 1820 785 tantum

182 825 390 875 tradunt3
412 825 519 875 fuci,
544 824 669 876 gipsi
689 828 733 863 et
750 822 796 863 id
812 833 961 873 genus
979 820 1159 860 formae
1181 818 1542 859 medicaminum
1558 828 1706 867 usum,
1728 816 1823 868 qui-

185 897 272 937 bus
293 907 434 936 sexus
452 896 527 936 ille
549 895 626 936 hic
647 895 802 934 uultus
823 892 1092 944 turpissime
1113 890 1301 930 inficere
1318 890 1455 940 solet,
1479 889 1706 940 ipsaemet
1735 887 1823 927 sibi

185 967 551 1016 interdixerunt,
576 978 661 1006 nec
683 965 890 1005 fucatam
916 963 1080 1013 ullam,
1106 961 1407 1013 quantumuis
1443 959 1614 1000 acriter
1650 960 1823 999 instan-

185 1045 301 1089 tem,
322 1039 369 1078 in
391 1038 568 1077 sociam
585 1042 843 1077 assumunt.
868 1034 1044 1086 Spiritu
1065 1033 1193 1073 uiros
1213 1038 1436 1084 aequant,
1468 1042 1662 1071 numero
1691 1041 1823 1081 supe-

186 1116 305 1150 rant.
331 1109 395 1150 Vt
417 1109 506 1148 uiri
528 1108 591 1148 ita
612 1107 842 1148 foeminae
863 1105 1116 1157 quamdam
1137 1102 1490 1155 praefecerunt,
1516 1102 1590 1142 cui
1607 1108 1824 1142 caeterae

182 1192 348 1221 vomnes
370 1191 548 1219 morem
569 1185 754 1230 gerunt.
779 1177 895 1217 Tam
911 1176 999 1216 hae
1022 1186 1164 1227 quam
1182 1174 1245 1214 illi
1262 1174 1438 1214 nullam
1455 1173 1714 1219 adciscunt,
1734 1173 1825 1212 nisi

187 1252 242 1292 de
264 1251 407 1291 totius
437 1250 562 1290 uitae
584 1254 709 1289 statu
743 1247 1021 1288 confessam.
1052 1246 1138 1286 His
1173 1245 1348 1285 nullum
1378 1245 1619 1295 hucusque
1654 1255 1826 1283 nomen

184 1322 382 1363 inditum
401 1327 484 1361 est.
508 1321 577 1361 Illi
598 1319 767 1360 fratres
788 1317 1105 1358 uenerationis
1127 1322 1460 1356 sacrosanctae
1483 1315 1826 1355 communionis

192 1393 487 1445 appellantur
511 1391 536 1432 ¹.
561 1391 815 1431 Fautorem
843 1390 963 1429 inter
992 1388 1109 1428 alios
1130 1388 1303 1428 habent
1325 1387 1597 1438 episcopum
1634 1385 1661 1436 Ξ,
1685 1386 1762 1437 qui
1783 1392 1828 1426 et

193 1464 519 1505 benedictione
554 1474 639 1502 sua
668 1461 908 1512 utriusque
943 1458 1328 1510 congregationis
1361 1457 1622 1498 institutum
1653 1457 1824 1505 sanxit,

186 1535 454 1587 placuitque
472 1542 568 1574 tam
581 1533 669 1584 ipsi
683 1543 823 1584 quam
840 1531 929 1571 illis
947 1531 1013 1570 uti
1031 1541 1207 1579 omnes,
1223 1535 1397 1569 statuto
1413 1528 1576 1568 adhoc
1592 1528 1680 1578 die,
1700 1527 1827 1567 domi

187 1613 376 1648 nostrae
404 1604 729 1645 Eucharistiae
754 1614 889 1643 sacra
912 1607 1114 1651 sumant,
1138 1600 1261 1652 quod
1282 1606 1325 1640 et
1347 1600 1591 1650 hactenus,
1611 1611 1704 1639 non
1728 1599 1828 1639 sine

188 1689 361 1729 magno
402 1687 563 1717 eorum
598 1675 910 1715 emolumento
942 1678 985 1713 et
1019 1671 1338 1724 praesentium
1382 1670 1720 1721 aedificatione,
1763 1670 1828 1710 fa-

189 1755 317 1790 ctum
339 1753 424 1788 est.

267 1819 318 1861 In
340 1818 561 1870 operibus
589 1815 940 1857 misericordiae
962 1814 1080 1855 adeo
1103 1814 1313 1865 plerique
1334 1813 1502 1853 feruidi
1529 1819 1658 1863 sunt,
1684 1818 1733 1852 ut
1755 1812 1830 1852 de-

191 1890 389 1931 siderari
411 1890 485 1929 uel
508 1901 533 1929 a
555 1887 731 1928 sanctis
752 1886 866 1926 nihil
888 1890 1027 1937 queat
1061 1886 1198 1925 ultra.
1237 1884 1310 1925 Ex
1331 1884 1403 1924 his
1424 1884 1614 1935 quidam
1644 1884 1829 1923 carthu-

186 1963 454 2009 sianorum,
478 1960 556 2000 alii
578 1959 688 1999 Diui
710 1957 965 2007 Benedicti,
992 1956 1183 2008 quidam
1204 1956 1345 1996 etiam
1368 1954 1414 1995 S.
1437 1955 1682 1995 Francisci
1704 1955 1831 1995 insti-

187 2039 359 2083 tutum,
390 2031 538 2072 secuti
569 2035 697 2070 sunt:
729 2040 816 2068 nec
851 2027 1018 2068 desunt
1048 2028 1125 2079 qui
1161 2033 1205 2067 et
1240 2033 1453 2066 nostrum
1489 2026 1831 2066 ardentissimis

189 2104 312 2145 uotis
333 2101 562 2143 assectari
593 2100 800 2152 cupiunt.
825 2098 1107 2139 Benedictus
1131 2098 1404 2138 mitissimus
1425 2097 1576 2149 Jesus,
1605 2097 1683 2148 qui
1710 2098 1832 2137 inter

190 2180 394 2222 caetera,
434 2185 554 2225 quae
589 2173 636 2212 in
670 2170 769 2211 dies
805 2170 955 2210 seruis
990 2170 1085 2210 suis
1119 2169 1347 2220 suggerit,
1387 2174 1431 2208 et
1466 2169 1555 2208 hoc
1585 2169 1831 2209 consilium

190 2245 449 2286 instillauit.

270 2316 392 2357 Rdus
418 2315 466 2356 Ρ.
493 2313 739 2355 Salmeron
769 2314 1041 2363 lectionem,
1082 2324 1222 2364 quam
1260 2313 1418 2352 statim
1441 2312 1487 2352 in
1510 2312 1640 2352 initio
1663 2311 1734 2351 sui
1757 2311 1833 2350 ad-

192 2396 360 2429 uentus
390 2386 705 2428 enarrandam
741 2391 1021 2437 sumpserat,
1059 2385 1228 2436 plausu
1264 2384 1469 2423 maximo
1505 2383 1834 2434 uberrimoque

190 2460 345 2500 fructu
366 2457 678 2511 prosequitur.
704 2456 978 2496 Incredibile
1000 2455 1126 2495 dictu
1155 2461 1329 2506 quanto
1366 2455 1489 2494 idem
1515 2455 1614 2506 ipse
1647 2454 1835 2494 audien-

194 2531 312 2571 tium
331 2536 536 2581 stupore,
561 2529 632 2568 bis
654 2528 749 2568 iarn
770 2538 933 2567 coram
951 2527 1176 2577 Prorege,
1199 2526 1384 2566 fautore
1407 2526 1543 2565 huius
1560 2525 1651 2565 loci
1671 2537 1836 2577 synce-

196 2601 398 2652 rissimo,
418 2600 726 2641 concionatus
745 2598 817 2638 sit.
840 2597 941 2637 Hac
958 2597 1338 2648 quadragesima,
1366 2608 1472 2636 cum
1494 2596 1609 2636 foris
1631 2602 1729 2636 tum
1754 2596 1838 2636 do-

194 2673 272 2723 mi,
292 2672 546 2713 conciones
562 2670 750 2710 habitae
767 2675 874 2709 sunt
895 2669 1280 2720 quamplurimae,
1301 2674 1345 2708 et
1364 2668 1505 2708 etiam
1522 2680 1645 2708 nunc
1662 2668 1837 2707 haben-

195 2749 286 2784 tur.
312 2742 434 2784 Rflus
460 2742 509 2783 P.
535 2741 779 2782 Salmeron
801 2740 1085 2781 auditorium
1106 2739 1268 2779 habuit
1289 2740 1424 2791 quale
1447 2740 1600 2780 nullus
1629 2750 1839 2790 unquam

249 2926 263 2946 5
300 2926 351 2953 De
366 2926 430 2954 hac
447 2925 720 2960 congregatione
736 2925 814 2953 vide
831 2932 917 2960 quae
935 2925 1082 2952 diximus
1097 2924 1131 2952 in
1147 2929 1171 2953 t.
1188 2924 1230 2960 ΙΙ,
1252 2933 1319 2959 pag
1351 2925 1414 2959 668,
1430 2927 1546 2952 annot.
1563 2924 1592 2952 7.

251 2974 266 2993 4
303 2973 415 3009 Scipio
431 2974 579 3007 Rebiba,
594 2974 634 3001 de
650 2981 716 3008 quo
738 2974 815 3001 vide
832 2978 843 3000 t
873 2981 909 3009 11,
924 2981 1003 3008 pag.
1019 2973 1082 3008 669,
1097 2977 1217 3001 annot.
1239 2975 1264 3001 1.
