2047 3179
217 143 288 180 440
734 147 962 182 LITTERAE
989 155 1349 189 QUADRIMESTRES

219 251 358 291 quarn
394 240 607 292 profecta
635 247 720 282 est.
751 241 869 282 Cum
897 242 1053 293 itaque
1085 242 1305 281 maritum
1333 241 1468 280 huius
1496 241 1686 292 quidam
1717 240 1862 282 Pater>

220 311 416 358 audiret,
441 324 581 364 quam
603 313 702 353 eius
723 314 993 365 periculosa
1014 313 1111 353 uita
1134 318 1256 352 esset
1286 313 1329 352 ei
1359 312 1681 361 demostrauit,
1713 318 1757 352 et
1781 313 1861 353 ad-

221 384 400 424 monuit
421 395 557 424 suam
577 391 626 424 ut
647 385 892 424 mulierem
916 384 1187 435 inquireret,
1212 382 1336 434 quod
1353 390 1396 423 et
1418 383 1516 434 ipse
1538 382 1662 423 fecit.

300 454 537 495 Mercator
564 455 753 506 quidam
780 456 826 495 in
854 454 1116 505 Collegium
1145 460 1359 494 nostrum
1392 455 1520 494 uenit
1549 466 1634 494 sua
1662 462 1859 505 peccata

221 525 620 575 manifestaturus,
647 533 689 566 et
712 527 831 566 inter
854 526 961 575 alia,
987 537 1107 577 quae
1134 526 1175 565 ei
1198 525 1516 565 confessarius
1544 525 1758 575 iniunxit,
1783 525 1859 564 ad-

221 598 402 638 monuit
431 598 574 645 inum,
614 603 663 637 ut
690 596 939 649 quaedam,
965 609 1085 648 quae
1115 609 1208 636 non
1236 597 1352 636 bene
1388 606 1765 648 comparauerat,
1791 608 1868 636 re·

222 669 450 720 stitueret;
483 675 527 709 et
558 680 662 709 cum
694 669 755 708 2.0
787 668 938 708 eidem
968 668 1097 708 Patri
1127 667 1442 717 confiteretur,
1476 679 1625 719 neque
1656 678 1706 707 se
1735 679 1761 706 a
1783 678 1861 718 pa-

222 741 309 780 ctis
330 740 610 792 quibusdam
639 740 813 780 illicitis
842 739 1163 790 abstinuisset,
1195 751 1314 791 quae
1341 745 1480 779 antea
1509 739 1660 779 fuerat
1682 738 1858 779 confes·-

223 823 316 862 sus,
340 811 478 852 Pater
500 812 546 851 in
568 820 743 862 quanto
765 812 973 863 periculo
996 811 1092 851 uita
1115 811 1214 851 eius
1235 817 1507 851 uersaretur
1529 811 1697 850 iterum
1727 816 1866 860 atque

222 884 392 923 iterum
413 882 730 932 denunciauit,
754 882 878 934 quod
899 882 1269 933 perterrefactus
1284 881 1493 931 audiens,
1514 881 1706 922 vivendi
1724 881 1863 921 ratio-

223 966 330 995 nem
352 955 489 995 simul
511 960 555 995 et
577 965 733 995 mores
755 960 1049 995 commutare
1080 954 1302 1004 decreuit,
1338 961 1381 993 et
1402 953 1509 993 licet
1539 953 1633 992 iam
1656 965 1682 992 a
1704 952 1867 992 multis

225 1027 360 1066 annis
382 1027 429 1066 in
450 1037 504 1066 eo
527 1026 653 1066 uitae
675 1026 888 1066 instituto
917 1032 1282 1078 perseuerasset,
1306 1024 1429 1065 unde
1461 1025 1649 1064 diuitias
1677 1024 1862 1064 abunde

225 1098 341 1138 satis
359 1091 736 1149 comparauerat,
762 1097 888 1137 omni
904 1103 1062 1137 tamen
1084 1096 1380 1136 incommodo
1400 1102 1685 1147 contemptO,
1706 1094 1869 1134 maluit

226 1169 414 1210 Christo
436 1169 572 1209 nouis
603 1169 782 1210 uiribus
811 1169 1016 1209 militari.
1043 1168 1179 1219 Quod
1200 1168 1297 1208 fere
1318 1168 1441 1208 idem
1463 1167 1613 1217 alteri,
1647 1167 1725 1218 qui
1746 1166 1868 1206 simi-

227 1241 346 1281 libus
367 1241 546 1292 laqueis
569 1241 798 1281 auaritiae
817 1247 984 1292 captus
1005 1247 1120 1290 erat,
1146 1239 1358 1290 contigit.

307 1312 416 1352 Fuit
436 1313 556 1352 alius
573 1311 730 1361 homo,
755 1312 831 1364 qui
850 1312 1095 1352 mulierem
1116 1322 1264 1360 suam,
1289 1310 1360 1350 ira
1381 1309 1582 1362 quadam
1607 1315 1873 1360 correptus,

230 1384 417 1424 uolebat
433 1384 710 1435 interficere,
737 1389 989 1435 propterea
1013 1382 1136 1435 quod
1157 1383 1213 1431 ei,
1245 1381 1404 1422 nescio
1426 1380 1675 1432 quomodo,
1706 1379 1871 1419 mulier

229 1456 491 1496 membrum
530 1456 767 1508 quoddam
807 1456 1199 1504 obtruneauerat3
1242 1453 1365 1493 hunc
1407 1452 1644 1492 hominem
1682 1451 1872 1502 quidam

228 1527 369 1568 Pater
391 1528 637 1578 allocutus,
661 1540 768 1568 cum
790 1527 831 1567 ei
853 1527 999 1568 multa
1017 1526 1227 1576 dixisset,
1247 1525 1390 1565 animi
1407 1524 1508 1564 eius
1529 1521 1872 1563 excandescen-

230 1599 344 1639 tiam
373 1599 483 1639 fecit
515 1599 704 1639 omnino
736 1598 998 1649 deseruere,
1029 1604 1073 1638 et
1104 1597 1284 1645 mulier,
1310 1596 1442 1636 cuius
1471 1595 1567 1635 uita
1591 1595 1636 1634 in
1665 1594 1873 1645 periculo

239 1670 329 1710 sita
350 1678 466 1721 erat,
490 1676 590 1711 tuta
614 1671 804 1711 omnino
828 1670 993 1710 effecta
1015 1676 1100 1709 est.

313 1742 448 1782 Alius
469 1742 629 1793 homo,
654 1743 732 1794 qui
754 1753 836 1793 per
857 1742 956 1782 dies
983 1741 1155 1781 multos
1183 1738 1492 1780 confessionis
1513 1745 1557 1777 et
1589 1735 1875 1777 communio-

234 1813 308 1853 nis
342 1822 641 1854 sacramenta
671 1814 1077 1866 frequentauerat,
1106 1812 1191 1852 fuit
1221 1811 1294 1851 die
1321 1809 1524 1862 quodam
1555 1819 1730 1858 magna
1766 1818 1875 1858 qua-

234 1886 361 1937 piam
393 1885 565 1926 iniuria
598 1885 868 1935 lacessitus,
900 1885 1020 1925 alius
1047 1894 1249 1935 namque
1278 1881 1462 1934 publice
1494 1891 1599 1920 eum
1626 1879 1754 1930 ligno
1774 1890 1878 1930 per-

236 1962 464 2008 cusserat;
488 1963 532 1997 et
554 1969 660 1997 cum
678 1957 755 1996 diu
777 1957 1038 2007 ambigeret
1059 1955 1169 2006 quid
1190 1953 1276 1994 sibi
1291 1952 1559 1993 faciendum
1580 1956 1703 1990 esset
1725 1949 1772 1989 in
1787 1949 1879 1988 hac

234 2040 301 2080 re,
322 2029 452 2069 venit
474 2029 534 2069 ad
560 2040 666 2068 eum
687 2027 889 2079 Patrem,
923 2027 998 2067 cui
1033 2025 1373 2067 conscientiam
1405 2023 1588 2075 aperire
1625 2032 1877 2061 consueue-

235 2106 328 2151 rat,
358 2106 407 2140 ut
436 2100 493 2140 ab
525 2100 690 2140 eodem
726 2099 972 2140 consilium
1003 2102 1208 2150 caperet:
1242 2095 1458 2148 quamuis
1486 2095 1580 2134 iarn
1609 2093 1770 2133 diebus
1801 2092 1883 2131 ali-

238 2178 350 2224 quot
389 2183 524 2212 suam
558 2172 868 2223 ignominiam
904 2169 1169 2211 aduersarii
1203 2173 1353 2208 morte
1390 2176 1697 2217 compensare
1732 2163 1888 2215 requi-

236 2244 426 2283 siuerat.
446 2243 584 2284 Pater
605 2243 725 2283 iram
746 2243 846 2283 eius
866 2241 1065 2292 sedauit,
1089 2247 1133 2280 et
1154 2240 1202 2280 in
1223 2250 1367 2279 causa
1386 2237 1470 2277 fuit
1491 2242 1540 2276 ut
1557 2235 1765 2286 inimico,
1788 2234 1883 2274 iam

239 2314 403 2355 effecto
425 2315 592 2366 amico,
616 2315 740 2355 hanc
762 2313 981 2354 iniuriam
1001 2312 1275 2353 remitteret.

319 2386 455 2426 Alius
475 2387 614 2426 homo
638 2385 881 2426 consessus
903 2392 988 2434 est,
1012 2384 1090 2436 qui
1124 2383 1360 2423 hominem
1391 2380 1532 2420 alium
1554 2379 1632 2419 diu
1655 2379 1880 2418 obserua-

242 2464 377 2498 verat
397 2464 446 2498 ut
469 2469 573 2498 eum
596 2458 906 2507 interime1·et;
945 2466 1144 2507 cumque
1173 2463 1412 2504 nunquam
1443 2450 1742 2491 commodum
1769 2455 1881 2489 tem-

241 2541 328 2580 pus
353 2535 521 2570 nactus
550 2535 689 2578 esset,
715 2540 799 2568 suo
832 2527 1036 2579 pessimo
1064 2525 1314 2577 desyderio
1344 2523 1555 2574 nequiuit
1585 2520 1878 2561 satisfacere:

242 2601 288 2640 id
309 2607 442 2641 tanta
464 2601 709 2651 diligentia
730 2604 1085 2652 procurauerat,
1112 2603 1362 2648 propterea
1384 2594 1509 2646 quod
1530 2594 1720 2644 alapam
1740 2592 1782 2631 ei
1805 2590 1882 2630 ad-

245 2672 485 2712 uersarius
513 2672 791 2723 impegerat3
822 2681 974 2721 neque
1002 2681 1059 2709 ex
1089 2668 1179 2708 hac
1201 2673 1334 2718 parte
1355 2666 1507 2706 solum
1527 2665 1625 2704 uita
1648 2663 1786 2703 huius
1808 2662 1884 2702 ho-

245 2743 382 2782 minis
404 2743 776 2794 periclitabatur,
800 2752 909 2781 nam
931 2740 1174 2780 mulierem
1196 2737 1450 2789 quamdam
1485 2746 1646 2776 secum
1668 2733 1890 2782 habebat,

247 2825 352 2853 cum
388 2825 479 2864 qua
509 2814 656 2854 multa
685 2812 989 2864 perpetrabat
1019 2811 1111 2851 alia
1141 2815 1361 2862 peccata:
1394 2806 1662 2848 admonitus
1682 2804 1721 2844 is
1742 2810 1810 2844 est
1841 2803 1889 2842 in

246 2884 543 2925 confessione
564 2890 614 2924 ut
635 2891 846 2924 veterem
876 2883 1114 2923 hominem
1141 2886 1334 2921 exueret
1369 2886 1412 2920 et
1451 2879 1661 2918 indueret
1695 2885 1884 2915 nouum.

331 2955 466 2995 Alius
489 2955 732 2995 confessus
754 2960 823 2994 est
844 2954 937 3005 qui,
958 2965 1065 2993 cum
1085 2952 1202 2992 duas
1219 2951 1357 2991 simul
1378 2960 1552 2989 onres
1574 2947 1781 2996 haberet,
1804 2956 1890 2997 per
