2047 3179
856 141 938 178 Ax.
971 141 1060 177 1554
1707 139 1770 176 181

138 247 283 291 ceret,
308 241 510 282 maxime
533 246 632 281 erat
654 238 926 280 uerendum:
949 237 1073 288 quod
1094 236 1132 276 si
1154 236 1429 286 contigisset
1451 235 1591 286 (quod
1613 234 1768 274 Domi-

141 324 230 352 nus
251 313 467 362 auertat),
493 312 602 363 quid
623 310 727 350 inde
749 310 856 349 mali
886 315 1037 348 ortum
1064 308 1246 359 publice
1266 306 1442 354 fuisset,
1469 306 1682 345 omnibus
1705 307 1766 345 iu-

143 383 394 423 dicandum
416 383 641 434 relinquo,
665 381 787 433 quod
804 380 850 420 in
872 379 1131 431 periculum
1152 390 1207 417 ac
1229 377 1480 416 discrimen
1503 376 1638 415 huius
1661 376 1770 414 ciui-

145 454 254 494 tatis
274 455 401 494 salus
422 460 688 504 uocaretur,
712 463 849 504 quem
877 462 1037 490 omnes
1063 450 1106 489 in
1136 449 1259 488 idem
1289 448 1538 487 haereseos
1570 458 1767 486 coenum

145 525 311 576 dilapsi
339 525 543 565 animum
570 522 882 576 recepissent?
911 533 1016 561 cum
1044 531 1180 560 nemo
1207 531 1298 559 non
1331 519 1513 569 ignoret
1542 529 1670 569 spem
1692 518 1770 556 im-

145 596 369 647 punitatis
397 596 533 647 (quae
554 600 694 646 caput
715 599 784 634 est
815 593 965 633 omnis
992 591 1233 639 audaciae)
1263 589 1490 641 peccandi
1518 589 1770 628 maximam

145 678 248 706 esse
275 667 555 706 illecebram.
588 665 765 706 Verum
805 663 1057 713 Dominus,
1090 662 1169 714 qui
1205 661 1428 713 populum
1457 671 1590 700 suum
1620 660 1665 699 in
1693 659 1770 699 ho-

144 737 283 777 stium
305 737 510 777 furorem
537 736 705 777 coniici
733 747 825 776 non
853 734 988 775 facile
1017 732 1267 784 aliquando
1295 731 1483 783 patitur,
1515 742 1621 770 cum
1650 731 1772 770 illius

96 796 99 798 ’
145 809 289 848 multo
311 808 537 848 maiorem
559 819 720 847 curam
741 813 889 858 gerat,
915 817 1055 857 quam
1072 805 1146 845 ille
1168 805 1266 856 ipse
1284 804 1357 843 uel
1373 815 1430 842 ne
1454 802 1664 852 cogitare
1681 802 1775 853 qui-

144 880 248 919 dem
270 886 447 930 posset,
472 880 538 919 sic
561 879 660 919 eius
681 879 887 919 animum
916 876 1180 926 illustrauit,
1210 883 1259 915 ut
1281 875 1526 915 ueritatem
1556 885 1649 913 non
1676 885 1773 913 cer-

136 956 273 991 neret
293 950 446 1001 modo,
470 950 551 990 sed
570 957 794 1001 tanquam
815 948 961 989 oculis
982 947 1176 988 uideret.
1196 945 1315 986 Nam
1333 945 1452 986 filius
1468 944 1772 985 illustrissimi

144 1022 304 1071 Ducis,
329 1033 583 1073 omnesque
602 1022 723 1062 filiae
746 1020 754 1039 ¹
773 1027 816 1061 et
835 1019 1046 1069 ancillae,
1071 1030 1191 1070 quae
1209 1019 1365 1070 plures
1380 1023 1486 1057 sunt
1504 1028 1644 1068 quam
1661 1027 1772 1055 nun-

139 1105 284 1144 quam
306 1093 503 1133 alicuius
524 1093 748 1144 principis
768 1091 980 1141 uiderim,
1004 1095 1164 1130 nostro
1185 1089 1314 1129 Patri
1335 1088 1578 1128 confessae
1592 1087 1637 1127 in
1658 1087 1774 1137 vigi-

147 1165 206 1205 lia
237 1165 587 1216 Assumptionis
614 1165 825 1215 Virginis
857 1163 1034 1203 Mariae
1067 1161 1415 1202 sanctissimum
1447 1159 1775 1200 Eucharistiae

140 1242 494 1276 sacramentum
515 1247 770 1287 sumpsere,
794 1234 957 1286 hisque
979 1233 1095 1273 duos
1110 1233 1290 1272 libellos
1307 1231 1549 1272 doctrinae
1562 1230 1775 1270 christia-

148 1320 236 1348 nae
258 1308 381 1347 idem
401 1307 541 1347 Pater
561 1307 730 1347 attulit:
754 1306 954 1347 accessit
976 1304 1100 1357 quod
1122 1304 1215 1353 illa,
1253 1314 1371 1354 quae
1398 1302 1516 1342 falsa
1543 1301 1654 1341 boni
1683 1300 1774 1352 opi-

145 1379 286 1419 nione
303 1379 442 1419 ducta
461 1379 527 1418 sic
545 1390 594 1419 se
616 1379 662 1418 in
678 1377 916 1418 teterrimo
935 1388 1094 1417 errore
1116 1375 1508 1426 ingurgitauerat,
1528 1380 1577 1413 ut
1599 1373 1777 1424 expleri

147 1462 388 1502 nunquam
408 1462 547 1501 posse
577 1450 665 1490 sibi
698 1449 950 1497 uideretur,
980 1459 1099 1499 quae
1127 1446 1307 1487 tamdiu
1327 1446 1430 1486 luce
1460 1445 1697 1495 destituta,
1731 1444 1777 1483 in

146 1522 351 1561 tenebris
371 1528 560 1561 uersata
590 1521 756 1571 fuerat,
786 1520 832 1560 in
862 1519 994 1560 cuius
1028 1518 1183 1558 animo
1211 1518 1278 1558 sic
1305 1517 1557 1557 haereseos
1593 1516 1777 1556 macula

146 1592 383 1633 insederat
405 1599 543 1643 atque
565 1592 926 1641 inueterauerat,
948 1596 997 1630 ut
1019 1601 1111 1629 non
1133 1589 1305 1640 exiguo
1335 1588 1496 1628 labore
1531 1587 1673 1627 deleri
1701 1598 1777 1638 po-

149 1664 310 1713 tuerit,
343 1664 400 1703 ab
436 1664 653 1715 opinione
688 1662 885 1714 denique
914 1661 1073 1712 cessit3
1104 1666 1377 1712 perpetuam
1399 1658 1506 1699 8¹³2
1538 1658 1779 1699 Ecclesiae

146 1734 389 1776 Romanae
412 1735 692 1775 catholicam
713 1734 848 1774 fidem
872 1733 1098 1785 promisit,
1126 1732 1337 1784 promisit
1361 1737 1404 1771 et
1437 1732 1557 1771 ultro
1580 1742 1629 1770 se
1662 1741 1777 1770 sem-

148 1819 231 1859 per
251 1807 408 1847 uerbis
425 1806 516 1846 ΚΕΗ
534 1806 682 1846 nostri
698 1806 848 1846 Patris
866 1805 1002 1845 fidem
1020 1804 1348 1853 adhibituram,
1369 1802 1442 1843 cui
1460 1802 1675 1842 confessa
1693 1806 1778 1851 est,

151 1886 195 1919 et
217 1879 453 1919 celebrato
475 1878 532 1918 ab
556 1878 717 1918 eodem
739 1888 874 1917 sacro
897 1877 942 1917 in
964 1877 1063 1916 cius
1085 1876 1207 1924 aula,
1243 1881 1287 1915 et
1315 1874 1475 1914 habita
1499 1874 1554 1913 de
1573 1872 1678 1913 S.1110
1701 1872 1779 1913 Sa-

148 1957 390 1991 cramento
411 1950 651 2000 concione,
675 1949 790 1989 satis
811 1960 924 1988 sane
935 1948 1102 1988 deuote
1124 1946 1182 1987 ad
1204 1945 1393 1986 Domini
1412 1957 1607 1985 coenam
1625 1955 1780 1984 acces·
1829 1998 1834 2001 ι

148 2024 225 2063 sit.
249 2023 310 2063 Ut
331 2028 578 2074 praeterea
599 2021 698 2060 eius
721 2019 984 2060 assiduitati
1005 2019 1343 2066 consuleretur,
1373 2017 1418 2057 id
1448 2016 1677 2056 Dominus
1699 2027 1781 2067 per

149 2095 293 2135 hosce
315 2094 412 2134 dies
439 2100 661 2145 operatus
688 2098 778 2142 est,
809 2097 858 2131 ut
885 2102 1028 2131 unum
1056 2102 1114 2130 ex
1135 2089 1335 2141 punctis.
1366 2100 1485 2140 quae
1513 2087 1650 2128 Pater
1678 2088 1780 2127 Illu-

150 2166 382 2206 strissimo
403 2165 525 2205 Duci
555 2164 614 2204 ad
640 2163 802 2204 uxoris
830 2163 1040 2214 regimen
1068 2162 1262 2202 dederat
1292 2160 1432 2212 (quod
1463 2160 1616 2200 adhuc
1643 2158 1782 2199 nimis

150 2240 349 2281 arduum
369 2238 520 2278 uisum
541 2236 640 2286 fuit)
662 2234 961 2287 exequutioni
983 2232 1360 2274 demandaretur:
1380 2238 1427 2272 ut
1450 2231 1666 2271 videlicet
1683 2241 1779 2270 mu-

151 2312 236 2351 lier
257 2311 331 2350 uel
354 2310 399 2349 in
421 2308 613 2348 castello
637 2307 711 2347 vel
739 2318 832 2346 non
860 2307 999 2357 longe
1020 2305 1268 2345 habitaret.
1296 2302 1389 2343 Res
1411 2301 1622 2354 profecto
1657 2300 1782 2340 haud

151 2381 329 2422 minimi
352 2380 587 2420 momenti:
607 2389 714 2418 nam
737 2377 775 2417 si
796 2389 943 2428 nuper
961 2388 986 2416 a
1008 2375 1211 2428 quodam
1228 2374 1462 2425 Episcopo
1480 2373 1779 2421 domesticus,

150 2453 310 2494 nescio
331 2452 449 2504 quis,
474 2450 531 2490 ad
553 2450 704 2502 ipsam
724 2448 917 2489 Illmam.
942 2448 1121 2488 Ducem
1135 2458 1241 2487 cum
1261 2446 1363 2498 ipso
1385 2445 1517 2485 Duce
1538 2444 1633 2484 fere
1656 2443 1786 2483 habi--

152 2532 326 2565 tantem
354 2524 526 2563 missus
553 2528 643 2571 est,
681 2521 759 2572 qui
790 2519 1002 2560 eamdem
1032 2519 1300 2559 hortaretur
1329 2525 1378 2558 ut
1410 2529 1436 2557 a
1465 2516 1782 2556 familiaritate

150 2596 300 2636 nostri
326 2595 481 2635 Patris
511 2592 790 2641 discederet,
824 2603 909 2631 nec
944 2591 1071 2630 illum
1099 2591 1222 2630 ultra
1250 2588 1528 2638 admitteret,
1558 2586 1782 2638 quoniam

149 2669 356 2708 futurum
378 2673 447 2707 est
468 2665 580 2706 illud
600 2670 783 2716 tempus
801 2663 866 2712 (ut
887 2674 913 2702 a
935 2662 1028 2702 filio
1050 2661 1179 2701 lllmi.
1200 2660 1347 2701 Ducis
1368 2665 1530 2700 nostro
1548 2658 1675 2698 Patri
1697 2657 1782 2696 fuit

146 2739 362 2790 relatum)
399 2750 489 2790 quo
517 2747 677 2777 omnes
710 2735 818 2775 hinc
840 2734 1097 2784 abigemur;
1133 2732 1241 2784 quid
1261 2731 1391 2771 fieret
1419 2730 1458 2770 si
1482 2730 1623 2777 longe
1655 2729 1785 2768 abes-

146 2817 220 2852 set
240 2816 514 2863 pateretque
536 2807 707 2848 aditus?

204 2971 214 2991 ¹
253 2971 339 2998 Vide
358 2971 505 2998 Pomxm
522 2970 681 3000 Clzr0n.,t
711 2976 756 3002 1v,
773 2977 791 2996 n
819 2969 862 3000 95,
879 2977 954 3003 pag.
971 2968 1015 3001 ῦὸ,
1032 2971 1146 2995 annot.
1165 2968 1186 2994 l.
