2047 3179
862 146 944 183 ΑΝ.
977 147 1067 183 1555
1716 146 1785 183 273

156 252 460 298 peccatorum
482 246 541 286 ad
560 244 894 297 poenitentiam
919 241 1182 291 conuersiO,
1202 247 1432 281 testantur
1454 241 1499 280 id
1522 242 1659 291 plane
1688 254 1780 281 non

157 316 374 357 minimae
405 317 660 357 lachrimae
689 322 733 355 et
758 314 981 366 gemitus,
1020 312 1096 364 qui
1132 312 1177 352 in
1212 318 1373 351 nostro
1409 312 1580 362 templo
1608 312 1653 351 in
1685 312 1783 352 dies

158 388 486 427 exaudiuntur.
518 387 607 438 Qui
635 392 771 426 antea
802 385 886 424 sub
917 383 1077 423 mundi
1111 389 1243 422 erant
1275 382 1491 433 imperio,
1533 394 1656 422 nunc
1698 384 1782 422 sub

159 458 330 499 Christi
354 458 554 498 militant
575 457 759 497 uexillo:
791 455 868 507 qui
896 453 1106 505 turpibus
1137 460 1275 493 antea
1306 460 1350 492 et
1378 453 1592 493 obscenis
1616 453 1783 493 irretiti

159 536 291 569 erant
313 529 453 578 uitiis,
477 529 549 569 his
578 540 700 568 nunc
730 526 947 578 expediti,
980 524 1214 576 perfectae
1245 516 1504 563 honestatis
1527 530 1570 563 et
1598 524 1785 574 pietatis

159 606 266 640 sunt
288 601 502 640 omnibus
537 599 763 650 exemplo.
800 596 890 638 Sed
912 596 1027 636 haec
1063 595 1263 646 longiori
1299 606 1527 645 sermone,
1556 606 1660 634 curn
1694 607 1785 635 non

157 683 302 711 vnum
323 677 403 711 aut
421 671 618 711 alterum
640 675 765 710 extet
785 668 921 709 huius
937 667 1004 707 rei
1021 667 1300 717 exemplum,
1321 666 1401 706 sed
1418 677 1564 717 prope
1581 666 1784 706 innume-

158 726 225 791 ra,
244 742 464 793 prosequi
484 753 578 781 non
600 748 669 781 est
691 740 888 780 animus.

238 812 314 852 Ad
349 812 466 852 haec
497 812 665 852 nefarii
691 810 879 862 quidam
911 821 996 849 nec
1023 807 1256 848 inferioris
1286 807 1569 848 conditionis
1606 814 1786 848 tantum

157 883 259 933 uiri,
283 883 365 923 sed
387 889 430 923 et
452 883 589 923 huius
611 882 816 923 ciuitatis
837 880 1063 933 primarii,
1101 891 1300 931 quorum
1327 879 1512 919 infamis
1544 879 1640 919 uita
1672 881 1784 920 nulli

156 965 251 993 non
274 959 374 993 erat
396 959 522 1004 nota,
553 954 677 1002 quod
704 953 779 993 siti
807 951 1149 1003 inextinguibili
1177 951 1472 990 inimicorum
1507 950 1784 1001 sanguinem

158 1030 431 1076 expeterent
459 1036 514 1064 ac
543 1024 687 1064 armis
714 1023 869 1064 onusti
890 1033 1074 1074 semper
1102 1022 1502 1073 conspicerentur,
1525 1033 1665 1072 nunc,
1696 1021 1787 1061 illis

158 1095 406 1146 depositis,
449 1095 504 1135 iis
540 1095 747 1135 animum
781 1094 988 1134 muniere
1023 1093 1190 1143 armiS‚
1234 1093 1400 1144 quibus
1442 1093 1619 1133 diutino
1667 1093 1786 1132 bello

160 1166 385 1206 mundum
416 1177 711 1217 expugnare,
746 1176 935 1205 carnem
974 1164 1206 1215 subigere,
1245 1164 1521 1204 daemonem
1555 1163 1787 1203 debellare

159 1244 345 1290 queant.
369 1236 459 1277 Sed
476 1249 547 1287 ne,
572 1237 681 1277 dum
704 1237 898 1277 nimium
918 1246 1135 1287 properO,
1165 1235 1295 1286 leges
1316 1235 1634 1286 praescriptas
1655 1246 1787 1274 exce-

157 1309 267 1349 dere
288 1308 465 1359 uidear,
494 1320 639 1348 vnum
666 1309 754 1347 hoc
777 1308 894 1347 inter
916 1314 1012 1346 tam
1041 1307 1184 1346 multa
1215 1306 1378 1346 audire
1407 1307 1673 1357 exemplum
1695 1317 1787 1345 non

156 1379 230 1430 sit,
255 1391 445 1431 quaeso,
469 1390 631 1430 graue.
655 1378 744 1419 Vir
764 1384 865 1418 erat
885 1378 973 1418 hac
1001 1377 1047 1417 in
1068 1377 1183 1417 urbe
1213 1376 1403 1428 quidam
1433 1389 1527 1417 non
1559 1377 1787 1417 obscurae

154 1450 426 1501 nobilitatis,
449 1451 541 1501 qui,
566 1450 704 1501 graui
725 1450 782 1489 ab
804 1449 991 1489 inimico
1015 1454 1208 1499 accepto
1226 1449 1434 1497 uulnere,
1460 1449 1505 1488 in
1523 1448 1648 1488 uitae
1670 1460 1787 1499 pene

154 1522 432 1562 uersabatur
455 1521 737 1562 discrimine:
762 1520 1003 1560 confessus
1027 1526 1184 1560 tamen
1206 1518 1390 1559 cuidam
1409 1532 1466 1559 ex
1484 1520 1671 1568 nostris,
1693 1520 1786 1559 alta

155 1594 426 1633 exclamans
447 1604 578 1642 uoce,
604 1592 649 1631 in
666 1593 916 1631 multorum
936 1591 1217 1643 praesentia,
1239 1591 1398 1642 pansis
1414 1602 1462 1630 se
1480 1591 1687 1630 brachiis
1704 1591 1786 1630 ini-

156 1664 329 1704 micum
350 1664 676 1715 amplexurum
696 1662 930 1714 pollicitus
951 1668 1035 1702 est:
1058 1668 1240 1701 tantum
1263 1661 1393 1701 abest
1414 1668 1463 1701 ut
1479 1662 1553 1701 uel
1577 1662 1622 1701 in
1645 1662 1714 1701 ius
1737 1661 1784 1701 il—

157 1736 252 1775 lum
278 1747 449 1775 uocare
480 1736 550 1774 uel
584 1734 803 1774 iniuriam
831 1733 1006 1773 illatam
1035 1733 1199 1773 ulcisci
1223 1734 1374 1773 uellet.
1394 1733 1507 1773 Erat
1532 1740 1575 1773 et
1600 1733 1718 1773 alius
1739 1733 1785 1772 in

159 1807 247 1846 hac
269 1806 432 1846 eadem
454 1805 567 1845 urbe
598 1816 690 1845 non
712 1804 915 1855 ignotus,
939 1804 1017 1855 qui
1039 1815 1087 1844 se
1109 1804 1296 1844 inimico
1319 1804 1536 1844 iniuriam
1554 1804 1785 1844 condona·

158 1885 314 1917 turum
336 1877 614 1928 promiserat
631 1875 832 1928 quidem,
853 1887 906 1915 ea
928 1881 1085 1915 tamen
1106 1875 1385 1925 conditione,
1410 1882 1459 1915 ut
1480 1875 1526 1914 in
1548 1875 1787 1915 ciuitatem

161 1960 254 1988 non
276 1948 350 1988 ille
373 1947 551 1988 ueniret
574 1947 690 1997 (erat
711 1946 834 1986 enim
850 1945 1017 1986 absens
1039 1946 1285 1996 inimicus),
1310 1958 1381 1996 ne,
1401 1957 1456 1985 eo
1474 1946 1520 1986 in
1536 1946 1650 1986 urbe
1667 1946 1782 1995 uiso,

163 2019 381 2070 antiquae
403 2018 600 2058 iniuriae
622 2017 886 2057 recordatio
907 2017 1283 2057 recrudesceret:
1311 2028 1421 2057 mox
1447 2029 1575 2067 uero,
1603 2017 1787 2057 cuidam

161 2101 220 2129 ex
250 2090 424 2130 nostris
460 2088 717 2137 confessus,
750 2099 844 2127 non
880 2087 1153 2138 efflagitauit
1182 2088 1319 2127 modo
1355 2088 1672 2138 obnixissime,
1706 2088 1787 2127 sed

162 2161 286 2201 misit
311 2161 452 2201 etiam
474 2160 532 2200 ad
550 2160 690 2208 illum,
715 2158 793 2209 qui
818 2158 1004 2208 diceret,
1027 2166 1076 2198 ut
1097 2159 1142 2198 in
1164 2159 1324 2199 urbem
1348 2166 1675 2209 reuerteretur,
1695 2171 1788 2210 quo

162 2232 283 2271 illius
306 2231 447 2282 pedes
476 2231 782 2270 oscularetur.

240 2301 465 2342 Virorum
492 2308 742 2352 utcumque
770 2301 1133 2352 praelibauimus
1160 2301 1493 2349 constantiam;
1531 2301 1790 2352 fragilioris

161 2385 301 2422 nunc,
326 2384 457 2424 rogo,
483 2384 624 2412 sexus
646 2372 754 2412 audi
776 2371 1028 2412 infractum
1050 2372 1272 2421 animum,
1297 2383 1352 2411 ac
1374 2372 1420 2411 in
1447 2372 1659 2412 muliebri
1690 2384 1790 2412 cor-

162 2455 274 2495 pore
287 2444 468 2483 uirilem
485 2443 803 2494 contemplare
820 2443 1271 2494 magnanimitatem.
1294 2442 1518 2482 Foemina
1535 2451 1637 2483 erat
1654 2455 1789 2495 quae-

163 2516 286 2565 dam,
312 2526 431 2566 quae
452 2514 608 2554 mariti
628 2520 828 2554 mortem
849 2513 913 2554 ita
933 2514 1103 2554 tulerat
1123 2513 1418 2565 impatienter
1441 2525 1496 2554 ac
1516 2513 1790 2555 immodera-

163 2595 223 2637 te,
248 2594 296 2626 ut
318 2586 506 2626 modurn
527 2585 824 2635 excogitarit,
847 2596 938 2636 quo
958 2591 1003 2625 et
1022 2585 1123 2636 ipsa
1142 2585 1228 2625 sibi
1245 2591 1443 2624 mortem
1459 2585 1787 2626 conscisceret.

163 2657 317 2707 Quare
341 2668 435 2696 non
457 2655 772 2696 manducabat
792 2667 1012 2707 unquam,
1045 2667 1138 2695 non
1160 2655 1434 2705 dormiebat,
1460 2655 1586 2696 humi
1608 2656 1792 2696 iacebat

162 2738 361 2778 semper,
386 2733 434 2767 ut
457 2727 546 2767 hac
568 2726 748 2767 ratione
770 2726 916 2766 uitam
938 2738 1044 2766 cum
1064 2733 1214 2766 morte
1236 2733 1560 2767 commutaret.
1593 2726 1792 2767 Dicebat

163 2798 289 2839 enim
308 2798 436 2839 haud
456 2797 555 2838 fieri
576 2808 715 2849 posse
736 2803 799 2847 ut,
824 2809 877 2837 eo
895 2797 1081 2848 priuata
1103 2798 1288 2847 maritO,
1320 2808 1458 2848 quem
1478 2797 1615 2838 unice
1636 2797 1793 2849 dilige-

163 2869 256 2918 bat,
279 2875 516 2920 superstes
538 2869 639 2920 ipsa
661 2868 856 2908 uiueret.
879 2867 965 2908 Dei
989 2867 1214 2908 iustitiam
1234 2874 1455 2919 proterua
1477 2869 1642 2909 mulier
1668 2869 1792 2909 incu-

162 2937 312 2980 sabat:
331 2940 376 2979 in
395 2939 568 2980 doloris
586 2939 957 2979 consolationem
975 2939 1144 2979 misera
1165 2938 1333 2979 inferni
1347 2939 1584 2980 cruciatus
1603 2939 1690 2980 sibi
1709 2940 1796 2980 ele-

321 3016 368 3052 Τ.
393 3027 433 3051 ιν
1574 3015 1612 3053 ι8
