2047 3179
903 126 986 162 AN.
1017 126 1109 163 1555
1751 129 1821 166 293

189 221 305 261 biles
327 234 383 262 ac
403 223 639 275 principes
659 223 861 263 ciuitatis
883 224 1088 264 maximo
1109 236 1195 264 nos
1231 235 1389 264 amore
1422 226 1654 276 prosequi,
1688 227 1821 266 cuius

189 293 257 332 rei
278 304 439 333 eorum
459 293 677 345 frequens
708 294 767 334 ad
795 294 1043 345 collegium
1076 301 1287 335 nostrum
1321 294 1552 335 aduentus
1586 296 1719 335 nobis
1748 308 1820 336 ar-

189 369 412 413 gumento
436 375 537 404 esse
558 371 725 416 potest.
745 365 961 406 Gaudent
988 366 1160 405 mutuis
1192 365 1384 406 Patrum
1411 366 1700 418 fratrumque
1729 369 1819 407 col-

187 433 370 485 loquiis,
393 435 559 486 quibus
580 435 644 475 ita
667 435 725 476 ad
746 436 967 476 uirtutem
989 448 1044 476 ac
1071 436 1158 476 Dei
1180 448 1388 477 amorem
1409 437 1745 488 accenduntur,
1770 444 1819 478 ut

187 506 317 545 multi
339 517 529 546 usuram
549 506 688 558 (quod
709 507 971 547 execrabile
1004 507 1169 547 uitium
1204 508 1453 548 multorum
1484 508 1627 548 corda
1655 508 1701 548 in
1729 509 1820 548 hac

188 577 465 627 praesertim
488 578 679 617 ciuitate
710 584 921 629 occupat,
960 585 1003 618 et
1038 586 1263 630 tanquam
1298 579 1637 619 immanissima
1672 580 1819 619 bestia

187 646 338 686 saeuit
355 658 410 686 ac
430 647 761 698 debacchatur)
774 659 919 699 aequo
933 653 1202 700 paratoque
1221 649 1378 690 animo
1396 651 1660 701 relinquant
1682 658 1820 702 atque

187 716 444 767 repudient;
469 729 663 769 quorum
682 719 893 759 nonnulli
914 719 1057 759 totius
1079 721 1205 760 uitae
1232 721 1430 760 crimina
1464 720 1518 761 R.
1556 720 1605 760 P.
1641 721 1820 774 Jacobo

185 786 360 827 Lainez
389 787 627 839 detexere,
660 789 779 830 inter
802 802 917 841 quos
948 791 1196 842 quemdam
1227 792 1409 831 silentio
1441 792 1698 843 praeterire
1728 804 1824 834 non

189 869 394 909 possum,
415 859 544 899 cuius
567 866 695 899 tanta
712 866 812 900 erat
830 861 979 900 uirtus
995 861 1211 912 uitaeque
1224 862 1485 913 integritas,
1503 868 1551 902 ut
1569 863 1657 902 hoc
1680 875 1820 913 anno,

188 929 425 969 communi
461 931 667 972 omnium
703 943 933 972 consensu
964 939 1103 984 atque
1139 934 1359 984 clamore,
1397 933 1533 974 huius
1567 935 1695 974 urbis
1727 935 1822 975 dux

189 999 329 1041 fuerit
350 1009 550 1042 creatus.
589 1001 760 1043 Multos
798 1004 1135 1055 praetermitto,
1169 1005 1246 1056 qui
1272 1016 1321 1045 se
1358 1004 1416 1045 ad
1449 1005 1634 1057 frugem
1664 1006 1818 1046 melio-

189 1082 287 1111 rem
307 1083 544 1123 recepere,
569 1084 685 1124 qnos
706 1074 753 1114 εί
776 1086 1015 1115 recensere
1041 1074 1229 1126 uellem,
1264 1076 1454 1116 modum
1489 1077 1713 1128 epistolae
1744 1089 1817 1118 ex—

188 1141 404 1183 cederem
435 1142 459 1184 ⁸.

263 1212 366 1253 Hoc
385 1220 543 1255 tamen
563 1215 709 1256 silere
729 1228 902 1268 nequeo
919 1217 947 1268 ²,
970 1217 1162 1257 militem
1186 1218 1434 1269 quemdam
1452 1218 1717 1270 hispanum,
1741 1220 1821 1271 qui

188 1295 295 1324 cum
314 1283 369 1324 R.
393 1284 532 1325 Patre
553 1294 714 1326 nostro
743 1287 918 1340 Jacobo
949 1287 1122 1327 Lainez
1155 1288 1395 1329 Florentia
1431 1300 1652 1340 egressus
1674 1295 1743 1330 est
1764 1302 1818 1330 ea

188 1363 341 1395 mente
364 1367 511 1408 eoque
534 1358 743 1409 consilio,
774 1365 824 1399 ut
856 1359 903 1399 in
923 1359 1137 1399 militiam
1170 1359 1561 1411 proficisceretur,
1588 1361 1720 1401 cuius
1748 1362 1816 1401 rei

183 1426 337 1475 gratia
376 1438 545 1478 equum
585 1428 671 1468 sibi
712 1428 905 1469 Genuae
943 1436 1140 1481 emerat,
1183 1431 1247 1470 ita
1287 1430 1478 1471 Patrum
1523 1431 1817 1483 fratrumque

187 1498 399 1548 exemplo
423 1505 708 1539 commotum
743 1512 860 1551 esse,
882 1506 932 1540 ut
967 1506 1170 1541 mentem
1199 1502 1571 1554 sententiamque
1606 1504 1817 1553 mutarit,

182 1574 322 1619 atque
344 1569 429 1608 sub
448 1568 634 1610 Christo
658 1570 876 1623 deinceps
898 1572 944 1612 in
965 1571 1198 1612 Societate
1219 1579 1381 1613 nostra
1406 1573 1607 1614 militare
1632 1585 1681 1614 se
1699 1575 1818 1614 uelle

182 1639 417 1689 pollicitus
436 1639 587 1692 fuerit,
614 1642 746 1682 cuius
767 1643 1050 1683 sanctissimi
1070 1644 1169 1683 uoti
1199 1655 1392 1695 compos
1426 1644 1593 1695 factus,
1618 1644 1817 1686 Romam

184 1709 421 1760 profectus
439 1718 506 1751 est
530 1724 635 1752 cum
657 1713 746 1753 alio
768 1714 929 1765 fratre,
953 1714 1030 1766 qui
1051 1720 1160 1754 tunc
1189 1716 1412 1767 temporis
1434 1716 1510 1756 hic
1538 1717 1583 1756 in
1613 1715 1818 1757 Societa-

184 1788 278 1820 tem
304 1780 456 1821 fuerat
478 1783 727 1824 admissus.

263 1851 358 1892 Nec
389 1854 669 1894 multonem
692 1862 797 1906 post
832 1857 1054 1897 sacerdos
1093 1858 1284 1909 quidam
1314 1857 1579 1898 Mediolano
1602 1858 1816 1899 Genuam

182 1923 308 1962 uenit
328 1922 610 1965 Societatem
631 1926 945 1977 ingressurus,
971 1929 1094 1980 quod
1116 1941 1222 1969 cum
1242 1929 1560 1980 impetrasset,
1584 1930 1713 1969 iussu
1731 1929 1817 1969 Pa-

186 1993 272 2033 tris
292 1993 465 2034 Lainez
486 1995 683 2037 Romam
704 1998 848 2048 petiit.
869 1998 984 2039 Tres
1006 2005 1112 2039 sunt
1133 2000 1287 2049 modo,
1313 2001 1391 2051 qui
1412 2001 1616 2040 maximo
1639 2001 1817 2041 deside—

185 2064 253 2104 rio
275 2071 492 2106 tenentur
514 2073 563 2106 ut
584 2068 672 2107 sibi
694 2068 846 2109 aditus
869 2070 928 2110 ad
948 2082 1033 2110 nos
1057 2076 1228 2122 pateat,
1254 2071 1375 2111 inter
1396 2082 1513 2122 quos
1535 2075 1603 2111 est
1625 2072 1816 2123 quidam

184 2135 349 2176 doctor
369 2137 610 2189 utriusque
632 2139 760 2187 iuris,
784 2140 861 2191 qui
888 2141 935 2180 in
956 2141 1045 2181 hac
1068 2142 1259 2182 ciuitate
1281 2142 1447 2182 iudicis
1470 2142 1620 2182 officio
1644 2155 1698 2183 ac
1720 2155 1814 2184 mu-

184 2218 294 2246 nere
310 2206 535 2258 fungitur,
559 2209 728 2260 quique
750 2210 868 2250 inter
885 2211 1101 2252 hommes
1122 2212 1301 2253 nobiles
1322 2213 1500 2264 primos
1528 2213 1715 2254 ordines
1738 2214 1813 2255 du-

183 2277 258 2316 cit.
283 2276 537 2329 Spectabat
571 2278 584 2297 ³
620 2279 674 2319 R.
700 2279 748 2319 P.
785 2280 958 2321 Lainez
992 2283 1342 2334 profectionem,
1376 2295 1516 2335 quam
1545 2284 1819 2336 propediem

181 2348 387 2388 futuram
416 2349 650 2400 credebat,
688 2363 793 2391 cum
816 2363 906 2403 quo
943 2353 1248 2404 Florentiam,
1279 2354 1445 2394 deinde
1482 2366 1595 2394 uero
1617 2354 1815 2396 Romam

182 2418 355 2458 iturum
376 2430 424 2458 se
446 2421 680 2471 sperabat.
704 2421 838 2462 Laus
867 2423 962 2463 Deo
994 2425 1097 2475 Opt.
1122 2425 1281 2475 Alam,
1314 2425 1397 2476 qni
1422 2424 1522 2464 illis
1543 2425 1664 2465 lzcmc
1694 2438 1816 2466 men-

181 2491 273 2528 tem
289 2489 453 2539 donat,
475 2494 543 2540 nt,
565 2491 851 2532 conculcatis
868 2493 1012 2534 lmz'ecs
1027 2495 1197 2534 numdl‘
1214 2496 1472 2535 honoribus
1489 2507 1543 2535 czc
1559 2496 1815 2547 dignitati-

183 2559 285 2606 (ms,
304 2559 405 2599 illis
421 2564 609 2600 tantum
630 2562 828 2612 slllzz‘ent,
850 2575 967 2615 quae
990 2566 1052 2605 ad
1069 2565 1313 2605 coelestem
1330 2565 1465 2606 illam
1482 2567 1697 2617 patriam
1707 2573 1814 2619 per-

182 2630 377 2670 ducunt.

262 2701 383 2740 Rflus
412 2701 461 2742 Ρ.
485 2703 657 2743 Lainez
686 2705 990 2747 concionatus
1019 2714 1089 2748 est
1110 2709 1198 2748 hoc
1221 2709 1424 2748 aduentu
1452 2709 1498 2749 in
1527 2711 1698 2761 templo
1720 2721 1814 2750 ma-

238 2836 245 2854 ¹
288 2844 330 2863 ne
345 2838 482 2865 modum
499 2840 665 2874 epistolae
679 2842 858 2869 excedam.
875 2843 1062 2872 Potiu-cus.

235 2884 248 2901 ²¹
286 2883 414 2912 dicam.
436 2885 484 2911 Id.

233 2930 248 2946 ⁵
287 2930 582 2965 Expectabnt.1d.
