2047 3179
918 138 998 175 Ax.
1030 138 1120 174 1534
1791 137 1839 173 69

909 587 1135 642 CCGIX

277 818 472 865 Joannes
496 818 677 855 Valerio

327 883 451 920 Patri
472 883 640 929 Ignatio
661 883 713 921 de
734 882 918 929 Loyola.

370 949 553 995 Mutina,
575 948 621 986 29
640 948 836 996 Augusti
858 948 949 985 1554
969 947 994 983 ¹,

973 1104 1069 1180 nis

286 1303 351 1344 La
375 1304 531 1355 gratia
554 1310 597 1343 et
620 1314 735 1354 pace
758 1301 829 1342 del
846 1301 1035 1352 Signor'
1061 1301 1130 1341 sia
1154 1311 1338 1352 sempre
1362 1311 1451 1339 con
1473 1311 1565 1339 n01.
1590 1298 1759 1340 Amen.

287 1375 582 1415 Hauendomi
617 1375 817 1426 imposto
852 1374 896 1413 la
933 1372 1077 1414 Santa
1114 1372 1377 1413 obedientia
1419 1371 1464 1412 di
1494 1371 1782 1412 manifestar’
1814 1384 1841 1412 a

206 1452 369 1487 vostra
391 1446 632 1486 Paternita
651 1447 692 1486 16
714 1456 822 1485 cose
844 1445 929 1485 che
949 1445 993 1484 la
1014 1443 1172 1484 diuina
1195 1443 1441 1484 clementia
1462 1454 1544 1494 per
1579 1454 1709 1483 mezo
1732 1443 1787 1483 (16
1810 1444 1842 1484 li

207 1518 311 1558 suoi
333 1518 458 1558 serui
478 1517 629 1558 inutili
651 1517 711 1557 ha
739 1522 932 1568 operato
953 1516 1000 1556 in
1021 1521 1184 1566 questa
1206 1522 1332 1555 terra
1354 1514 1504 1566 questi
1528 1522 1694 1565 quatro
1726 1515 1841 1555 mesi

209 1589 402 1641 passati;
434 1589 498 1629 mi
531 1588 739 1629 sforzaro
770 1587 1138 1637 (confidandomi
1158 1587 1234 1626 nel
1262 1585 1420 1626 diuino
1448 1585 1633 1634 fauore)
1664 1586 1720 1626 de
1741 1586 1839 1626 dire

210 1672 342 1700 come
363 1660 513 1712 quelle
535 1671 650 1700 sono
672 1665 882 1711 passate‚
911 1670 1001 1698 con
1023 1658 1174 1709 quella
1196 1657 1377 1697 breuita
1408 1656 1494 1697 che
1523 1661 1657 1708 potro
1684 1668 1837 1697 usare.

285 1730 666 1772 Incominciando
708 1729 768 1771 da
815 1730 969 1782 quello
1019 1729 1106 1769 che
1150 1740 1244 1769 non
1279 1728 1538 1768 solamente
1571 1740 1597 1768 a
1630 1728 1661 1767 li
1697 1728 1841 1767 animi

207 1803 390 1853 deuoti,
427 1814 504 1843 ma
539 1801 780 1852 etiamdio‚
816 1814 848 1842 a.
873 1801 903 1841 li
938 1800 1131 1851 Angioli
1165 1811 1322 1840 essere
1356 1800 1453 1840 sole
1488 1799 1544 1840 de
1579 1800 1842 1850 aUegrezza

208 1874 404 1926 grande.
426 1874 568 1914 Molte
590 1873 801 1914 adonche
822 1873 1006 1924 publice
1027 1870 1303 1924 peccatrici,
1320 1882 1458 1919 *mose
1480 1881 1564 1922 per
1589 1871 1746 1921 gratia
1768 1870 1842 1910 (161

210 1945 414 1997 Signor'‚
439 1945 499 1986 da
520 1945 586 1996 gli
608 1944 710 1985 suoi
737 1944 886 1984 errori
913 1955 1028 1984 sono
1064 1949 1184 1983 state
1218 1942 1436 1993 liberate3
1466 1941 1540 1982 fra
1575 1941 1701 1994 quali
1735 1941 1840 1993 due,

210 2029 364 2058 mosse
399 2028 489 2057 con
523 2015 702 2067 grande
733 2015 1033 2064 contritione,
1071 2025 1186 2054 sono
1216 2013 1388 2054 intrate
1421 2014 1542 2054 nelle
1563 2013 1840 2053 conuertite.

210 2088 261 2129 L'
287 2089 423 2138 altre,
448 2099 531 2140 per
553 2088 694 2127 molta
717 2092 944 2127 stretezza
964 2086 1027 2126 dil
1047 2086 1188 2136 luogo
1209 2088 1237 2136 2,
1261 2084 1301 2125 si
1321 2095 1468 2125 sonno
1487 2083 1843 2124 accommodate

209 2172 299 2200 con
321 2171 519 2211 persone
540 2158 585 2198 di
606 2164 742 2199 santa
763 2158 873 2198 vita.
898 2157 986 2198 Per
1007 2158 1050 2197 la
1069 2158 1177 2209 qual
1194 2167 1305 2197 cosa
1321 2155 1503 2207 grande
1521 2155 1843 2195 consolatione

212 2231 369 2271 hanno
389 2235 610 2282 receputo
631 2229 736 2269 tutti
757 2230 891 2280 quell'
914 2229 928 2268 i
950 2228 1076 2280 quali
1097 2239 1211 2269 sono
1231 2227 1374 2267 zelosi
1403 2227 1459 2267 de
1489 2228 1533 2266 la
1553 2227 1703 2266 salute
1724 2226 1780 2265 de
1801 2227 1843 2265 16

213 2302 380 2343 anime.
404 2302 461 2342 Et
482 2301 701 2342 massime
722 2312 805 2352 per
820 2311 975 2340 essere
990 2300 1186 2340 liberata
1203 2305 1276 2339 tra
1294 2299 1444 2350 quelle
1461 2309 1554 2338 una
1570 2297 1843 2349 giouenetta

213 2373 259 2413 di
281 2378 397 2413 sette
418 2385 445 2413 0
466 2379 561 2413 otto
585 2372 694 2412 anni
715 2372 760 2411 la
777 2372 885 2423 qual
906 2371 964 2411 da
982 2382 1074 2411 uno
1097 2369 1411 2422 (quantunche
1433 2368 1630 2409 douesse
1643 2368 1706 2408 lui
1722 2379 1841 2408 esse·

213 2456 263 2485 re
282 2445 406 2485 lume
427 2450 471 2484 et
492 2442 722 2494 sapientia
742 2453 769 2483 a
790 2442 822 2482 li
839 2443 966 2490 altri)
989 2445 1014 2482 6
1035 2447 1160 2482 stata
1175 2440 1367 2481 violata.
1386 2439 1443 2480 Et
1464 2440 1617 2491 quella
1638 2450 1720 2490 per
1737 2450 1842 2490 gra-

213 2515 277 2556 tia
298 2515 344 2555 di
365 2514 455 2555 Dio
476 2519 501 2555 e
517 2514 691 2555 intrata
713 2513 1124 2553 medesimamente
1153 2524 1210 2552 ne
1230 2512 1272 2551 16
1306 2510 1581 2551 conuertite.
1614 2509 1743 2550 Iddio
1770 2510 1844 2549 be-

212 2586 400 2627 nedetto
423 2586 488 2638 gli
509 2585 585 2625 dia
607 2584 761 2636 gratia
779 2583 825 2623 di
847 2583 1138 2635 perseuerar’
1159 2583 1294 2623 insin’
1317 2583 1361 2622 al
1382 2581 1485 2622 fine.

292 2657 434 2697 Molte
469 2655 791 2708 superstitioni
819 2655 1143 2695 abomineuole
1168 2654 1234 2705 (16
1263 2654 1416 2705 qualle
1451 2652 1530 2704 piu
1565 2652 1650 2692 che
1684 2663 1778 2692 non
1808 2651 1848 2691 si

213 2739 359 2779 pensa
380 2738 655 2779 regnauano
677 2726 723 2766 in
746 2732 907 2778 queste
939 2725 1084 2777 parti)
1107 2725 1167 2765 ha
1203 2725 1318 2765 tolto
1349 2724 1381 2764 il
1415 2723 1613 2775 Signore
1635 2724 1693 2763 da
1716 2723 1848 2762 molti

272 2913 278 2931 ¹
320 2913 586 2947 Autographum
602 2911 634 2939 in
650 2911 776 2945 duplici
792 2911 883 2943 solio,
899 2919 956 2938 nn.
977 2910 1027 2938 128
1042 2916 1073 2938 ct
1094 2911 1154 2937 129.

269 2960 283 2978 2
322 2958 387 2986 Seu
403 2960 481 2994 quia
497 2960 590 2987 locus
604 2959 653 2986 eis
668 2959 701 2986 in
716 2958 969 2987 Conversarum
985 2959 1080 2985 domo
1096 2965 1161 2985 non
1176 2955 1261 2985 (rat.
