2047 3179
848 169 932 206 ΑΝ.
965 170 1055 207 1555
1708 171 1781 209 505

145 278 350 317 magnae
380 267 690 307 consolationi
726 275 823 307 tum
857 266 1143 317 parentibus,
1182 272 1279 305 tum
1316 266 1404 305 illis
1441 267 1669 315 omnibus,
1701 268 1779 318 qui

148 338 323 378 factum
345 350 613 389 percepere.
1567 386 1569 388 ,

229 408 497 449 Canonicus
518 409 802 449 Franciscus
822 408 1005 458 Turris,
1030 407 1085 448 de
1107 420 1197 459 quo
1219 408 1336 447 alias
1359 408 1419 448 ad
1445 407 1593 447 Tuam
1624 408 1780 447 Pater-

147 480 340 520 nitatem
362 480 543 530 scripsi,
566 480 755 531 praebet
771 491 863 519 non
879 479 1163 519 mediocrem
1180 478 1554 519 aedificationem
1571 484 1614 518 et
1633 479 1679 518 in
1697 490 1781 518 sua

149 550 361 599 ecclesia,
387 556 430 590 et
453 550 667 590 omnibus
688 550 817 600 locis,
848 550 895 590 in
916 550 1081 600 quibus
1110 555 1341 589 uersatur.
1365 549 1595 589 Dominus
1627 555 1782 589 autem

148 621 213 660 illi
235 622 438 672 adauget
469 622 753 662 desiderium
780 620 1062 661 Societatem
1090 621 1401 671 ingrediendi;
1436 621 1685 671 impeditus
1716 626 1780 660 ta-

148 703 253 732 men
273 691 551 743 quibusdam
569 692 784 743 negotiis,
801 692 846 732 id
864 692 910 732 in
926 692 1298 743 praesentiarum
1313 699 1554 742 praestare
1571 704 1664 731 non
1683 697 1781 743 pot-

147 769 233 802 est.
256 763 319 803 At
339 775 453 803 vero
475 763 520 803 in
544 764 726 804 ratione
748 763 933 803 uiuendi
952 762 1199 803 Societatis
1221 763 1406 813 quidem
1429 768 1512 802 est.

226 832 458 873 Dominus
481 841 639 874 autem
660 834 1058 886 Archiepiscopus
1079 845 1225 884 vsque
1255 834 1371 873 adeo
1394 834 1511 873 bene
1543 833 1598 873 de
1630 832 1784 873 Socie-

147 910 242 944 tate
260 905 415 955 sentit,
436 911 486 944 vt
505 906 579 945 vel
599 905 709 945 mihi
726 905 913 945 iusserit
929 904 1090 944 audire
1108 905 1449 944 confessionem
1469 905 1783 944 auricularem

148 975 458 1026 quarumdam
482 977 756 1017 monialium
773 977 860 1016 sibi
877 976 1185 1016 subditarum.
1207 975 1325 1026 Quia
1344 988 1457 1015 vero
1480 976 1667 1026 percepi
1689 988 1783 1015 non

150 1058 314 1097 parum
333 1048 666 1087 consolationis
684 1048 932 1088 allaturum
945 1047 1267 1088 Dominationi
1285 1060 1412 1094 suae,
1433 1048 1471 1086 si
1489 1059 1569 1086 eas
1586 1046 1781 1087 Sorores

149 1124 399 1169 Vtcumque
413 1120 780 1169 consolaremur,
795 1126 1040 1171 propterea
1056 1120 1225 1159 tradidi
1240 1119 1463 1158 exercitia
1477 1125 1676 1170 quatuor
1688 1129 1784 1158 mo-

149 1190 357 1229 nialium.
381 1189 444 1230 At
465 1189 725 1241 Praefecta,
757 1190 1137 1231 animadvertens
1160 1191 1374 1239 fructum,
1400 1191 1475 1241 qui
1498 1190 1603 1229 inde
1624 1201 1785 1241 seque-

149 1266 292 1311 retur,
320 1268 448 1312 optat
470 1268 519 1300 vt
543 1273 706 1301 omnes
729 1262 941 1302 subditae
958 1262 1181 1302 exercitia
1198 1261 1389 1312 faciant,
1415 1273 1468 1301 ea
1490 1267 1646 1301 tamen
1663 1262 1782 1311 lege,

149 1337 200 1372 vt
221 1332 323 1383 ipsa
345 1333 599 1383 praecedat
619 1344 795 1384 omnes,
816 1334 917 1384 ipsa
935 1345 1048 1374 vero
1067 1333 1291 1384 efflagitat
1311 1346 1336 1373 a
1354 1332 1555 1372 Domino
1572 1332 1784 1383 frequen-

147 1409 218 1443 ter
239 1404 458 1454 dignetur
482 1404 665 1444 mittere
688 1404 779 1444 huc
798 1406 968 1444 multos
988 1404 1168 1445 Patres:
1192 1416 1310 1456 quae
1335 1404 1520 1455 quidem
1549 1403 1615 1454 (vt
1638 1404 1784 1451 aiunt)

149 1481 219 1515 est
241 1472 413 1525 magna
435 1474 523 1514 Dei
547 1475 732 1525 ancilla,
756 1482 799 1514 et
820 1482 890 1515 est
911 1487 1044 1515 soror
1066 1475 1329 1516 Cardinalis
1346 1475 1537 1515 Domini
1555 1475 1786 1526 Gasparis

149 1546 204 1587 de
225 1545 419 1596 Aualos,
443 1545 679 1597 quondam
701 1545 1059 1598 Archiepiscopi
1082 1547 1219 1587 huius
1242 1547 1461 1587 ciuitatis.

228 1617 408 1657 Nouem
431 1623 509 1656 aut
532 1617 693 1657 decem
710 1617 884 1668 petiere
903 1617 949 1657 in
965 1616 1247 1658 Societatem
1265 1617 1460 1665 admitti;
1486 1617 1668 1657 illorum
1690 1624 1786 1657 tres

148 1688 365 1737 sacrifici,
390 1689 630 1728 scholares
654 1689 871 1740 quinque,
895 1689 1001 1729 laici
1024 1689 1128 1729 duo.
1154 1689 1436 1729 Detinentur
1457 1688 1610 1739 modo,
1636 1689 1786 1729 donec

152 1759 272 1800 adsit
295 1758 494 1800 facultas
517 1759 772 1811 recipiendi
795 1771 889 1800 eos.
919 1759 1016 1800 Alii
1036 1761 1176 1800 etiam
1208 1766 1336 1808 sunt,
1360 1767 1404 1800 et
1427 1760 1553 1800 docti
1580 1760 1782 1811 quidem,

150 1831 229 1882 qui
246 1830 439 1882 cupiunt
456 1830 708 1871 Societatis
726 1842 842 1871 esse:
862 1832 1212 1882 praestolantur
1228 1838 1386 1871 tamen
1405 1842 1615 1871 murmur
1632 1831 1786 1881 magis

149 1913 377 1942 sonorum
412 1913 554 1953 quam
589 1902 832 1953 hucusque
867 1902 1124 1942 excitatum
1160 1909 1243 1943 est.
1288 1902 1617 1943 Confessiones
1655 1901 1786 1942 fuere

150 1974 321 2012 multae
344 1979 388 2013 et
416 1974 721 2023 collegarum,
751 1979 796 2012 et
823 1973 1129 2024 scholarium,
1161 1979 1204 2013 et
1232 1980 1572 2022 mercatorum,
1597 1979 1641 2013 et
1661 1973 1785 2013 iuue-

150 2055 282 2094 num,
322 2045 401 2095 qui
434 2044 736 2095 frequentant
758 2050 1070 2085 sacramenta.
1107 2044 1170 2085 At
1205 2056 1427 2084 numerus
1463 2044 1785 2084 confitentium

151 2115 337 2166 crescit,
362 2116 584 2166 quoniam
606 2115 744 2155 Pater
765 2114 896 2166 Ruiz,
920 2115 1103 2167 Hispali
1124 2116 1294 2156 missus
1316 2116 1421 2166 huc,
1441 2127 1513 2155 me
1530 2115 1577 2155 in
1594 2115 1780 2155 audien-

152 2186 225 2226 dis
253 2186 627 2227 confessionibus
650 2187 794 2226 iuuat.

231 2257 333 2298 Non
355 2258 462 2297 licet
484 2258 666 2297 silentio
691 2258 947 2308 praeterire
970 2258 1251 2298 charitatem
1272 2259 1407 2298 simul
1436 2264 1479 2298 et
1508 2258 1786 2298 consolatio-

153 2341 272 2380 nem,
298 2341 389 2380 qua
410 2328 544 2368 Rmus
567 2328 691 2368 D.nus
719 2328 1120 2380 Archiepiscopus
1148 2341 1309 2369 omnes
1337 2329 1473 2369 huius
1497 2329 1701 2369 ciuitatis
1721 2329 1788 2369 vi-

152 2411 230 2440 ros
243 2399 383 2439 afficit
396 2399 600 2450 quadam
617 2399 817 2439 lectione
829 2399 940 2439 Divi
953 2400 1085 2440 Pauli
1097 2400 1156 2440 ad
1168 2400 1426 2450 Hebraeos,
1442 2411 1582 2451 quam
1599 2400 1788 2451 quidem

152 2471 301 2521 docte,
327 2472 452 2510 clare
474 2478 518 2510 et
541 2470 745 2522 proficue
767 2471 950 2522 publice
972 2472 1328 2523 interpretatur3
1355 2472 1413 2511 ad
1435 2483 1576 2522 quam
1597 2477 1784 2523 praesto

150 2548 221 2581 est
244 2553 417 2592 magna
439 2541 679 2582 hominum
696 2542 921 2593 cuiusque
937 2542 1034 2583 fere
1051 2549 1199 2583 status
1217 2542 1492 2594 frequentia.
1513 2542 1593 2582 Est
1612 2554 1786 2594 magna

151 2613 363 2664 profecto
385 2613 522 2653 huius
555 2612 760 2653 Praelati.
788 2613 1041 2654 humilitas
1073 2613 1304 2654 Dominus
1335 2620 1583 2654 conseruet
1605 2625 1711 2654 eum
1741 2619 1785 2653 et

154 2683 357 2723 viuificet
380 2695 506 2734 eum,
531 2690 620 2724 etc.

230 2755 333 2795 Hoc
355 2754 552 2806 denique
583 2763 669 2805 est,
701 2755 840 2795 Pater
861 2756 938 2806 mi,
970 2757 1093 2808 quod
1119 2757 1174 2797 de
1202 2757 1290 2797 hoc
1319 2757 1648 2808 quadrimestri
1679 2762 1787 2797 tuae

150 2825 427 2866 Paternitati
449 2826 556 2866 hinc
584 2826 883 2867 scribendum
911 2838 1013 2867 sese
1043 2827 1191 2868 offert.
1225 2826 1448 2880 Superest
1479 2839 1601 2867 nunc
1629 2834 1787 2868 etate

154 2896 428 2948 efflagitare,
454 2905 498 2938 et
520 2909 546 2936 a
568 2898 785 2938 Patribus
809 2904 852 2938 et
873 2898 1095 2939 fratribus
1117 2900 1407 2940 charissimis
1426 2899 1561 2939 isthic
1580 2899 1787 2950 degenti-

154 2969 261 3017 bus,
301 2981 386 3009 nos
425 2969 567 3009 velint
604 2968 703 3009 Deo
741 2970 910 3009 obnixe
946 2972 1295 3020 commendare,
1333 2982 1528 3021 quorum
1567 2970 1786 3021 precibus
