2047 3179
960 131 1044 168 AN.
1076 132 1168 169 1554
1822 137 1890 173 149

252 228 506 279 exultante,
530 228 727 268 dicebat.
759 227 942 268 Coniux
976 239 1088 267 uero
1116 228 1229 278 eius,
1261 228 1335 268 ubi
1358 241 1462 269 eum
1486 231 1676 270 morbus
1697 232 1883 283 inuasit,

253 297 314 337 ibi
341 309 453 338 suae
489 299 675 338 uirtutis
708 310 802 338 non
829 298 1050 348 exiguam
1077 299 1263 350 reliquit
1302 301 1589 348 memoriam;
1629 301 1887 343 distributis

253 368 389 419 enim,
415 380 532 419 quos
553 380 711 409 secum
740 369 947 420 gerebat,
980 369 1182 408 nummis
1213 369 1421 420 (gerebat
1453 376 1609 410 autem
1635 383 1729 411 non
1751 374 1886 413 ualde

252 439 459 489 paucos),
493 439 548 479 iis
577 439 874 491 pauperibus,
899 450 1016 490 quos
1045 439 1105 479 ad
1127 451 1176 479 se
1206 440 1368 480 uocari
1395 441 1610 491 iusserat,
1636 448 1679 482 et
1702 442 1883 483 decum-

251 509 364 549 bens
385 517 430 549 et
451 511 669 560 moriens,
694 510 739 550 in
763 510 1119 550 admirationem
1148 511 1324 561 pariter
1345 522 1457 551 suae
1478 513 1727 563 probitatis
1748 520 1792 553 et
1813 515 1884 554 de-

250 580 487 620 uotionem
521 581 792 621 uniuersum
827 580 939 620 illud
975 580 1195 632 oppidum
1232 582 1508 622 commouit.
1548 582 1676 623 Deus
1713 590 1883 633 autem,

252 662 344 701 qua
366 652 772 693 commiseratione
793 652 878 692 hos
898 652 1013 691 istos
1034 659 1284 692 conseruat
1305 659 1348 693 et
1366 661 1624 704 promouet,
1658 655 1822 695 eadem
1843 663 1887 696 et

249 721 366 761 alios
387 722 633 774 plerosque
656 723 715 764 ad
735 724 861 763 uiam
881 723 1084 763 iustitiae
1105 730 1313 764 reuocat.

327 791 505 833 Doctor
539 794 728 845 quidam
763 794 1078 845 iurisperitus,
1112 795 1247 834 nobis
1283 801 1390 835 ante
1412 796 1654 847 aduersus,
1678 809 1884 849 eousque

248 869 454 904 mutatus
476 871 558 915 est,
584 872 631 905 ut
652 877 745 905 non
768 865 831 905 illi
853 866 968 905 satis
990 865 1049 905 sit
1072 872 1241 905 octauo
1265 878 1448 918 quoque
1477 867 1549 906 die
1572 869 1887 909 communica-

247 945 312 985 re,
338 940 396 983 et,
420 935 527 975 licet
549 936 685 976 uxori
706 936 765 976 sit
789 936 1054 985 obstrictus,
1080 942 1238 987 sperat
1260 943 1417 977 tamen
1438 937 1537 978 fore
1559 944 1608 978 ut
1628 939 1706 979 illa
1729 951 1884 980 mona-

246 1006 442 1046 sterium
463 1006 665 1058 aliquod,
690 1007 787 1059 ipse
808 1006 1090 1047 Societatem
1111 1015 1336 1058 nostram,
1362 1009 1667 1059 ingrediatur.

325 1076 616 1117 Adolescens
637 1078 840 1130 quidam,
866 1089 1015 1118 annos
1035 1085 1174 1119 natus
1200 1078 1261 1129 19,
1286 1078 1552 1120 Cardinalis
1569 1080 1886 1123 Messanensis

246 1160 305 1188 ex
325 1154 529 1199 cognata
550 1152 709 1201 nepos,
734 1150 939 1201 acceptis
975 1150 1033 1190 ab
1065 1162 1157 1190 uno
1185 1150 1377 1191 Patrum
1404 1158 1672 1192 nostrorum
1710 1154 1882 1194 exerci-

244 1219 335 1270 tiis,
360 1219 468 1260 huic
490 1231 538 1260 se
560 1219 784 1261 Societati
806 1220 994 1271 dicauit,
1018 1220 1210 1272 fierique
1237 1222 1406 1272 poterit
1430 1228 1478 1262 ut
1499 1234 1595 1262 non
1616 1224 1759 1263 multo
1780 1230 1885 1276 post

242 1290 444 1331 Romam
466 1303 515 1332 se
537 1292 764 1333 conferat.

319 1361 437 1402 Tres
472 1363 680 1414 uirgines
710 1364 1046 1404 monasterium
1075 1364 1259 1414 ingredi
1287 1371 1567 1417 statuerunt3
1604 1367 1777 1418 plures,
1815 1374 1882 1408 ta·

240 1433 376 1474 metsi
407 1422 555 1474 nolint
582 1435 704 1474 idem
725 1434 897 1486 facere,
921 1446 1055 1475 suam
1085 1442 1243 1476 tamen
1260 1437 1581 1487 uirginitatem
1602 1437 1703 1478 Deo
1724 1451 1882 1479 conse-

237 1511 446 1545 crarunt.
470 1505 711 1556 Quaedam
732 1513 870 1558 rapta
892 1518 916 1546 e
943 1507 1247 1557 monasterio,
1278 1519 1385 1548 cum
1416 1515 1539 1549 esset
1565 1508 1612 1548 16
1634 1521 1879 1561 annorum,

238 1587 294 1616 ac
315 1582 482 1628 postea
509 1577 555 1617 in
585 1577 944 1617 fornicationem
973 1577 1089 1618 duos
1119 1589 1269 1619 annos
1290 1586 1494 1631 uersata,
1518 1579 1645 1620 facta
1667 1582 1880 1632 generali

235 1647 544 1698 confessione,
582 1648 795 1699 promisit
825 1660 874 1688 se
910 1649 968 1689 ad
1003 1650 1339 1690 monasterium
1374 1651 1527 1691 redire
1558 1652 1692 1703 uelle,
1731 1664 1879 1704 eoque

235 1718 405 1769 animo,
430 1725 479 1758 ut
501 1719 750 1770 credimus,
774 1731 832 1759 ex
851 1719 940 1760 hac
963 1721 1076 1760 urbe
1100 1721 1330 1761 discessit.
1356 1721 1472 1762 Viro
1496 1723 1682 1763 cuidam
1703 1731 1748 1763 et
1779 1724 1878 1764 eius

234 1790 369 1829 uxori
399 1790 598 1830 daemon
620 1796 921 1841 persuaserat
943 1798 1007 1836 ut.
1033 1798 1158 1831 metu
1190 1792 1528 1844 calamitatum,
1561 1800 1879 1835 sacramento-

234 1872 338 1900 rum
358 1872 494 1901 usum
515 1872 707 1912 prorsus
723 1861 1030 1912 negligerent,
1056 1870 1399 1915 caruerantque
1421 1864 1476 1904 iis
1498 1865 1592 1905 iam
1608 1866 1633 1904 5
1654 1872 1735 1906 aut
1756 1865 1780 1905 6
1799 1878 1879 1906 an-

234 1941 334 1981 nos3
358 1932 439 1972 sed
461 1932 747 1983 poenitentia
768 1932 909 1982 ducti,
943 1939 1140 1984 accepta
1170 1934 1477 1984 absolutione,
1511 1942 1555 1975 et
1576 1935 1806 1976 firmiores
1828 1943 1873 1976 et

232 2002 489 2042 alacriores
511 2003 571 2042 ad
592 2014 702 2042 suos
724 2003 973 2043 redierunt.
998 2003 1196 2044 Rediere
1218 2016 1400 2056 quoque
1423 2006 1483 2045 ad
1504 2017 1554 2046 se
1576 2013 1620 2046 et
1642 2007 1699 2046 ad
1720 2006 1873 2047 Deum

230 2085 366 2114 suum
395 2074 680 2125 turpissimis
708 2075 1037 2126 uoluptatibus,
1070 2076 1115 2116 id
1152 2077 1277 2127 quod
1307 2083 1475 2128 patens
1503 2078 1717 2118 omnibus
1748 2084 1866 2125 erat,

231 2144 390 2195 dediti;
414 2156 596 2185 necnon
618 2145 773 2194 etiam,
798 2146 873 2197 qui
896 2158 923 2185 a
946 2147 1100 2186 multis
1124 2147 1258 2186 annis
1280 2147 1484 2188 confessi
1507 2161 1598 2188 non
1622 2156 1769 2199 erant,
1801 2156 1868 2190 at-

231 2228 318 2268 que
336 2217 456 2257 inter
478 2216 564 2255 hos
586 2227 705 2256 unus
725 2216 823 2266 fuit,
839 2217 917 2268 qui
935 2228 984 2257 se
1007 2218 1169 2257 decem
1186 2230 1417 2259 annorum
1434 2220 1586 2270 spatio
1604 2220 1692 2260 hoc
1710 2233 1864 2262 sacra-

230 2295 388 2327 mento
410 2288 682 2339 priuauerat
711 2287 1008 2329 Remiserunt
1025 2289 1103 2329 alii
1125 2290 1246 2339 odia,
1262 2290 1484 2342 alii,quas
1500 2292 1871 2343 habebant,alie-

232 2370 317 2398 nas
338 2370 511 2399 uxores
533 2359 858 2399 amandarunt.
884 2359 975 2400 Sed
997 2361 1113 2401 haec
1143 2361 1244 2412 quis
1271 2362 1418 2413 possit
1440 2363 1680 2414 sigillatim
1710 2376 1863 2416 perse-

230 2430 329 2481 qui?
351 2442 443 2470 vna
470 2442 561 2470 uox
583 2436 668 2481 est,
692 2431 944 2471 multorum
965 2437 1136 2483 tamen,
1160 2433 1248 2472 sibi
1269 2433 1415 2473 uideri
1437 2435 1606 2485 quietis
1628 2436 1802 2487 aliquid
1824 2444 1869 2477 et

230 2501 437 2541 laetitiae
462 2501 717 2552 spiritualis
738 2501 910 2542 sentire
931 2513 1037 2543 cum
1058 2509 1165 2543 sunt
1195 2503 1241 2543 in
1270 2505 1442 2556 templo
1465 2505 1523 2545 D.
1546 2506 1741 2557 Nicolai,
1766 2519 1869 2548 cae-

227 2579 328 2612 tera
349 2572 521 2613 misera
543 2572 908 2624 perturbataque
929 2573 1091 2614 uideri.
1124 2573 1241 2615 Sunt
1270 2575 1411 2616 etiam
1441 2583 1574 2617 extra
1604 2577 1868 2630 Collegium

227 2643 400 2683 multae
425 2642 744 2683 confessiones
766 2644 971 2695 auditae,
995 2650 1093 2685 tum
1115 2645 1162 2685 in
1184 2645 1507 2697 hospitalibus,
1529 2654 1626 2689 tum
1644 2649 1691 2689 in
1712 2650 1867 2701 priua-

232 2715 291 2754 tis
313 2714 543 2755 domibus.

307 2784 403 2826 Nec
424 2798 533 2826 raro
556 2786 736 2826 consilii
757 2786 943 2837 petendi
965 2797 1109 2827 causa
1131 2787 1222 2828 huc
1235 2790 1527 2839 conuenitur‚
1547 2803 1722 2843 perque
1739 2792 1864 2833 hunc

226 2856 417 2897 modum
450 2857 610 2907 multa,
640 2868 760 2908 quae
787 2857 943 2909 inique
973 2858 1307 2909 retinebantur,
1339 2868 1446 2901 sunt
1474 2862 1703 2903 restituta.
1742 2863 1866 2903 R.<11¹S

230 2927 279 2967 P.
313 2927 635 2979 Prouincialis,
665 2928 834 2968 missus
857 2929 913 2968 ad
938 2928 1074 2969 tinem
1103 2929 1209 2982 Julii
1238 2943 1263 2970 a
1287 2931 1490 2984 Prorege
1520 2939 1569 2974 ut
1599 2934 1697 2974 eius
1718 2934 1862 2975 filiam
