2047 3179
224 126 296 163 368
750 128 977 165 LITTERAE
992 138 1351 171 QUADR1MEsTREs

225 223 441 263 manibus
461 224 659 264 alteram
686 224 783 264 uita
819 225 1025 276 priuare,
1057 237 1083 265 a
1119 236 1282 265 sorore
1316 232 1500 276 rogata,
1538 238 1632 267 non
1660 236 1867 269 recusat.

223 293 344 334 Nam
365 293 475 335 dum
507 295 751 336 diabolicis
781 295 977 347 insidiis,
1004 307 1202 347 quarum
1219 295 1405 346 penitus
1425 296 1694 348 inexpertes
1715 306 1864 350 erant,

223 364 448 417 deceptae
470 367 679 414 audiunt,
704 378 854 415 soror,
880 367 1071 407 conscia
1108 377 1284 417 sorore,
1309 378 1359 407 se
1392 368 1560 420 laqueo
1592 369 1639 409 in
1666 371 1782 410 cella
1803 371 1866 410 ui-

222 436 373 487 naria,
394 437 572 489 ignaris
589 438 877 489 parentibus,
897 437 1157 489 suspendit:
1177 444 1222 478 et
1240 450 1346 478 cum
1362 438 1459 479 fere
1473 439 1590 480 duas
1607 440 1749 481 horas
1768 453 1866 482 sus-

221 519 369 560 pensa
408 509 729 561 pependisset,
773 520 799 548 a
840 508 1111 549 domesticis
1152 509 1375 550 collatum
1413 509 1500 551 fuit
1539 511 1767 553 auxilium
1805 514 1862 563 ei,

214 591 337 631 quae
358 582 599 632 propriam
621 581 828 632 speciem
849 587 1043 632 propter
1065 580 1310 631 sanguinis
1333 582 1543 633 corrupti
1571 582 1865 634 nigredinem

210 650 511 702 deposuerat:
536 663 626 702 quo
649 659 808 692 autern
828 657 970 703 pacto
989 650 1047 691 ad
1066 651 1352 692 domesticos
1367 652 1456 693 hoc
1474 654 1689 705 peruenit
1707 653 1864 705 (credo

215 730 373 763 tamen
403 723 532 773 casu)
571 734 642 762 me
680 723 923 774 praeterit;
961 728 1118 763 tamen
1153 723 1475 775 semimortua,
1514 737 1541 765 a
1575 726 1758 777 laqueo,
1789 726 1866 778 qui

213 793 376 834 fauces
411 794 748 845 restringebat,
788 794 1025 846 expedita,
1058 794 1299 835 reuiuixit.
1337 795 1519 836 Deinde
1554 808 1668 837 uero
1704 797 1864 849 (infan-

216 865 365 912 dumt)
387 866 612 917 temporis
635 877 891 917 progressu
919 878 1014 906 non
1035 868 1199 918 multo,
1222 878 1277 907 ea
1298 867 1416 919 ipsa,
1448 879 1568 919 quae
1590 880 1639 909 se
1675 876 1863 921 suspen-

215 936 364 984 derat,
389 937 434 976 in
456 948 684 987 sororem,
710 949 830 989 quae
865 938 913 977 in
935 938 1316 989 desperationem
1350 939 1594 990 inciderat,
1633 941 1864 981 uiolentas

215 1019 382 1048 manus
404 1008 561 1048 iniecit
583 1008 907 1060 interfectura3
930 1009 1012 1049 sed
1034 1009 1139 1060 hoe,
1158 1010 1249 1049 nisi
1270 1016 1442 1061 rogata
1466 1022 1492 1050 a
1521 1010 1770 1063 desperata
1793 1024 1863 1052 so-

213 1090 335 1129 rore,
361 1092 454 1119 non
483 1091 600 1120 ausa
635 1080 799 1120 fuisset
825 1079 1027 1131 facinus;
1062 1081 1183 1133 quod
1203 1081 1369 1133 patuit,
1409 1093 1534 1133 nam,
1558 1083 1667 1123 licet
1691 1089 1762 1123 ter
1784 1090 1863 1124 aut

211 1156 377 1203 quater
398 1151 575 1191 sororis
596 1157 761 1203 pectus
782 1152 998 1192 laesisset
1019 1151 1084 1202 (ut
1115 1152 1411 1194 satisfaceret
1440 1154 1607 1203 sorori)
1644 1155 1859 1206 grauiter

209 1232 367 1274 urceo,
392 1223 605 1263 ultimum
626 1229 785 1263 tamen
805 1224 932 1264 uitae
962 1223 1158 1264 exitium
1187 1230 1463 1276 perpetrare
1489 1226 1702 1266 sororius
1725 1238 1859 1267 arnor

210 1293 577 1346 haudquaquam
598 1295 718 1335 tulit.
744 1293 836 1335 Sed
856 1306 967 1336 ecce
985 1295 1172 1336 cuidam
1203 1307 1262 1336 ex
1297 1297 1474 1337 nostris
1508 1296 1728 1338 Patribus
1751 1310 1860 1338 con-

209 1365 363 1405 fessae
381 1372 503 1414 sunt,
524 1372 568 1406 et
587 1366 645 1406 ab
663 1366 866 1407 inimicis
886 1365 1132 1408 fraudibus
1149 1379 1198 1407 se
1216 1379 1386 1408 cauere
1405 1367 1626 1420 didicere,
1647 1375 1692 1409 et
1710 1370 1858 1421 puris-

208 1437 354 1477 simas
375 1437 558 1477 animas
579 1449 800 1478 cerneres
821 1444 866 1479 et
886 1450 983 1479 non
1004 1438 1234 1479 minorem
1262 1439 1647 1481 deliberationem
1675 1452 1858 1482 summo

211 1509 425 1549 Creatori
445 1509 682 1550 seruiendi
705 1510 915 1562 adeptas.

290 1580 421 1632 Quae
443 1581 571 1621 illam
592 1582 813 1633 puellam,
849 1595 876 1622 a
897 1581 1077 1634 perfido
1101 1583 1290 1624 inimico
1314 1583 1450 1635 falsa,
1476 1582 1665 1636 judaeo,
1690 1585 1859 1637 turpis-

208 1652 315 1692 simi
331 1659 555 1704 quaestus
573 1653 747 1704 gratia,
762 1653 924 1694 inuitis
940 1654 1231 1706 parentibus,
1246 1654 1490 1706 inseruire,
1509 1655 1556 1696 in
1572 1656 1781 1696 animum
1793 1657 1857 1697 in-

209 1724 409 1764 duxerat
431 1735 581 1775 suum,
602 1730 646 1765 et
664 1725 758 1765 iam
774 1726 1105 1765 sanctissimae
1123 1726 1434 1767 consessionis
1451 1726 1858 1768 exhortationibus

207 1802 446 1847 reuocata,
485 1807 667 1836 summa
697 1796 875 1837 laetitia
903 1797 1202 1837 sanctissima
1241 1804 1543 1838 sacramenta
1570 1799 1853 1850 frequentat.

286 1867 491 1920 Tempus
512 1879 615 1908 esse
636 1868 773 1909 uideo
794 1875 845 1908 ut
861 1874 1024 1909 nostro
1051 1869 1257 1909 sermoni
1284 1869 1389 1909 finis
1413 1869 1697 1921 imponatur.
1728 1869 1829 1911 Reli

202 1950 349 1990 vquum
367 1945 437 1980 est
457 1945 507 1980 ut
523 1945 762 1980 tantorum
783 1939 1119 1981 beneficiorum
1141 1940 1198 1981 ab
1221 1941 1450 1981 altissima
1473 1948 1518 1981 et
1540 1940 1597 1981 D.
1631 1941 1691 1982 M.
1731 1942 1854 1982 obla-

204 2016 362 2051 torum
402 2022 650 2062 memores,
692 2010 847 2063 quoad
887 2011 988 2052 fieri
1026 2012 1214 2063 poterit,
1257 2023 1343 2052 nos
1382 2018 1692 2064 praestemus,
1731 2018 1776 2053 et
1810 2014 1853 2053 ei

202 2093 391 2122 omnem
412 2083 639 2123 honorem
661 2083 924 2123 tribuamus
948 2089 992 2123 et
1020 2083 1237 2135 gloriam,
1272 2084 1331 2123 ad
1353 2095 1493 2135 quam
1514 2095 1602 2124 nos
1623 2083 1850 2135 perducat

203 2154 295 2206 ille,
319 2166 408 2206 que
429 2154 546 2195 uiuit
569 2154 615 2194 in
637 2155 828 2195 saecula
849 2155 1163 2195 saeculorum.
1183 2154 1350 2195 Amen.

284 2225 356 2266 Ex
376 2225 566 2266 ciuitate
586 2225 853 2277 Ferrariae,
882 2226 930 2266 14
952 2224 1059 2266 Kal.
1084 2225 1197 2266 Maii
1222 2226 1338 2266 1555.

283 2296 336 2336 T.
360 2296 415 2337 R.
440 2296 489 2337 P.
515 2297 562 2337 in
584 2296 669 2338 X.0
693 2309 875 2349 seruus,

1035 2386 1305 2428 AMBRosms
1335 2385 1630 2427 PULLICINus.

282 2582 638 2635 Sttperscm'ptz'o
662 2583 711 2623 in
740 2587 915 2636 quarta
940 2583 1149 2635 pagina:
1170 2545 1283 2623 sssis.
1308 2581 1424 2623 Rdo.
1452 2582 1499 2622 in
1527 2582 1612 2623 Χ.ο
1638 2582 1686 2624 Ρ.
1710 2583 1839 2623 Dno.

200 2653 384 2704 Ignatio
407 2654 462 2694 de
484 2655 680 2706 Loyola,
706 2655 984 2707 Praeposito
1009 2654 1259 2696 Societatis
1289 2653 1401 2706 Jesu
1430 2655 1642 2704 generali
1671 2654 1844 2706 dignis·

200 2724 336 2764 simo.

281 2794 496 2836 Romam.

283 2865 392 2906 Alia
413 2878 577 2907 mama:
598 2867 713 2908 1555.
750 2868 986 2919 Ferraria,
1011 2868 1160 2920 Quad.
1182 2867 1276 2907 mai
1296 2866 1422 2918 (sic).

281 2937 344 2977 Et
366 2937 480 2977 alsa:
501 2937 554 2978 28
570 2938 617 2978 di
634 2938 812 2990 Aprile.
