2047 3179
164 168 234 204 154
674 169 903 206 LlrrERAE
930 178 1292 212 QUADRIMESTRES

163 265 374 316 proxime
397 265 569 315 elapsis
603 266 739 306 solito
772 266 919 306 maior
956 266 1058 306 fuit.
1090 266 1270 306 Tantus
1305 264 1426 305 enim
1462 262 1804 314 poenitentium

163 336 319 387 coepit
341 347 444 376 esse
464 347 739 388 concursus,
769 343 817 377 ut
849 337 938 389 piis
973 338 1224 377 multorum
1247 336 1368 376 uotis
1394 333 1671 374 satisfacere
1707 334 1801 385 plu-

164 408 256 447 ries
277 407 370 447 iam
402 407 578 448 frustra
609 409 970 459 tentauerimus;
1006 420 1115 448 nam
1147 414 1333 459 praeter
1355 406 1446 446 duo
1469 405 1609 445 certis
1640 405 1802 445 diebus

162 478 484 519 confitentium
520 491 575 519 ac
611 479 1058 520 communicantium
1103 478 1320 519 sodalitia
1363 477 1442 527 (de
1477 476 1644 528 quibus
1679 476 1802 516 infra

162 550 444 590 mentionem
484 550 752 601 faciemus),
796 550 1028 591 accedunt
1067 551 1145 590 alii
1183 556 1280 589 tam
1320 548 1610 600 frequentes,
1661 555 1709 587 ut
1742 559 1800 587 ne

160 633 322 662 omnes
347 621 532 672 quidem
553 628 742 662 nostrae
763 622 929 662 domus
946 621 1217 662 sacerdotes
1235 621 1306 660 his
1328 620 1440 659 solis
1465 618 1797 659 satisfecerint.

161 693 317 733 Taceo
351 694 444 733 iam
479 693 801 734 confessiones
835 694 1100 744 generales,
1140 705 1257 745 quae
1292 698 1450 732 tamen
1487 691 1801 731 creberrimae

157 770 289 815 sunt;
312 770 557 816 praetereo
578 765 688 804 item
710 771 755 804 et
789 776 892 813 eas,
930 776 1048 816 quae
1084 765 1209 804 nullo
1239 763 1336 803 fere
1364 775 1456 803 non
1478 762 1551 803 die
1577 762 1695 803 foris
1724 774 1800 802 au·

161 835 364 875 diuntur.
394 835 721 875 Eucharistiae
755 842 1056 876 sacramenta
1084 835 1161 875 alii
1195 834 1341 884 festis,
1379 833 1457 874 alii
1488 834 1702 883 alternis,
1722 834 1800 874 alii

159 906 358 958 denique
389 906 585 957 singulis
621 907 783 947 diebus
817 905 1131 958 frequentant.
1164 906 1212 946 P.
1250 905 1535 945 Franciscus
1558 904 1567 924 ¹
1590 905 1801 957 pluribus

158 978 400 1029 utriusque
434 989 574 1018 sexus
611 978 837 1017 exercitia
868 978 1129 1029 spiritualia
1175 977 1382 1027 tradidit,
1415 977 1584 1028 quibus
1619 982 1800 1017 tantum

160 1055 425 1100 promotum
447 1054 537 1096 est,
561 1054 610 1088 ut
632 1055 811 1100 septem
846 1048 1051 1089 familiae
1085 1054 1361 1100 perpetuam
1396 1047 1498 1088 Deo
1533 1048 1800 1088 castitatem

159 1120 391 1160 uouerint.
415 1120 542 1160 Idem
577 1120 841 1160 doctrinam
871 1120 1182 1160 christianam
1217 1120 1442 1170 declarat,
1477 1119 1537 1159 ad
1571 1131 1711 1171 quam
1731 1126 1800 1159 tot

160 1191 362 1243 undique
386 1191 645 1242 confluunt,
669 1197 718 1231 ut
740 1192 785 1231 in
819 1191 1012 1232 dubium
1032 1198 1225 1232 uentum
1259 1191 1317 1231 sit
1347 1190 1404 1231 de
1434 1191 1524 1231 loci
1546 1191 1800 1231 commodi-

158 1268 269 1302 tate.
293 1261 343 1302 Ρ.
368 1261 591 1302 Nicolaus
612 1261 625 1280 ‘²
647 1262 812 1302 diebus
833 1262 963 1303 festis
985 1263 1031 1302 in
1061 1263 1234 1303 sacello
1270 1271 1434 1302 nostro
1472 1262 1796 1302 concionatur.

237 1333 343 1374 Duo
365 1334 515 1374 bonae
538 1334 635 1385 spei
652 1334 846 1374 iuuenes
863 1333 1087 1374 Societati
1108 1346 1211 1374 5656
1234 1345 1384 1386 nuper
1400 1333 1644 1374 dederunt.
1663 1333 1722 1373 Hi
1741 1346 1799 1374 ex

167 1405 363 1445 consilio
386 1405 578 1445 Patrum
602 1406 647 1445 in
667 1405 875 1446 Siciliam
895 1405 1093 1457 profecti
1114 1412 1237 1445 sunt.

245 1476 299 1517 R.
322 1476 370 1517 P.
396 1476 615 1517 Andreas
648 1476 677 1526 ³,
701 1477 838 1517 huius
865 1476 1062 1528 Collegii
1096 1477 1284 1528 Rector‚
1311 1489 1452 1518 casus
1481 1478 1801 1519 conscientiae

162 1560 257 1589 non
279 1548 379 1588 sine
400 1559 573 1599 magno
596 1549 849 1588 multorum
871 1550 1185 1589 emolumento
1208 1549 1427 1601 explicat.

238 1619 467 1660 Adiunxit
488 1630 537 1659 56
558 1626 805 1670 praeterea
822 1620 958 1660 nobis
981 1621 1099 1660 alius
1128 1620 1317 1672 quidam
1339 1621 1486 1662 literis
1514 1621 1797 1662 humaniori-

158 1692 265 1741 bus,
288 1696 477 1742 praeter
504 1690 934 1742 iurisprudentiam,
973 1692 1120 1743 probe
1142 1693 1415 1743 instructus,
1440 1704 1496 1732 ac
1524 1692 1693 1744 spiritu
1725 1703 1800 1743 pe-

159 1762 306 1802 rinde.
330 1762 479 1802 Ditati
501 1773 662 1801 sumus
682 1768 727 1801 et
759 1763 946 1802 nouello
972 1763 1232 1813 sacerdote,
1259 1764 1392 1804 cuius
1413 1764 1645 1816 primitias
1669 1763 1724 1803 R.
1747 1763 1798 1803 P.

158 1832 403 1873 Salmeron
419 1831 448 1884 ¹²,
464 1833 603 1873 docto
622 1844 736 1873 sane
751 1834 883 1874 iuxta
899 1845 955 1874 ac
975 1834 1074 1875 utili
1092 1846 1323 1887 sermone,
1340 1841 1473 1876 sexto
1487 1836 1591 1876 idus
1604 1841 1800 1887 septem-

155 1905 262 1944 bres
285 1904 528 1945 decorauit
550 1902 579 1944 ⁵:
603 1904 818 1945 initiandi
840 1911 947 1945 sunt
969 1912 1013 1946 et
1035 1906 1126 1947 alii.
1160 1907 1353 1947 Praeter
1385 1908 1472 1948 hos
1495 1907 1574 1947 alii
1600 1913 1697 1947 tres
1718 1905 1802 1947 So-

156 1976 314 2016 cietati
335 1987 506 2015 nomen
529 1975 777 2026 dederunt3
801 1982 997 2028 quartus
1018 1978 1152 2018 alteri
1173 1978 1391 2029 religioni
1412 1990 1461 2019 se
1484 1978 1679 2019 addixit.
1703 1977 1800 2018 Alii

156 2048 312 2098 plures
329 2046 452 2086 idem
473 2047 668 2087 summis
689 2047 811 2087 uotis
833 2047 1067 2089 affectant.
1104 2049 1244 2090 Faxit
1274 2049 1402 2090 Deus
1437 2050 1541 2102 pari
1573 2049 1798 2090 felicitate

158 2124 524 2169 consequantur.

235 2188 397 2230 Studio
419 2188 612 2229 Patrum
647 2195 918 2230 nostrorum
954 2190 1075 2231 duae
1110 2203 1159 2231 se
1194 2192 1446 2233 societates
1481 2193 1528 2232 in
1563 2192 1653 2233 hac
1684 2193 1799 2233 urbe

154 2261 515 2311 conglobarunt,
541 2261 688 2300 altera
711 2261 936 2312 uirorum,
957 2263 1104 2303 altera
1121 2264 1384 2304 mulierum.
1404 2263 1630 2304 Virorum
1649 2264 1798 2304 consi-

155 2332 267 2371 lium
289 2331 355 2371 sic
373 2330 533 2371 habet:
566 2332 727 2383 quinto
750 2332 932 2372 decimo
955 2345 1138 2385 quoque
1161 2335 1234 2375 die
1269 2335 1592 2376 sacratissimo
1623 2335 1799 2376 Christi

156 2414 352 2453 corpore
375 2414 423 2441 56
445 2403 764 2454 praemunire3
793 2403 897 2444 fidei
918 2411 1109 2445 nostrae
1131 2406 1358 2457 dogmata
1380 2406 1612 2457 rudiores,
1638 2412 1683 2446 et
1706 2418 1797 2446 ma-

158 2474 282 2513 xime
304 2484 475 2524 pueros
512 2480 591 2513 aut
614 2474 884 2515 doctoribus
913 2474 1174 2527 destitutos,
1204 2478 1475 2529 perdocere;
1515 2477 1623 2518 odia
1651 2483 1695 2517 et
1716 2477 1798 2517 ini-

156 2544 373 2593 micitias,
405 2544 571 2595 quibus
607 2545 773 2585 ciuitas
808 2546 925 2586 haec
960 2548 1243 2597 grauissime
1278 2548 1468 2600 flagrat,
1495 2555 1544 2589 ut
1572 2548 1799 2600 quotidia-

153 2626 243 2654 nae
265 2615 434 2655 caedes
454 2616 568 2656 satis
590 2616 851 2667 declarant,
876 2629 1173 2670 componere;
1199 2620 1259 2660 ad
1281 2626 1688 2661 sacramentorum
1710 2619 1797 2660 frc-

212 2752 219 2770 ¹
263 2750 297 2778 Ρ.
313 2750 461 2784 joannes
476 2750 681 2779 Franciscus
696 2753 858 2781 Araldus.

214 2798 227 2817 ⁴2
266 2797 304 2826 P.
325 2798 487 2826 Nicolaus
503 2799 722 2827 Paradensis.

214 2845 228 2863 ⁷»
266 2846 303 2872 P.
319 2846 478 2873 Andreas
494 2847 533 2874 de
550 2847 692 2875 Oviedo.
713 2848 807 2881 Quae
822 2849 861 2876 de
878 2857 917 2877 eo
932 2851 987 2878 hic
1003 2851 1171 2886 dicuntur,
1193 2853 1272 2881 anni
1288 2853 1388 2888 hujus
1403 2852 1538 2880 initium
1553 2855 1724 2886 spectant.

214 2893 228 2912 ‘⁴
268 2893 307 2919 Ρ.
326 2894 523 2928 Alphonsus
538 2894 727 2923 Salmeron.

215 2941 229 2959 ⁵
268 2940 386 2968 Sermo
401 2941 456 2969 hic
471 2942 609 2969 videtur
625 2950 696 2970 esse
720 2944 759 2971 de
784 2944 926 2974 Nicolao
948 2947 1101 2975 Pctrella
1125 2948 1164 2975 de
1190 2948 1272 2976 Itro.
1306 2948 1394 2976 Vide
1416 2948 1567 2975 PoLANcl
1591 2946 1799 2980 Clzrouz'con,

152 2988 546 3023 t,1v,png.1so,n.381.
1571 3003 1574 3005 ’
