2047 3179
853 161 934 198 AN.
960 162 1050 198 1555
1687 162 1758 198 7213

129 262 336 313 generali
357 261 646 302 confessione
668 270 859 299 suorum
880 258 1142 304 criminum,
1164 257 1279 297 adeo
1298 257 1385 297 Dei
1405 270 1563 298 amore
1580 259 1664 298 suit
1683 270 1753 299 ac-

130 346 284 383 censa,
310 340 358 373 ut
379 345 472 373 non
494 333 642 372 solum
664 331 734 371 bis
756 336 836 369 aut
862 336 932 369 ter
962 329 1008 368 in
1036 329 1329 368 hebdomada
1362 329 1586 369 fateretur
1615 336 1660 370 et
1687 342 1755 370 sa-

133 411 431 444 crosanctum
462 402 649 443 Domini
682 402 791 455 Jesu
826 399 1000 440 Christi
1035 398 1217 450 Corpus
1251 401 1393 439 semel
1415 407 1639 451 sumeret,
1677 402 1755 440 sed

134 476 274 514 etiam
304 474 511 514 decreuit
542 485 568 513 a
598 472 894 513 matrimonio
928 471 1178 518 abstinere,
1212 470 1319 510 licet
1349 470 1532 511 dotibus
1563 478 1758 511 naturae

133 545 475 597 quodammodo
497 545 732 584 uideretur
752 542 937 593 impelli,
961 548 1005 581 et
1027 541 1213 592 aliquod
1244 542 1581 581 monasterium
1611 543 1759 593 ingre-

135 617 194 661 di,
230 617 268 656 si
296 616 394 656 fieri
420 621 593 667 posset,
624 614 884 654 seruandae
912 612 1142 653 castitatis
1171 623 1329 662 causa,
1367 612 1491 663 quod
1527 624 1632 652 cum
1668 625 1760 653 non

135 695 231 727 tam
253 687 344 727 cito
365 687 464 726 fieri
486 686 655 738 possit,
685 695 1021 736 saepenumero
1051 695 1157 723 curn
1183 683 1312 722 Patri
1340 683 1533 723 dixisset
1564 695 1613 724 se
1644 685 1762 723 uelle

134 769 310 798 vouere
344 758 445 797 Deo
482 768 617 797 suum
651 757 818 796 viuens
851 766 1021 806 corpus
1054 754 1101 794 in
1137 755 1367 804 castitate,
1403 761 1594 806 propter
1624 767 1763 806 quam

137 840 332 870 causam
352 834 490 878 rogat
511 827 697 867 Patrem
720 833 767 866 ut
790 826 910 866 diem
933 826 1161 876 assignet,
1187 837 1276 877 quo
1304 826 1451 876 possit
1481 837 1615 865 suum
1647 826 1759 866 desi-

136 900 315 940 derium
338 899 606 950 adimplere;
632 899 708 938 illa
730 898 853 937 enim
873 897 937 936 nil
958 908 1041 936 suo
1059 896 1229 936 iudicio
1247 899 1346 936 vult
1368 897 1477 949 quid
1493 897 1664 948 facere,
1685 897 1764 937 Pa-

139 978 209 1011 ter
232 970 389 1010 laudat
411 970 718 1021 propositum,
744 969 798 1008 de
821 968 893 1008 die
916 975 1071 1007 autem
1100 968 1214 1007 nihil
1241 968 1373 1017 dicit,
1403 974 1453 1008 ut
1474 969 1550 1008 illa
1581 968 1766 1019 quando

138 1042 247 1082 uelit
269 1042 425 1088 faciat,
450 1041 574 1092 quod
594 1040 750 1080 facere
773 1046 1016 1090 tantopere
1034 1038 1282 1079 desiderat.

220 1113 337 1152 Cum
359 1112 449 1151 alia
472 1111 636 1151 mulier
662 1111 802 1150 uidua
831 1110 1166 1150 continentiam
1194 1110 1241 1150 in
1268 1110 1452 1150 foedam
1478 1110 1765 1150 incontinen-

138 1184 252 1224 tiam
274 1188 608 1223 commutasset
630 1181 984 1233 quatuordecim
1005 1192 1234 1221 annorum
1255 1182 1430 1232 spatio,
1454 1181 1643 1221 tandem
1674 1181 1764 1221 Do-

140 1255 264 1295 mino
298 1254 570 1305 inspirante,
607 1253 857 1292 admodum
892 1251 1187 1292 desiderabat
1221 1253 1468 1303 quemdam
1498 1258 1767 1292 nostrorum

140 1332 326 1378 patrum
348 1325 613 1373 conuenire,
637 1335 774 1374 quem
795 1323 982 1363 uidebat
1010 1324 1259 1363 multorum
1287 1330 1482 1374 peccata
1510 1325 1764 1367 laxantem}

141 1397 265 1449 quod
287 1408 392 1436 cum
414 1395 587 1435 factum
611 1394 773 1434 fuisset
795 1394 1093 1445 audissetque
1115 1406 1141 1433 a
1165 1394 1302 1434 Patre
1330 1395 1377 1434 in
1408 1406 1547 1446 quam
1575 1395 1769 1445 ancipiti

140 1468 346 1520 periculo
368 1478 442 1506 res
464 1478 576 1506 suae
598 1474 914 1514 uersarentur,
939 1465 1144 1505 decreuit
1164 1466 1446 1515 generaliter
1467 1473 1663 1517 peccata
1684 1478 1768 1506 sua

143 1539 295 1587 fateri3
329 1539 375 1578 in
408 1549 498 1589 qua
533 1536 825 1577 confessione
857 1536 973 1576 adeo
1009 1537 1133 1576 uitae
1168 1543 1413 1577 anteactae
1445 1537 1686 1588 poenituit,
1718 1544 1768 1576 ut

142 1611 331 1651 omnino
355 1610 466 1648 vitia
483 1609 530 1648 in
547 1609 692 1648 bonos
706 1619 858 1647 mores
875 1607 1135 1647 decreuerit
1153 1615 1459 1654 commutare,
1485 1619 1768 1660 quamquam

145 1683 316 1722 acriter
338 1680 493 1720 carnis
524 1679 856 1719 tentationibus
878 1678 962 1718 fuit
982 1685 1092 1718 tunc
1122 1680 1347 1729 temporis
1378 1679 1564 1728 afflicta,
1596 1686 1640 1719 et
1670 1691 1771 1730 pro-

145 1759 247 1804 pter
269 1752 512 1806 honestam
535 1750 735 1790 formam
756 1749 1108 1798 sollicitabatur,
1133 1749 1208 1789 diu
1231 1758 1388 1789 tamen
1417 1750 1462 1789 in
1486 1750 1574 1789 hoc
1605 1762 1771 1802 propo-

144 1823 231 1863 sito
253 1833 546 1874 permanens,
572 1820 689 1860 adeo
712 1832 760 1859 se
782 1832 808 1859 a
830 1820 995 1871 quouis
1019 1828 1212 1870 peccato
1232 1820 1468 1868 abstinuit,
1490 1828 1538 1860 ut
1561 1832 1642 1872 pro
1663 1833 1771 1873 quo-

145 1894 218 1934 uis
231 1893 606 1943 uenialipeccato
621 1891 1016 1931 inconsolabiliter
1034 1890 1163 1930 fleret
1181 1891 1290 1930 dum
1308 1892 1406 1930 eius
1423 1892 1770 1939 recordaretur,

147 1965 295 2005 donec
316 1963 439 2014 patri
461 1962 678 2014 aperiret:
702 1961 845 2012 igitur
866 1961 936 2000 bis
959 1967 1038 2000 aut
1060 1967 1130 2000 ter
1151 1961 1197 2000 in
1214 1961 1511 2001 hebdomada
1527 1962 1775 2002 confiteba-

148 2044 222 2076 tur
243 2041 287 2075 et
307 2035 611 2085 lachrymans
629 2032 1004 2072 communionem
1022 2031 1331 2082 desiderabat,
1352 2039 1396 2072 et
1413 2017 1439 2071 a
1458 2039 1589 2083 patre
1607 2032 1653 2072 id
1670 2044 1775 2073 con-

148 2106 252 2147 cedi
273 2104 577 2155 efflagitabat,
602 2115 741 2155 quam
762 2115 856 2142 non
877 2114 1060 2153 semper
1082 2103 1124 2142 ei
1145 2103 1446 2153 concedebat3
1471 2104 1518 2143 in
1539 2115 1630 2155 qua
1651 2105 1778 2144 vitae

148 2177 381 2229 probitate
403 2176 449 2215 in
472 2175 759 2215 continentia
781 2173 881 2213 Deo
903 2173 1079 2213 seruire
1101 2174 1324 2214 decreuit.

232 2246 474 2298 Quaedam
502 2245 593 2285 alia
622 2245 811 2294 mulier,
843 2255 948 2284 cum
981 2245 1074 2284 iam
1104 2252 1286 2296 tempus
1321 2245 1540 2296 pariundi
1567 2246 1776 2295 instaret,

152 2330 258 2359 cum
281 2316 486 2369 quodam
936 2314 945 2333 ¹
969 2314 1179 2355 confiteri
1201 2316 1361 2367 uoluit,
1385 2317 1464 2368 qui
1485 2328 1591 2357 cum
1611 2327 1780 2367 cogno-

153 2391 298 2430 visset
320 2399 424 2427 eam
445 2387 691 2427 inhoneste
713 2386 985 2437 concepisse
1014 2393 1058 2426 et
1091 2398 1185 2426 non
1212 2387 1365 2427 minus
1396 2387 1688 2438 impudenter
1718 2388 1784 2428 vi-

154 2460 297 2507 xisse,
321 2460 387 2499 ita
407 2458 627 2498 miseram
650 2457 914 2508 perterruit,
940 2463 989 2496 ut
1020 2457 1075 2497 de
1104 2469 1188 2497 sua
1217 2459 1502 2509 sempiterna
1529 2459 1679 2499 salute
1707 2460 1783 2499 ad-

152 2531 342 2570 modum
363 2528 610 2577 dubitaret3
633 2527 779 2567 noluit
801 2527 924 2567 enim
942 2539 1046 2568 eam
1063 2528 1322 2579 absoluere;
1342 2535 1666 2570 verumtamen
1682 2541 1784 2581 pro-

152 2602 374 2653 pinquam
396 2605 595 2638 mortem
616 2599 799 2648 timens,
824 2598 1012 2639 Patrem
1034 2607 1224 2640 nostrae
1246 2599 1496 2641 Societatis
1515 2601 1678 2641 uocari
1696 2600 1784 2641 ius-

149 2673 221 2712 sit:
248 2682 387 2723 quam
408 2669 661 2709 foeminam
683 2680 788 2708 cum
810 2670 875 2709 ita
898 2670 1195 2721 desperatam
1217 2671 1412 2721 videret,
1434 2671 1550 2711 adeo
1569 2683 1672 2712 eam
1691 2673 1787 2712 ani-

150 2743 311 2792 mavit,
336 2748 384 2781 ut
406 2740 668 2780 decreverit
690 2740 878 2779 omnino
901 2740 1086 2780 Christo
1110 2741 1292 2790 uiuere,
1324 2754 1417 2782 non
1452 2743 1789 2794 concupiscen-

150 2813 227 2853 tiis
248 2812 420 2861 carnis,
445 2811 665 2850 descrens
687 2818 960 2858 amatorem,
985 2823 1043 2851 ex
1065 2824 1155 2863 quo
1173 2812 1373 2862 grauida
1392 2813 1517 2853 facta
1540 2813 1638 2864 fuit;
1664 2815 1791 2865 quod

215 2971 225 2990 ¹
263 2970 337 2998 Duo
352 2969 407 2997 hic
422 2970 530 2996 verba
543 2969 638 2996 lineis
654 2976 756 3004 super
768 2970 877 2998 ductis
893 2971 1085 2998 cancellata
1101 2975 1189 3003 sunt.
1209 2979 1267 2998 nec
1285 2972 1351 3007 legi
1369 2977 1521 3007 possunt.
